2602 3928
904 204 1480 261 ΠΟΛΙΤΕΙΑΣ
1516 198 1583 261 ι’.
2127 203 2251 268 295

237 384 462 449 πασιν,
484 355 529 450 ἦ
549 359 616 431 δ’
638 362 732 441 ὅς.
752 361 888 430 Ἴθι
921 362 1027 448 δή,
1062 362 1217 429 τόδε
1251 360 1480 445 ἄθρει·
1527 359 1564 429 6
1599 371 1721 430 τοῦ
1757 365 2038 434 εἰδω’λου
2059 390 2245 453 ποιη-

235 463 375 549 τής,
398 459 434 529 6
454 460 754 548 μιμητής,
778 461 1019 544 φαμέν,
1040 466 1165 526 τοῦ
1183 458 1308 544 μὲν
1329 457 1523 537 ὄντος
1544 457 1749 528 οὐδὲν
1781 463 2012 548 ἐπαΐει,
2035 468 2157 530 τοῦ
2182 463 2255 532 δὲ

237 560 650 647 φαινομένου
665 584 678 597 ·
723 555 846 642 οὐχ
878 554 1119 634 οὕτωςς
1163 562 1317 624 Ναί.
1354 556 1476 642 Μὴ
1514 564 1748 625 τοίνυν
1776 557 2060 646 ἡμίσεως
2091 558 2253 628 αὐτὸ
2291 590 2331 640 0

236 662 703 742 καταλίπωμεν
751 657 997 742 ῥηθέν,
1041 651 1189 723 ἀλλ’
1234 657 1482 734 ἱκανῶς
1520 659 1786 743 ἴδωμεν.
1861 648 2063 744 Λέγε,
2105 665 2255 745 ἔφη.

238 754 631 842 Ζωγράφος,
681 756 921 838 φαμέν,
964 748 1155 871 ἡνίας
1198 774 1270 818 τε
1313 751 1559 839 γράψει
1590 757 1702 821 καὶ
1744 755 2053 840 χαλινόν,
2095 763 2251 824 Ναί.

238 854 516 940 Ποιήσει
556 855 635 921 δέ
663 877 742 938 γε
785 848 1190 935 σκυτοτόμος
1231 853 1346 918 καὶ
1378 850 1686 936 χαλκεύς,
1722 852 1923 921 Πάνυ
1952 879 2048 938 γε.
2113 846 2253 941 Αρ’

240 945 371 1019 οὖν
405 955 636 1034 ἐπαΐει,
676 952 818 1027 οἵας
858 953 963 1016 δεῖ
997 946 1114 1026 τὰς
1151 943 1345 1034 ἡνίας
1381 947 1551 1016 εἶναι
1584 951 1697 1017 καὶ
1734 948 1858 1017 τὸν
1886 951 2183 1037 χαλινόν,
2219 948 2255 1019 ὁ

239 1047 577 1135 γραφεύς;
621 1073 664 1133 η
638 1042 841 1114 ’“οὐδ’
870 1043 907 1112 6
932 1044 1233 1132 ποιήσας,
1257 1043 1298 1112 ὅ
1320 1070 1392 1112 τε
1423 1044 1703 1130 χαλκευς
1733 1046 1912 1116 καὶ
1877 1075 1914 1116 ο
1952 1049 2254 1133 σκυτεύς,

241 1142 391 1213 ἀλλ’
432 1147 701 1228 ἐκεῖνος,
734 1140 942 1228 ὅσπερ
976 1142 1235 1220 τούτοις
1255 1146 1593 1223 ἐπίσταται
1613 1151 1926 1266 χρῆσθαι,
1951 1146 2256 1232 μόνος,ο

241 1242 536 1323 ἰππικόςς
574 1241 1034 1328 Ἀληθέστατα.
1070 1232 1214 1326 Αρ’
1249 1231 1379 1308 οὖν
1400 1239 1484 1307 οὐ
1506 1243 1655 1329 περὶ
1676 1243 1896 1311 πάντα
1926 1242 2102 1311 οὕτω
2124 1244 2260 1330 φή·-

242 1361 452 1429 σομεν
472 1347 676 1426 ἔχειν;
717 1347 909 1421 Πως;
947 1338 1173 1422 Περὶ“”
1134 1355 1419 1407 εκαστον
1449 1339 1695 1419 ταύτας
1728 1340 1914 1420 τινὰς
1947 1354 2122 1429 τρεῖς
2152 1343 2261 1408 τέ·-
2296 1366 2339 1417 n

244 1465 408 1524 χνας
432 1437 622 1522 εἶναι,
642 1439 1084 1524 χρησομένην,
1105 1436 1542 1525 ποιησουσαν,
1567 1443 2057 1526 μιμησομένηνς
2100 1445 2258 1508 Ναί.

249 1533 524 1604 Οὐκοῦν
545 1533 742 1620 ἀρετή
767 1536 880 1602 καὶ
912 1535 1158 1614 κάλλος
1191 1537 1305 1602 καὶ
1334 1532 1626 1622 ὀρθότης
1656 1537 1943 1605 ἑκάστου
1975 1537 2263 1616 σκεύους

243 1637 356 1702 καὶ
377 1631 550 1716 ζῶου
570 1635 683 1701 καὶ
703 1632 1001 1719 πράξεως
1022 1631 1106 1701 ού
1127 1631 1295 1721 πρὸς
1328 1633 1490 1702 ἄλλο
1519 1660 1583 1700 τι
1618 1629 1664 1720 ἢ
1692 1631 1817 1721 τὴν
1850 1641 2082 1720 χρείαν
2103 1638 2261 1719 ἐστί,

244 1730 415 1818 πρὸς
435 1727 523 1816 ἢν
537 1725 631 1801 ἄν
662 1730 944 1798 ἕκαστον
974 1723 1020 1817 ᾗ
1056 1733 1504 1818 πεποιημένον
1537 1728 1584 1817 ἢ
1625 1731 1964 1817 πεφυκόςς
2008 1729 2261 1811 Οὕτως.

243 1824 471 1914 Πολλὴ
507 1825 639 1915 άρα
677 1825 932 1914 ἀνάγκη
968 1825 1088 1896 τὸν
1119 1828 1466 1916 χριόμενον
1500 1828 1756 1917 ἑκάστω
1786 1828 2265 1948 ἐμπειρότατόν

242 1953 313 1998 τε
329 1925 525 2015 εἶναι,
561 1928 674 1996 καὶ
708 1924 1000 2012 ἄγγελον
1015 1934 1370 2013 γίγνεσθαι
1401 1934 1498 2018 τῷ
1532 1935 1792 2017 ποιητῇ,
1818 1923 1926 1996 οἶα
1960 1923 2186 2013 ἀγαθὰ
2220 1921 2265 2014 ἢ,

236 2026 416 2096 κακὰ
444 2030 710 2095 ποιεῖέν
744 2033 827 2113 τῇ
858 2032 1099 2115 χρεία
1073 2050 1128 2091 ω
1161 2034 1435 2112 χρῆται··
1468 2021 1616 2095 οἷον
1648 2024 1937 2114 αὐλητής
1969 2047 2103 2093 που
2137 2023 2267 2094 αύ-

244 2134 497 2215 λοποιῷ
517 2128 883 2211 ἐξαγγέλλει
903 2126 1055 2210 περὶ
1075 2130 1213 2192 τῶν
1234 2122 1483 2210 αυλῶν,
1519 2119 1661 2193 οῖ’
1616 2151 1706 2193 αν
1735 2120 2158 2211 ὑπηρετωσιν
2190 2128 2265 2193 ἐν
2303 2143 2344 2193 Ε

246 2233 344 2313 τῷ
363 2222 617 2310 αὐλεῖν,
638 2252 748 2293 και
728 2222 1052 2303 ἐπιτάξει
1073 2225 1257 2301 οἵους
1286 2228 1393 2291 δεῖ
1405 2237 1640 2306 ποιεῖν,
1665 2219 1703 2291 6
1741 2220 1809 2289 δ’
1842 2219 2259 2309 ὑπηρετήσει.

244 2330 403 2403 Παῖς
426 2322 494 2393 δ’
516 2321 630 2402 οὕ;
670 2319 949 2391 Οὐκοῦν
968 2317 1005 2388 6
1028 2323 1151 2407 μὲν
1170 2321 1362 2401 aconas
1377 2325 1742 2407 ἐξαγγέλλει
1774 2321 1925 2404 περὶ
1954 2328 2261 2407 χρηστῶν

243 2424 356 2491 καὶ
376 2429 693 2509 πονηρῶν
714 2417 969 2503 αύλων,
1013 2416 1050 2487 6
1085 2420 1158 2487 δὲ
1192 2418 1528 2486 πιστεύων
1561 2419 1854 2503 ποιήσει;
1890 2424 2048 2487 Ναί.
2123 2424 2262 2485 Τοῦ

249 2517 460 2587 αὐτοῦ
481 2518 612 2604 α’ρα
633 2518 919 2595 σκεύους
940 2543 976 2584 ο
957 2513 1122 2601 ’μὲν
1153 2515 1428 2602 ποιητὴς
1448 2522 1668 2584 πίστιν
1700 2512 1921 2602 ὀρθὴν
1953 2518 2084 2595 εξει
2112 2516 2262 2597 περὶ

243 2620 536 2697 κάλλους
578 2643 649 2685 τε
680 2619 792 2686 καὶ
831 2625 1198 2736 “OWQ‘QQ
1210 2615 1433 2697 ξυνων
1463 2641 1555 2684 τω
1591 2616 1792 2686 εἰδότι
1823 2617 1936 2683 καὶ
1968 2612 2268 2699 ἀναγκα-

247 2715 519 2804 ζόμενος
554 2712 827 2783 ἀκούειν
858 2712 1039 2798 παρὰ
1071 2720 1198 2781 τοῦ
1242 2713 1521 2792 εἰδότος·
1569 2710 1606 2781 6
1644 2712 1717 2781 δὲ
1751 2738 2087 2799 χρωμενος
2119 2716 2264 2779 ἐπι·
2296 2733 2401 2789 602

247 2815 521 2900 στήμην.
564 2813 766 2881 Πάνυ
783 2838 878 2899 γε.
915 2808 988 2881 Ὁ
1018 2815 1091 2880 δὲ
1122 2812 1403 2900 μιμητὴς
1423 2812 1709 2900 πότερον
1728 2814 1804 2881 ἐκ
1825 2817 1950 2878 τοῦ
1967 2817 2262 2897 χρῆσθαι

246 2911 610 3000 ἐπιστήμην
633 2913 761 2992 ἕξει
785 2902 883 2979 ὧν
901 2907 997 2979 ἂν
1014 2910 1264 3000 γράφῃ,
1298 2920 1429 2980 εἴτε
1456 2908 1627 2980 καλὰ
1648 2911 1758 2978 καὶ
1794 2905 1972 2990 όρθά
1998 2918 2126 2978 εἴτε
2147 2908 2263 2996 μή,

245 3037 287 3095 η
258 3005 516 3089 ”edeam
535 3005 757 3095 ὀρθὴν
783 3008 892 3076 διὰ
924 3006 998 3077 τὸ
1037 3010 1104 3089 ἐξ
1139 3005 1438 3095 ἀνάγκης
1460 3019 1761 3077 συνεῖναι
1792 3032 1885 3074 τω
1922 3006 2122 3075 εἰδότι
2155 3007 2267 3074 καὶ

244 3108 706 3178 ἐπιτάττεσθαι
742 3104 851 3179 οἶα
883 3107 1008 3197 χρὴ
1029 3110 1351 3197 γράφειν;
1394 3106 1747 3196 Οὐδέτερα.
1795 3105 1973 3176 Ουτε
2007 3133 2139 3192 αρα
2172 3116 2273 3174 εὶ·-

246 3226 429 3276 σεται
462 3233 618 3276 ουτε
653 3206 834 3293 ὀρθὰ
870 3210 1133 3289 δοξάσει
1165 3206 1203 3278 6
1235 3206 1518 3296 μιμητὴς
1554 3210 1705 3294 περὶ
1741 3232 1840 3275 ων
1874 3232 1961 3273 αν
1995 3209 2269 3290 μιμῆται

243 3304 411 3388 πρὸς
442 3305 689 3386 κάλλος
720 3301 767 3393 ἦ
810 3317 1157 3427 πονηρίαν.
1206 3305 1353 3374 Οὐκ
1398 3312 1635 3374 ἔοικεν.
1675 3309 1944 3387 Χαρίεις
1981 3326 2070 3367 αν
2103 3310 2202 3385 εἴη
2230 3296 2266 3369 6

244 3403 319 3469 ἐν
352 3408 431 3490 τῇ
471 3402 734 3490 ποιήσει
777 3400 1122 3491 μιμητικὸς
1161 3398 1331 3489 πρὸς
1365 3408 1614 3489 σοφίαν
1647 3399 1800 3486 περὶ
1832 3424 1929 3466 ων
1969 3423 2057 3464 αν
2087 3404 2264 3484 ποιῇ
