2602 3928
926 226 1506 285 ΠΟΛΙΤΕΙΑΣ
1532 215 1600 284 ι’.
2145 221 2268 285 291

256 382 498 469 πότερα
522 386 735 452 έκεῖνο
763 380 925 451 αὐτὸ
948 382 1022 450 τό
1046 385 1121 451 ἐν
1140 388 1221 471 τῇ
1245 381 1446 468 φύσει
1478 383 1758 450 ἕκαστον
1781 387 1967 452 δοκεῖ
1992 403 2100 452 σοι
2127 387 2280 453 ἐπι-

252 494 497 568 χειρεῖν
531 488 880 567 μιμεῖσθαι
911 475 956 567 ἦ
989 478 1071 546 τὰ
1111 505 1248 547 των
1290 482 1719 565 δημιουργων
1759 485 1948 566 ἔργας
1997 480 2094 549 Τὰ
2135 508 2274 550 των

255 582 705 697 δημιουργῶν,
732 582 878 663 ἔφη.
935 568 1096 660 Αρα
1131 569 1239 643 οἶα
1274 580 1453 643 ἔστιν
1481 603 1523 663 η
1499 570 1659 643 ”ola
1694 582 2033 662 φαίνεται,
2078 586 2277 646 τοῦτο

254 674 382 761 γὰρ
423 682 519 744 ἔτι
553 675 870 762 διόρισον.
916 679 1076 752 Πως
1109 674 1350 758 λέγειςς
1394 677 1543 759 ἔφη.
1578 665 1763 741 Ὧδε·
1805 680 2019 761 κλίνη,
2053 674 2173 743 ἐάν
2202 703 2274 745 τε

256 775 330 841 ἐκ
352 777 639 856 πλαγίου
662 768 876 858 αὐτὴν
896 778 1032 859 θεᾷ
1066 770 1188 838 ἐάν
1213 795 1287 838 τε
1308 768 1710 855 καταντικρύ
1728 798 1772 859 η
1799 767 2079 861 ὁπῃοῦν,
2102 771 2194 860 μή
2213 798 2277 841 τι

259 873 559 957 διαφέρει
584 865 752 955 αύτη
776 865 1097 954 ἐαυτῆς,’“
1050 895 1091 954 η
1120 870 1417 954 διαφέρει
1450 867 1573 953 μὲν
1606 864 1828 955 οὐδέν,
1864 876 2171 955 φαίνεται
2205 869 2278 938 δὲ

257 965 526 1050 ἀλλοίας
566 968 678 1036 καὶ
695 959 905 1035 τάλλα
927 962 1274 1047 ὥσαύτωςς
1301 963 1559 1051 Οὕτως,
1584 970 1711 1052 ἔφη
1729 992 1742 1006 ·
1780 971 2105 1054 φαίνεται,
2132 972 2279 1034 δια-

259 1070 446 1152 φέρει
468 1062 532 1131 δ’
560 1060 780 1132 οὐδέν.
832 1069 1048 1131 Τοῦτο
1083 1061 1165 1148 δὴ
1196 1060 1363 1130 αὐτὸ
1399 1062 1659 1130 σκόπει·
1707 1064 1876 1150 πρὸς
1910 1063 2198 1149 πότερον
2216 1074 2270 1150 ἠ
2312 1085 2351 1135 Β

258 1160 554 1250 γραφικὴ
578 1168 925 1248 πεποίηται
943 1164 1094 1247 περὶ
1118 1162 1432 1241 ἕκαστονς
1476 1161 1726 1244 πότερα
1747 1160 2009 1249 πρὸς,τὸ
2045 1160 2150 1247 ὅν,
2189 1160 2280 1241 ὥς

266 1267 415 1345 ἔχει,
450 1260 889 1347 μιμήσασθαι,
932 1253 977 1344 ἦ
1019 1257 1186 1346 πρὸς
1227 1255 1303 1326 τὰ
1350 1257 1784 1345 φαινόμενον,
1821 1256 1912 1338 ὥς
1946 1265 2275 1346 φαίνεται,

267 1357 732 1444 φαντάσματος
772 1352 818 1443 ἦ
856 1353 1175 1441 ἀληθείας
1216 1347 1389 1423 οὖσα
1426 1361 1722 1443 μίμησις;
1779 1357 2274 1444 Φαντάσματος,

259 1462 406 1542 ἔφη.
448 1455 697 1541 Πόρρω
731 1454 863 1542 ἄρα
896 1478 1030 1522 που
1060 1461 1185 1522 τοῦ
1216 1451 1518 1540 ἀληθοῦς
1546 1450 1588 1541 ἡ
1623 1454 1935 1542 μιμητική
1969 1458 2104 1524 ἐστι
2144 1463 2276 1542 καί,

266 1550 355 1632 ὥς
388 1559 581 1636 ἔοικε,
619 1550 729 1620 διὰ
762 1559 961 1620 τοῦτο
996 1551 1213 1619 πάντα
1261 1548 1711 1639 ἀπεργάζεται,
1752 1552 1855 1620 ὅτι
1883 1555 2172 1639 σμικρόν
2215 1581 2278 1620 τι

263 1651 541 1719 ἑκάστου
567 1649 943 1737 ἐφάπτεται,
973 1651 1085 1718 καὶ
1105 1656 1304 1717 τοῦτο
1328 1654 1623 1717 εἴδωλον.
1683 1645 1828 1719 οἷον
1848 1647 1885 1720 ὃ
1910 1652 2274 1737 ζωγράφος,

263 1751 504 1834 φαμέν,
535 1746 961 1835 ζωγραφήσει
980 1743 1139 1834 ἡμῠν
1161 1747 1600 1835 σκυτοτόμον,
1633 1751 1931 1835 τέκτονα,
1965 1750 2124 1828 τούς
2155 1748 2278 1818 ἀλ·-

263 1855 424 1926 λους
446 1844 913 1933 δημιουργούς,
936 1847 1085 1929 περὶ
1120 1842 1401 1925 οὐδενὸς
1422 1844 1680 1915 τούτων
1712 1851 1969 1916 ἐπαΐων
1989 1855 2128 1915 τῶν
2168 1873 2276 1915 τε·-
2313 1869 2352 1920 c

258 1952 468 2033 χνῶν·
511 1940 659 2012 ἀλλ’
707 1941 885 2030 ὅμως
918 1942 1159 2023 παῖδάς
1191 1969 1263 2012 τε
1296 1945 1408 2014 καὶ
1432 1944 1736 2031 ἄφρονας
1756 1943 2184 2033 ἀνθρώπους,
2224 1951 2284 2014 εἰ

264 2040 522 2129 ἀγαθὸς
548 2052 648 2130 εἴη
675 2041 1054 2128 ζοηιράφος,
1062 2042 1326 2129 γράψας
1346 2040 1436 2111 ἀν
1454 2046 1728 2113 τέκτονα
1766 2046 1879 2113 καὶ
1915 2044 2280 2132 πόρρωθεν

261 2139 633 2219 ἐπιδεικνὺς
680 2143 979 2230 ἐξαπατῷ
1025 2133 1114 2207 ἀν
1153 2148 1248 2229 τῷ
1297 2146 1519 2210 δοκεῖν
1565 2139 1653 2220 ὥς
1694 2138 1966 2228 ἀληθῶς
2003 2146 2278 2210 τέκτονα

265 2238 451 2308 εἶναι.
505 2244 590 2306 Τί
619 2234 680 2305 δ’
721 2237 837 2317 οῧ;
879 2236 1070 2307 Ἀλλὰ
1098 2236 1253 2324 γάρ,
1283 2236 1483 2326 οἶμαι,
1520 2232 1575 2307 ω’
1601 2246 1775 2325 φίλε,
1802 2240 1957 2308 τόδε
1993 2245 2099 2308 δεῖ
2128 2244 2280 2327 περὶ

263 2334 538 2404 πάντων
575 2342 713 2403 τῶν
755 2333 1078 2403 τοιούτων
1138 2339 1580 2404 διανοεῖσθαι·
1650 2334 1918 2405 ἐπειδάν
1974 2363 2070 2415 τις
2120 2335 2280 2424 ἡμῖν

263 2431 643 2521 ἀπαγγέλλῃ
677 2440 834 2519 περί
862 2458 1003 2516 του,
1043 2430 1133 2512 ὡς
1168 2437 1471 2518 ἐνέτυχεν
1502 2431 1880 2554 ἀνθρώπῳ
1884 2431 2097 2513 πάσας
2134 2439 2278 2503 ἐπι-

262 2536 560 2619 σταμένφ
588 2557 707 2609 τας
727 2534 1156 2616 δημιουργίας
1181 2531 1301 2599 καὶ
1335 2524 1540 2610 τᾶλλα
1575 2532 1813 2617 πάντα,
1838 2529 1964 2599 οσα
1999 2527 2091 2610 εἷς
2122 2534 2281 2600 ἔκα-

261 2649 415 2709 στος
436 2628 635 2713 οἶδεν,
662 2626 923 2697 οὐδὲν”
884 2655 919 2697 ο
944 2655 1007 2697 τι
1029 2626 1173 2715 οὐχὶ
1197 2626 1723 2716 ἀκριβέστερον“
1691 2637 1982 2698 οτουοῦν
2011 2633 2277 2700 ἐπιστα-
2313 2654 2356 2703 D

261 2730 460 2816 μένῳ,
482 2723 985 2812 ὑπολαμβάνειν
1007 2730 1114 2794 δεῖ
1135 2733 1230 2816 τῷ
1260 2727 1566 2817 τοιούτῳ,
1603 2725 1707 2795 ὅτι
1740 2724 1992 2814 εὐήθης
2030 2754 2128 2807 τις
2153 2727 2277 2796 ἄν·

265 2834 555 2912 θρωπος,
592 2823 725 2909 καί,
764 2820 855 2903 ὥς
889 2828 1124 2909 ἔοικεν,
1161 2824 1458 2911 ἐντυχών
1492 2825 1690 2912 γόητί
1718 2851 1848 2894 τινι
1887 2829 2001 2894 καὶ
2032 2835 2279 2914 μιμητῇ

260 2923 670 3009 ἐξηπατήθη,
717 2920 887 2991 ωστε
929 2927 1152 3003 ἔδοξεν
1196 2921 1378 3012 αύτῷ
1427 2922 1778 3009 πάσσοφος
1820 2921 2007 3010 εἶναι,
2049 2922 2158 2992 διὰ
2200 2924 2273 2992 τὸ

261 3018 463 3099 αὐτὸς
502 3020 590 3107 μὴ
624 3015 762 3100 οἷός
794 3017 852 3087 τ’
893 3018 1062 3089 εἶναι
1109 3021 1473 3109 ἐπιστήμην
1505 3022 1618 3090 καὶ
1653 3019 2277 3111 ἀνεπιστημοσύνην

258 3119 371 3187 καὶ
406 3123 678 3204 μίμησιν
713 3115 1024 3198 ἐξετάσαι.
1062 3115 1526 3205 Ἀληθέστατα,
1562 3115 1710 3206 ἔφη.

428 3220 530 3282 ΠΙ.
603 3216 909 3299 Ούκοῦν,
951 3210 1039 3302 ἦν
1049 3215 1149 3283 δ’
1186 3218 1349 3303 ἐγώ,
1396 3217 1557 3304 μετὰ
1612 3227 1809 3286 τοῦτο
1853 3220 2278 3287 ἐπισκεπτέον

257 3312 383 3401 τήν
440 3322 510 3382 τε
570 3267 948 3403 τραγῳδίάν
998 3317 1110 3383 καὶ
1170 3316 1290 3383 τὸν
1352 3312 1650 3402 ηγεμόνα
1706 3315 1908 3402 αὐτῆς
1959 3315 2274 3402 Ὅμηρον,

257 3412 483 3500 ἐπειδή
525 3439 742 3481 τινων
799 3411 1166 3500 ἀκούομεν,
1213 3413 1316 3482 ὅτι
1357 3405 1545 3482 οὗτοι
1600 3415 1811 3492 πάσας
1866 3414 1990 3499 μὲν
2048 3416 2278 3499 τέχνας

1858 3507 1971 3565 19*
