2602 3928
323 189 446 254 182
770 144 773 146 ’
1073 188 1646 247 mmmmm:

321 353 440 440 ρὴς
472 359 553 440 τῇ
595 359 807 438 ψυχῇ;
866 356 948 417 Τί
988 347 1054 417 δ’
1093 347 1176 417 ού
1220 352 1476 435 μέλλεις
1519 352 1664 436 ἔφη.
1733 349 2191 435 Βουλήσονται
2234 350 2341 438 δή,

322 449 522 536 οἶμαι,
555 448 739 538 αὐτῷ
759 457 1068 535 χρῆσθαι,
1105 447 1375 516 ἐπειδὰν
1406 446 1857 534 πρεσβύτερος
1887 454 2210 535 γίγνηται,
2236 451 2344 519 ἐπὶ

317 548 397 617 τὰ
421 543 649 615 αὐτῶν
671 547 1026 632 πράγματα
1059 548 1130 613 οἳ
1156 570 1227 612 τε
1261 548 1491 613 οἰκεῖοι
1525 545 1637 613 καὶ
1670 548 1741 613 οἱ
1769 553 2046 615 πολῖται.
2092 554 2252 626 Παῖς
2274 543 2336 615 δ’

233 659 272 712 0
319 644 433 726 οῦς
468 642 962 714 ’Τποκείσονται
982 643 1114 730 ἄρα
1148 644 1452 728 δεόμενοι
1489 645 1600 711 καὶ
1633 650 1970 730 τιμῶντες,
2005 666 2345 730 προκατα-

320 744 772 832 λαμβάνοντες
795 745 906 811 καὶ
944 741 1555 829 προκολακεύοντες
1575 740 1700 828 τὴν
1722 746 2098 829 μέλλουσαν
2128 739 2341 811 αὐτοῦ

320 842 629 928 δύναμιν.
674 849 870 911 Φιλεϊ
882 848 1074 927 γοῦν,
1113 846 1264 927 ἔφη,
1300 837 1478 907 οὕτω
1510 846 1881 926 γίγνεσθαι.
1932 848 2016 909 Τί
2041 833 2168 909 οὖν
2196 850 2342 926 οἴει,

323 933 409 1027 ἦν
432 938 497 1008 δ’
522 940 674 1027 ἐγώ,
699 938 818 1008 τὸν
839 947 1147 1007 τοιοῦτον
1166 941 1240 1007 ἐν
1261 951 1398 1017 τοῖς
1418 939 1746 1020 τοιούτοις
1766 939 2089 1027 ποιήσειν,
2125 938 2345 1020 ἄλλως

318 1065 389 1108 τε
421 1041 531 1107 καὶ
565 1036 686 1107 ἐὰν
712 1037 876 1125 τύχῃ
909 1035 1197 1124 μεγάλης
1218 1034 1472 1116 πόλεως
1495 1032 1592 1105 ὦν
1619 1040 1731 1105 καὶ
1763 1040 1836 1106 ἐν
1878 1037 2087 1125 ταύτῃ
2130 1037 2345 1106 πλού-

321 1138 461 1216 σιός
495 1163 565 1204 τε
599 1138 710 1205 καὶ
747 1148 1074 1224 γενναῖος,
1119 1139 1236 1204 καὶ
1270 1141 1366 1204 ἔτι
1409 1132 1667 1224 εὐειδὴς
1688 1139 1797 1206 καὶ
1824 1141 2057 1225 μέγαςς
2101 1130 2213 1224 ἆρ’
2259 1134 2343 1205 οῦ

320 1234 895 1323 πληρωθήσεσθαι
916 1233 1259 1322 ἀμηχάνου
1280 1239 1562 1321 ἐλπίδος,
1574 1233 1957 1322 ἡγούμενον
1977 1239 2089 1304 καὶ
2103 1235 2184 1325 τά
2206 1244 2344 1305 τῶν

308 1330 647 1419 Ἑλλήνων
668 1331 879 1400 καὶτὰ
904 1340 1039 1401 τῶν
1059 1330 1425 1420 βαρβάρων
1446 1332 1686 1401 ἰκανὸν
1708 1340 1984 1403 ἔσεσθαι
2005 1335 2339 1421 πράττειν,

240 1445 284 1497 D
316 1436 428 1503 καὶ
462 1435 568 1501 ἐπὶ
601 1431 863 1511 τούτοις
896 1428 1159 1519 ὑψηλὸν
1188 1436 1445 1518 ἐξαρεῖν
1477 1428 1704 1518 αὑτόν,
1746 1434 2345 1519 σχηματισμοῦ-καὶ

317 1531 749 1617 φρονήματος
790 1537 996 1598 κενοῦ
1043 1527 1208 1598 ἄνευ
1251 1537 1382 1598 νοῦ
1422 1529 1952 1616 ἐμπιπλάμενον;
1993 1530 2126 1597 Καὶ
2159 1528 2341 1615 μάλ’,

317 1634 467 1717 ἔφη.
518 1636 629 1713 Τῷ
652 1627 731 1716 δὴ
759 1627 934 1697 οὕτω
958 1631 1397 1718 διατιθεμένῳ
1427 1628 1547 1696 ἐάν
1567 1654 1666 1709 τις
1697 1628 1908 1715 ἠρέμα
1942 1626 2340 1712 προσελθών

319 1727 582 1815 τάληθῆ
604 1731 784 1818 λέγῃ,
816 1726 919 1796 ὅτι
942 1736 1105 1807 νοῦς
1126 1726 1252 1795 οὐκ
1276 1732 1534 1796 ἔνεστιν
1555 1724 1759 1818 αὐτῷ,
1796 1731 2000 1795 δεῖται
2038 1729 2132 1813 δέ,
2167 1726 2241 1795 τὸ
2267 1728 2338 1794 δὲ

303 1824 401 1895 οὐ
426 1824 671 1914 κτητὸν
694 1824 782 1913 μὴ
810 1826 1248 1895 δουλεύσαντι
1283 1834 1367 1912 τῇ
1399 1825 1624 1913 κτήσει
1656 1821 1889 1913 αὐτοῦ,
1923 1818 2037 1913 ἆρ’
2075 1823 2343 1903 εὐπετὲς

316 1934 440 1995 οἴει
473 1923 642 1994 εἶναι
686 1930 1070 1994 εἰσακοῦσαι
1113 1921 1223 1993 διὰ
1267 1924 1614 1994 τοσούτων
1655 1930 1915 2004 κακῶνς
1957 1929 2228 1993 Πολλοῦ
2265 1948 2342 2010 γε

316 2016 504 2110 δεῖ,
459 2051 500 2109 η
540 2021 600 2092 δ’
637 2022 729 2102 ὅς.
769 2021 922 2091 Ἐἂν
944 2022 1007 2092 δ’
1047 2050 1196 2111 ουν,
1235 2017 1323 2111 ἦν
1355 2022 1415 2093 δ’
1459 2026 1611 2111 ἐγώ,
1633 2022 1742 2092 δια
1767 2022 1842 2092 τὸ
1870 2050 1947 2092 ευ
1923 2016 2342 2110 πεφυκέναι

242 2140 284 2192 Ε
321 2124 434 2189 καὶ
458 2121 531 2189 τὸ
570 2119 876 2206 ξυγγενὲς
895 2129 1034 2190 τῶν
1054 2120 1276 2208 λόγων
1297 2117 1389 2203 εἷς
1411 2124 1815 2210 αἰσθάνηταί
1834 2126 1910 2191 τε’
1925 2147 2017 2211 πῃ
2039 2124 2150 2192 καὶ
2170 2122 2340 2209 κάμ-

320 2243 558 2306 πτηται
577 2220 688 2286 καὶ
719 2221 983 2308 ἕλκηται
1013 2220 1181 2307 πρὸς
1212 2228 1641 2307 φιλοσοφίαν,
1664 2227 1735 2289 τί
1760 2222 2047 2308 οἰόμεθα
2065 2219 2339 2308 δράσειν

315 2321 613 2396 ἐκείνους
628 2318 785 2397 τούς
804 2314 1221 2406 ἡγουμένους
1244 2318 1619 2389 άπολλύναι
1642 2318 1857 2389 αὐτοῦ
1875 2319 2001 2407 τὴν
2018 2326 2246 2408 χρείαν
2266 2344 2340 2387 τε

316 2418 428 2496 καὶ
448 2417 808 2503 ἑταιρείανς
851 2417 936 2485 οὐ
957 2426 1093 2486 πᾶν
1113 2421 1237 2503 μὲν
1258 2424 1479 2505 ἔργον,
1503 2424 1643 2486 πᾶν
1664 2415 1730 2487 δ’
1756 2423 1912 2497 ἔπος
1931 2417 2244 2503 λέγοντάς
2263 2443 2333 2485 τε

315 2518 427 2584 καὶ
447 2514 858 2602 πράττοντας
879 2520 988 2586 καὶ
1023 2519 1173 2605 περὶ
1209 2515 1439 2603 αὐτόν,
1471 2516 1653 2595 ὅπως
1685 2511 1772 2583 ἄν
1804 2513 1894 2603 μὴ
1921 2524 2190 2604 πεισθῇ,
2222 2517 2335 2585 καὶ

313 2616 470 2699 περῖ
484 2613 608 2683 τόν
639 2614 1051 2700 πεύθοντα,”
1010 2639 1191 2695 οπως
1221 2642 1312 2683 αν
1346 2615 1434 2704 μὴ
1474 2609 1612 2695 οἷός
1651 2613 1714 2682 τ’
1759 2606 1824 2701 ᾖ,
1867 2617 1978 2683 καὶ
2018 2617 2153 2704 ἰδία
2193 2617 2342 2682 ἐπυ-

175 2741 279 2798 495
312 2714 762 2800 βουλεύοντας
778 2716 888 2783 καὶ
903 2718 1185 2803 δημοσίᾳ
1198 2711 1338 2793 εἰς’
1299 2722 1565 2800 αγοῖνας
1579 2712 2058 2791 καθιστάντας·
2041 2761 2061 2794 ,
2082 2711 2334 2799 Πολλή,

310 2838 352 2897 η
330 2801 444 2878 δ’
472 2812 565 2898 ὃς,
590 2810 869 2898 ἀνάγκη.
896 2812 1125 2880 ’Έστιν
1138 2839 1267 2881 ουν
1285 2810 1466 2892 ὅπως
1487 2809 1523 2881 ὁ
1536 2819 1845 2892 τοιοῦτος
1858 2810 2361 2898 φιλοσοφήσεις-

319 2906 421 2976 Οὐ
445 2908 650 2976 πάνυ.

620 3000 1180 3032 ςςςςς

309 3103 443 3191 ἄρα
486 3108 596 3174 καὶ
639 3102 808 3173 αὐτοὶ
842 3102 924 3173 τὰ
966 3113 1080 3194 τῆς
1125 3105 1507 3193 φιλοσόφου
1538 3104 1806 3192 φύσεως
1840 3110 2026 3192 μέρη,
2061 3103 2226 3173 ὅταν
2262 3108 2338 3174 ἐν

310 3213 484 3294 κακῇ
517 3214 735 3293 τροφῇ
765 3209 1054 3294 γένηται,
1088 3216 1263 3276 αἴτια
1295 3207 1551 3289 τρόπον
1581 3204 1732 3274 τινὰ
1766 3211 1890 3274 τοῦ
1922 3208 2223 3272 ἐκπεσεῖν
2259 3207 2333 3274 ἐκ

308 3310 430 3371 τοῦ
460 3302 991 3393 ἐπιτηδεύματος,
1026 3308 1138 3373 καὶ
1169 3302 1250 3373 τὰ
1293 3304 1620 3391 λεγόμενα
1663 3302 1912 3391 ἀγαθά,
1941 3307 2228 3371 πλοῦτοί
2259 3327 2333 3370 τε

307 3402 418 3470 καὶ
452 3409 630 3471 πᾶσα
674 3400 716 3491 ἡ
752 3404 1025 3492 τοιαύτη
1068 3403 1491 3492 παρασκευή;
1536 3400 1640 3471 Ού
1682 3403 1835 3490 γάρ,
1881 3399 2030 3470 ἀλλ’
2078 3396 2330 3488 ὀρθῶς,
