2602 3928
230 258 296 310 21
401 329 408 334 .
1048 247 1502 306 TIMA102.
2114 244 2239 306 339

231 405 396 494 πρὸς
424 411 631 493 μέσην
654 407 972 490 ἑκατέραν
1003 403 1316 491 ἀλλήλαις
1347 400 1494 473 οἷον
1524 419 1593 492 χῖ
1619 404 2022 493 προσβαλῶν
2048 412 2240 476 κατέ-

231 517 513 591 καμψεν,
538 509 630 581 εἰς
653 506 730 570 ἓν
748 502 975 591 κύκλῳ
1000 503 1297 583 ξυνάψας
1322 499 1550 583 αὐταῖς
1581 529 1652 571 τε
1685 507 1795 572 καὶ
1831 501 2141 590 ἀλλήλαις
2167 508 2241 574 ἐν
2271 516 2309 568 c

228 611 325 691 τῷ
364 599 769 687 καταντικρύ
810 609 928 687 τῆς
971 609 1371 688 προσβολῆς,
1409 604 1518 670 καὶ
1559 611 1642 689 τῇ
1683 601 1849 672 κατὰ
1883 600 2089 672 ταύτὰ
2129 607 2242 672 καὶ

229 703 303 767 έν
343 698 563 787 ταύτῷ
615 699 1062 785 περιαγομένῃ
1102 698 1357 785 κινήσει
1402 703 1584 782 πέριξ
1606 697 1832 781 ἀὐτὰς
1873 707 2088 788 ἔλαβε,
2133 705 2243 770 καὶ

231 794 350 863 τὸν
372 796 495 882 μὲν
530 800 673 879 ἔξω,
695 791 816 863 τὸν
841 793 906 862 δ’
940 793 1125 874 ἐντὸς
1150 798 1428 864 ἐποιεῖτο
1461 802 1598 864 τῶν
1629 797 1917 866 κύκλων.
1961 797 2084 885 τὴν
2119 799 2242 884 μὲν

229 886 359 961 οὖν
382 897 503 972 ἔξω
529 889 754 978 φορὰν
772 893 1176 978 ἐπεφήμισεν
1199 892 1368 960 εἶναι
1390 901 1506 979 τῆς
1526 892 1775 963 ταύτοῦ
1809 897 2094 982 φύσεως,
2116 894 2240 982 τὴν

234 991 304 1058 δ’
350 989 534 1068 έντὸς
562 997 675 1074 τῆς
716 994 1027 1075 θατέρου.
1090 988 1216 1078 τὴν
1258 995 1381 1077 μὲν
1424 990 1504 1076 δὴ
1534 990 1784 1060 ταύτοῦ
1825 995 1990 1062 κατὰ
2037 1002 2244 1062 πλευ-

232 1087 360 1171 ρὰν
381 1091 484 1156 ἐπὶ
508 1084 686 1167 δεξιὰ
708 1086 1085 1175 περιήγαγε,
1110 1088 1233 1175 τὴν
1254 1088 1328 1156 δὲ
1360 1092 1655 1173 θατέρου
1688 1091 1854 1159 κατὰ
1891 1094 2242 1178 διάμετρον

233 1183 335 1252 ἐπ’
358 1182 694 1271 ἀριστερά,
719 1184 959 1271 κράτος
983 1184 1047 1252 δ’
1074 1189 1280 1253 ἔδωκε
1316 1194 1397 1274 τῇ
1434 1185 1686 1255 ταύτοῦ
1718 1190 1830 1256 καὶ
1855 1186 2090 1274 ὁμοίου
2122 1215 2245 1258 πε-

145 1323 151 1328 ·
234 1291 512 1371 ριφορᾷ·
556 1290 715 1368 μίαν
755 1281 885 1368 γάρ
913 1279 1145 1369 αὐτὴν
1186 1282 1500 1368 ἄσχιστον
1543 1294 1742 1371 εἴασε,
1787 1286 1914 1371 τὴν
1957 1284 2023 1353 δ’
2062 1284 2247 1365 ἐντὸς
2279 1303 2323 1352 D

232 1387 456 1465 σχίσας
478 1381 669 1468 ἑξαχῆ
689 1377 849 1449 ἑπτά
869 1380 1162 1460 κύκλους
1192 1378 1464 1460 ἀνίσους
1497 1380 1663 1450 κατὰ
1696 1381 1820 1470 τὴν
1852 1392 1974 1452 τοῦ
2012 1388 2246 1451 διπλα-

233 1486 383 1545 σίου
399 1480 515 1545 ’καὶ
535 1484 926 1559 τριπλασίου
949 1479 1297 1546 διάστασιν
1319 1479 1623 1564 έκάστην,
1654 1475 1882 1548 οὐσῶν
1917 1482 2247 1566 ἑκατέρων

235 1582 472 1660 τριῶν,
529 1573 695 1642 κατὰ
742 1573 1059 1643 τάναντία
1109 1575 1232 1662 μὲν
1286 1574 1595 1661 ἀλλήλοις
1636 1579 2036 1660 προσέταξεν
2079 1579 2249 1646 ἰέναι

234 1671 394 1751 τοὺς
419 1672 732 1757 κύκλους,
753 1672 934 1759 τάχει
957 1674 1029 1742 δὲ
1058 1688 1232 1759 τρεῖς
1265 1673 1389 1758 μὲν
1422 1671 1682 1760 ὁμοίως,
1720 1671 1879 1753 τοὺς
1917 1674 1989 1743 δὲ
2023 1667 2253 1741 τέττα-ἑ

235 1793 355 1854 ρας
376 1767 679 1854 ἀλλήλοις
699 1772 810 1838 καὶ
830 1784 966 1848 τοῖς
984 1774 1199 1859 τρισὶν
1234 1768 1582 1858 ἀνομοίως,
1620 1774 1694 1838 ἐν
1728 1772 1906 1860 λόγῳ
1947 1771 2018 1839 δὲ
2042 1797 2250 1857 φερο-

234 1870 495 1952 μένους.
696 1934 708 1943 ,

400 1969 500 2032 lx.
543 1962 711 2033 Ἐπεὶ
756 1967 828 2033 δὲ
869 1961 1035 2033 κατὰ
1082 1972 1251 2033 νοῦν
1295 1974 1391 2054 τῷ
1433 1966 1811 2047 ξυνιστάντι
1844 1973 2023 2033 πᾶσα
2055 1963 2096 2052 ἡ
2135 1974 2251 2053 τῆς

231 2069 444 2150 ψυχῆς
458 2063 764 2143 ξύστασις
784 2065 1150 2149 ἐγεγένητο,
1173 2061 1335 2149 μετὰ
1351 2070 1549 2132 τοῦτο
1571 2070 1708 2130 πᾶν
1725 2062 1800 2131 τὸ
1815 2064 2252 2150 σωματοειδὲς

234 2161 421 2239 ἐντὸς
441 2158 646 2247 αὐτῆς
664 2164 1067 2229 ἐτεκταίνετο
1088 2161 1198 2227 καὶ
1219 2163 1426 2246 μέσον
1446 2163 1614 2248 μέσῃ
1635 2157 2029 2245 ξυναγαγών
2042 2185 2245 2249 προς-
2279 2180 2320 2228 Ε

231 2258 588 2345 ἥρμοττεν·
651 2255 694 2343 ἡ
751 2256 814 2325 δ’
875 2260 949 2327 ἐκ
1001 2260 1211 2344 μέσου
1265 2257 1431 2340 πρὸς
1469 2256 1592 2326 τὸν
1631 2262 1907 2343 ἔσχατον
1942 2255 2253 2346 ὀὐρανὸν

233 2355 450 2442 πάντη
489 2360 917 2424 διαπλακεῖσα
955 2355 1180 2444 κύκλῳ
1221 2380 1290 2422 τε
1337 2353 1547 2422 αὐτὸν
1590 2357 1841 2435 ἔξωθεν
1883 2354 2252 2438 περικαλύ-

233 2467 437 2539 ψασα,
480 2449 645 2540 αὐτὴ
693 2455 767 2520 έν
811 2450 983 2541 αὑτῇ
1023 2455 1457 2538 στρεφομένη,
1505 2458 1702 2520 θείαν
1745 2450 1956 2538 ἀρχὴν
2007 2451 2250 2538 ἤρξατο

232 2549 582 2619 ἀπαύστου
602 2553 713 2619 καὶ
738 2555 1072 2638 ἔμφρονος
1093 2557 1246 2637 βίου
1265 2551 1432 2636 πρὸς
1453 2548 1575 2619 τὸν
1595 2550 1942 2635 ξύμπαντα
1964 2549 2216 2635 χρόνον
2234 2573 2249 2588 ·

233 2650 347 2717 καὶ
385 2649 461 2717 τὰ
505 2652 627 2734 μὲν
662 2645 742 2735 δὴ
790 2656 979 2734 σῶμα
1013 2646 1259 2734 ὁρατὸν
1294 2645 1598 2733 ούρανοῦ
1628 2648 1922 2733 γέγονεν,
1944 2649 1948 2654 ’
1973 2644 2143 2733 αὐτὴ
2183 2646 2255 2713 δὲ

234 2744 517 2833 ἀόρατος
545 2750 689 2832 μέν,
733 2754 1058 2832 λογισμοῦ
1092 2745 1164 2814 δὲ
1194 2749 1554 2832 μετέχουσα
1587 2747 1700 2813 καὶ
1731 2742 2053 2831 ἁρμονίας
2074 2741 2250 2829 ψυχὴ
2280 2774 2346 2830 37

235 2852 372 2912 τῶν
402 2851 661 2929 νοητῶν
683 2841 793 2911 ἀεί
805 2869 876 2911 τε
902 2842 1140 2928 ὄντων,
1172 2841 1306 2911 ὑπὸ
1330 2852 1455 2913 τοῦ
1477 2841 1754 2930 ἀρίστου
1789 2841 2022 2929 ἀρίστη
2056 2867 2254 2927 γενο-

235 2946 399 3029 μένη
431 2948 570 3009 τῶν
614 2943 1102 3029 γεννηθέντων.
1147 2941 1263 3010 ἅτε
1299 2935 1428 3010 οὖν
1461 2943 1532 3009 ἐκ
1566 2949 1683 3027 τῆς
1713 2935 1966 3007 ταύτοῦ
1997 2940 2109 3007 καὶ
2144 2948 2257 3026 τῆς

234 3040 532 3125 θατέρου
552 3041 819 3124 φύσεως
840 3046 913 3108 ἔκ
935 3065 1005 3108 τε
1030 3038 1260 3119 ούσίας
1284 3047 1488 3123 τριῶν
1508 3038 1765 3108 τούτων
1798 3045 2256 3123 συγκραθεῖσα

235 3143 512 3223 μοιρῶν,
537 3139 647 3205 καὶ
678 3135 810 3205 ἀνὰ
836 3138 1038 3222 λόγον
1071 3147 1462 3223 μερισθεῖσα
1496 3138 1607 3204 καὶ
1634 3139 2051 3219 ξυνδεθεῖσα,
2086 3132 2255 3219 αὐτή

234 3259 308 3301 τε
352 3232 902 3322 ἀνακυκλουμένη
938 3235 1106 3322 πρὸς
1140 3232 1371 3322 αὑτήν,
1407 3231 1569 3302 ὅταν
1607 3230 1847 3302 οὐσίαν
1882 3229 2254 3317 σκεδαστὴν

237 3336 498 3418 ἔχοντός
518 3358 700 3410 τινος
723 3333 1092 3421 ἐφάπτηται
1110 3337 1221 3402 καὶ
1243 3332 1408 3402 ὅταν
1429 3330 1802 3419 ἀμέριστον,
1825 3336 1999 3417 λέγει
2020 3355 2258 3398 κινου-

236 3430 400 3517 μένη
426 3428 534 3498 διὰ
556 3429 774 3516 πάσης
796 3433 1051 3517 ἑαυτῆς,
1073 3430 1205 3520 ὅτῳ
1233 3430 1298 3499 τ’
1323 3431 1408 3499 ἄν
1433 3458 1495 3497 τι
1515 3427 1762 3497 ταύτὸν
1781 3421 1826 3514 ἦ
1849 3431 1960 3558 ugni
1983 3426 2145 3495 ὅτου
2169 3423 2256 3494 ἀν

1807 3529 1876 3579 22
