2602 3928
262 262 359 313 115
1105 250 1266 306 ΚΡ]
1286 250 1531 307 ΤΙΑΣ.
2144 247 2270 310 433

253 407 468 498 μαστοὶ
507 410 618 476 καὶ
663 404 994 493 πλήθεσιν
1035 404 1275 494 ἄπειρα
1319 413 1533 493 ἔφερε.
1591 414 1799 476 ταῦτα
1842 402 1970 477 οὖν
2012 412 2271 499 λαμβά-

254 532 484 585 νοντες
505 505 722 573 πάντα
743 503 924 591 παρὰ
943 509 1060 590 τῆς
1079 512 1202 591 γῆς
1222 504 1777 585 κατεσκευάζοντο
1800 505 1879 573 τά
1900 532 1971 574 τε
1994 506 2138 596 ἱεροὶ
2162 511 2272 578 καὶ

251 605 369 687 τὰς
412 601 760 693 βασιλικὰς
794 604 1084 690 οἰκήσεις
1111 605 1224 671 καὶ
1258 600 1418 681 τούς
1455 606 1724 688 λιμένας
1760 606 1871 673 καὶ
1909 602 1989 671 τὰ
2025 607 2273 694 νεώρια
2309 624 2347 676 c

252 707 363 772 καὶ
404 700 754 789 ξύμπασαν
788 698 915 788 τὴν
947 699 1158 786 ἄλλην
1188 697 1434 787 χώραν,
1468 704 1689 791 τοιᾷδε
1722 705 1800 770 ἐν
1833 702 2011 783 τάξει
2044 706 2234 771 διακο
2267 750 2275 756 -

254 808 597 887 σμοῦντες.

419 901 573 965 vm.
639 894 814 973 Τοὺς
841 902 961 981 τῆς
988 894 1324 982 θαλάττης
1365 896 1665 983 τροχούς,
1704 904 1774 965 οἳ
1807 900 1957 983 περὶ
1989 896 2113 985 τὴν
2148 896 2273 983 άρ-

252 1004 446 1084 χαίαν
475 988 651 1082 ἦσαν
684 993 1114 1080 μητρόπολιν,
1152 1002 1420 1081 πρῶτον
1453 994 1577 1081 μὲν
1616 996 2074 1084 ἐγεφύρωσαν,
2111 992 2274 1063 ὁδὸν

251 1098 374 1175 ἔξω
409 1095 518 1162 καὶ
561 1094 667 1160 ἐπὶ
708 1090 789 1158 τὰ
822 1096 1123 1177 βασίλεια
1156 1089 1565 1178 ποιούμενοι.
1623 1091 1707 1160 τά
1744 1092 1815 1161 δὲ
1857 1100 2159 1180 βασίλεια
2200 1094 2274 1160 ἐν

251 1192 464 1280 ταύτῃ
505 1198 586 1278 τῇ
615 1197 739 1257 τοῦ
775 1197 952 1258 θεοῦ
986 1192 1096 1258 καὶ
1125 1198 1263 1257 τῶν
1307 1190 1665 1277 προγόνων
1708 1192 2085 1279 κατοικήσει
2123 1188 2272 1259 κατ’

249 1287 455 1375 άρχάς
475 1288 871 1375 ἐποιήσαπο
894 1285 1125 1371 εὐθύς,
1151 1288 1370 1372 ἕτερος
1383 1288 1456 1357 δὲ
1475 1286 1633 1373 παρ’
1658 1289 1887 1373 ἑτέρου
1901 1289 2271 1375 δεχόμενος,

250 1390 710 1473 κεκοσμημένα
731 1393 1022 1471 κοσμῶν,
1056 1382 1542 1472 ὑπερεβάλλετο
1574 1392 1666 1465 εἰς
1700 1386 1990 1473 δύναμιν
2021 1382 2124 1473 άεζ
2150 1384 2272 1453 τὸν
2306 1400 2347 1448 D

251 1493 658 1571 ἔμπροσθεν,
680 1487 806 1564 ἕως
837 1490 930 1563 εἰς
962 1488 1274 1570 ἔκπληξιν
1308 1487 1619 1570 μεγέθεσι
1651 1484 1930 1554 κάλλεσί
1953 1511 2025 1552 τε
2056 1490 2269 1571 ἔργων

252 1586 419 1649 ἰδεῖν
446 1579 570 1668 τὴν
592 1592 852 1668 οἴκησιν
875 1580 1381 1667 ἀπειργάσαντο.
1432 1580 1723 1666 διώρυχα
1745 1582 1867 1667 μὲν
1894 1580 2025 1668 γὰρ
2050 1585 2121 1650 ἐκ
2154 1590 2270 1668 τῆς

250 1676 586 1764 θαλάττης
602 1675 957 1765 ἀρχόμενοι
977 1686 1386 1762 τρίπλεθρον
1402 1676 1477 1743 τό
1504 1678 1769 1763 πλάτος,
1794 1676 2032 1748 ἑκατὸν
2051 1682 2123 1747 δὲ
2143 1703 2272 1746 πο-

253 1779 394 1842 δοῖν
413 1774 653 1863 βάθος,
676 1784 886 1863 μῆκος
919 1779 992 1844 δὲ
1024 1776 1440 1862 πεντήκοντα
1473 1779 1783 1861 σταδίων,
1821 1779 1925 1845 ἐπὶ
1957 1776 2078 1845 τὸν
2110 1781 2271 1857 ἐξω-

250 1872 428 1941 τάτω
463 1871 705 1961 τροχὸν
733 1876 1169 1962 συνέτρησαν,
1199 1876 1313 1943 καὶ
1346 1872 1468 1942 τὸν
1502 1872 1851 1943 άνάπλουν
1884 1877 1956 1943 ἐκ
1986 1882 2101 1962 τῆς
2135 1886 2270 1943 θα-

250 1973 491 2059 λάττης
509 1974 718 2061 ταύτῃ
740 1971 904 2059 πρὸς
927 1978 1181 2042 ἐκεῖνον
1200 1971 1289 2053 ὡς
1303 1978 1412 2053 ἐἰς
1435 1976 1667 2059 λιμένα
1694 1973 2108 2061 ἐποιήσαντο,
2135 1978 2270 2041 διε-

253 2070 478 2150 λόντες
512 2071 724 2157 στόμα
761 2074 961 2140 ναυσὶ
991 2086 1132 2151 ταῖς
1164 2078 1497 2158 μεγίσταις
1529 2071 1766 2140 ἰκανὸν
1799 2077 2108 2140 εἰσπλεῖν.
2160 2073 2270 2138 καὶ

252 2168 334 2255 δὴ
359 2171 468 2237 καὶ
495 2167 652 2250 τοὺς
671 2178 786 2257 τῆς
805 2176 928 2256 γῆς
947 2172 1247 2256 τροχούς,
1283 2178 1354 2239 οἳ
1370 2168 1527 2248 τοὺς
1551 2179 1667 2257 τῆς
1697 2170 2033 2256 θαλάττης
2064 2173 2269 2251 διεῖρ-
2306 2189 2346 2238 Ε

249 2293 399 2355 γον,
415 2267 583 2335 κατὰ
603 2265 720 2346 τὰς
739 2267 1300 2353 γεφύραςδιεῐλον
1321 2268 1487 2336 ὅσον
1508 2274 1629 2356 μιᾷ
1639 2268 1891 2355 τριήρει
1913 2271 2270 2340 διέκπλουν

253 2371 346 2444 εἰς
368 2363 714 2451 ἀλλήλους,
755 2368 868 2433 καὶ
898 2370 1386 2450 κατεστέγασαν
1418 2365 1709 2451 ἄνωθεν,
1745 2364 1912 2434 ὥστε
1942 2364 2064 2433 τὸν
2099 2362 2272 2432 ὑπό-

249 2470 469 2532 πλὸυν
490 2464 800 2532 κάτωθεν
824 2462 1023 2531 εἶναι·
1066 2463 1149 2532 τὰ
1173 2464 1303 2550 γὰρ
1334 2473 1473 2532 τῶν
1501 2473 1616 2551 τῆς
1647 2470 1771 2550 γῆς
1802 2471 2059 2551 τροχοῖν
2091 2468 2268 2548 χείλη

249 2561 468 2649 βάθος
491 2561 662 2649 εἶχεν
697 2558 935 2631 ίκανὸν
969 2561 1295 2650 ὑπερέχον
1328 2568 1445 2648 τῆς
1474 2562 1824 2648 θαλάττης.
1859 2554 1948 2648 ἦν
1978 2559 2050 2627 δὲ
2085 2557 2122 2627 6
2148 2562 2272 2645 μὲν

251 2660 554 2744 μέγιστος
575 2667 714 2728 τῶν
734 2668 1013 2746 τροχῶν,
1037 2667 1131 2740 είς
1152 2658 1235 2728 ὃν
1255 2658 1298 2746 ἡ
1323 2660 1625 2728 θάλαττα
1648 2662 2103 2746 συνετέτρητο,
2125 2683 2268 2744 τρι-

249 2754 516 2836 στάδιος
547 2754 621 2825 τὰ
656 2757 924 2844 πλάτος,
960 2757 995 2827 6
1033 2756 1100 2827 δ’
1137 2760 1283 2845 ἑξῆς
1313 2766 1429 2846 τῆς
1459 2767 1583 2846 γῆς
1621 2766 1763 2837 ἴσος
1805 2759 2066 2846 ἐκείνῳ·
2123 2768 2269 2823 τοῑν

251 2856 325 2921 δὲ
369 2857 710 2939 δευτέροιν
751 2852 788 2924 6
828 2859 953 2942 μὲν
987 2854 1192 2942 ὑγρὸς
1237 2860 1428 2924 δυοῖν
1471 2860 1769 2924 σταδίοιν
1809 2852 2075 2941 πλάτος,
2117 2853 2153 2920 ὁ
2196 2853 2269 2923 δὲ

251 2948 449 3038 ξηρὰς
480 2961 622 3032 ἴσος
662 2947 752 3020 αὖ
796 2956 998 3022 πάλιν
1043 2962 1139 3043 τῷ
1178 2954 1489 3040 πρόσθεν
1530 2950 1748 3040 ὑγρῷ·
1801 2957 2073 3020 σταδίου
2115 2950 2188 3020 δὲ
2231 2946 2266 3018 6

250 3049 405 3134 περὶ
424 3047 638 3136 αὐτὴν
664 3047 789 3138 τὴν
810 3055 885 3120 ἐν
915 3054 1093 3143 μέσῳ
1129 3073 1342 3140 νησον
1370 3057 1726 3140 περιθέων,
1749 3049 1791 3139 ἡ
1827 3050 1900 3121 δε
1933 3060 2157 3139 νῆσος,
2194 3051 2267 3116 έν
2307 3074 2408 3130 115

248 3136 296 3233 ᾗ
318 3143 400 3213 τὰ
427 3154 725 3233 βασίλεια
750 3141 858 3236 ἦν,
896 3154 1091 3220 πέντε
1114 3154 1403 3219 σταδίων
1423 3150 1547 3236 τὴν
1571 3150 1926 3238 διάμετρον
1948 3148 2092 3234 εἶχε.
2114 3147 2267 3215 ταύ·

247 3270 373 3331 την
414 3242 495 3331 δὴ
539 3244 767 3337 κύκλω
811 3250 921 3317 καὶ
962 3250 1122 3329 τούς
1163 3248 1443 3337 τροχοὺς
1476 3251 1586 3318 καὶ
1618 3247 1742 3335 τὴν
1771 3251 2078 3335 γέφυραν
2109 3254 2270 3313 πλε-

245 3349 527 3430 θριαίαν
547 3343 622 3412 τὸ
645 3345 892 3427 πλάτος
912 3341 1125 3416 οὖσαν
1158 3352 1362 3428 ἔνθεν
1393 3352 1504 3416 καὶ
1531 3354 1734 3416 ἔνθεν
1765 3353 2006 3436 λιθίνῳ
2046 3369 2271 3434 περιε-

247 3442 839 3596 βάέλοντῖντείχει,
891 3449 1191 3535 πύργους
1223 3451 1336 3517 καὶ
1376 3448 1589 3527 πύλας
1636 3449 1741 3515 ἐπὶ
1780 3454 2267 3598 τῶέὃγεφυρων

377 3553 522 3594 LATO
637 3581 653 3596 ο
