2602 3928
351 226 476 292 194
1036 225 1616 285 ΠΛΑΤΩΝΟΣ

354 396 506 478 ἔφη,
543 387 729 470 ἄξιον
755 385 830 455 τὸ
872 386 1225 473 διανόημα·
1273 383 1313 452 ὃ
1347 389 1573 471 μέντοι
1608 389 1918 471 μέγιστον
1950 382 2231 471 μάθημα
2264 386 2376 452 καὶ

350 487 580 572 περὶ“
540 516 576 555 ο
621 514 684 556 τι
729 484 891 553 αὐτὸ
927 488 1154 570 λε’γεις,
1198 493 1323 552 οἴει
1358 481 1491 551 τιν’
1536 483 1625 550 άν
1667 502 1763 567 σε,
1793 487 1943 569 ἔφη,
1978 479 2248 568 ἀφεῖναι
2284 479 2375 569 μὴ

350 586 773 673 ἐρωτήσαντα
793 589 864 652 τί
892 587 1101 664 ἐστιν;
1149 580 1253 651 Οὐ
1286 582 1491 668 πάνυ,
1524 575 1613 668 ἦν
1647 577 1709 649 δ’
1761 578 1911 666 ἐγώ,
1945 577 2112 648 ἀλλὰ
2146 581 2257 648 καὶ
2286 575 2376 647 σύ

349 685 579 771 ἐρώτα.
626 684 890 763 πάντως
911 680 1075 750 αὐτὸ
1100 679 1224 749 οὐκ
1246 678 1546 798 ὀλιγάκις
1566 678 1886 765 ἀκήκοας·
1932 686 2066 747 νῦν
2088 672 2226 747 &N
2180 704 2222 765 η
2248 674 2376 745 οὐκ

212 801 313 853 505
350 777 665 861 ἐννοεῖς“
619 809 661 868 η
687 774 776 849 αὖ
799 785 1059 849 διανοεῖ
1072 781 1216 867 ἐμοὶ
1237 778 1591 866 πράγματα
1625 780 1933 862 παρέχειν
1967 774 2378 863 ἀντιλαμβα-

349 883 651 968 νόμενος.
698 879 877 966 οἶμαι
899 877 971 947 δὲ
1005 886 1202 946 τοῦτο
1237 883 1519 963 μᾶλλον·
1565 873 1762 942 ἐπεὶ”
1736 872 1840 942 ότι
1870 900 1946 959 γε
1979 873 2022 961 ἡ
2052 881 2176 942 τοῦ
2209 870 2377 959 άγα-

349 992 489 1051 θοῦ
522 984 663 1049 ἰδέα
697 984 1007 1065 μέγιστον
1041 977 1341 1063 μάθημα,
1380 973 1699 1054 πολλάκις
1732 971 2044 1061 άκήκοας,
2078 965 2126 1062 ᾗ
2158 978 2376 1042 δίκαια

350 1083 462 1148 καὶ
481 1071 690 1146 τᾶλλα
708 1076 1265 1162 προσχρησάμενα
1288 1073 1575 1163 χρήσιμα
1599 1075 1709 1141 καὶ
1731 1070 2031 1160 ὠφέλιμα
2064 1078 2376 1158 γίγνεται.

349 1179 456 1247 καὶ
495 1184 628 1245 νῦν
664 1173 901 1262 σχεδὸν
943 1171 1124 1243 οἷσθ’
1174 1201 1274 1242 οτι
1317 1178 1533 1260 μέλλω
1575 1180 1774 1241 τοῦτο
1808 1176 2045 1256 λέγειν,
2069 1173 2180 1238 καὶ
2213 1168 2380 1254 πρὸς

347 1275 565 1363 τούτῳ
585 1300 688 1342 οτι
721 1272 936 1359 αὐτὴν
973 1269 1096 1358 οὐχ
1131 1276 1377 1353 ἱκανοῖς
1409 1282 1633 1359 ἴσμεν·
1672 1275 1733 1338 εἴ
1764 1270 1836 1339 δὲ
1859 1267 1947 1357 μὴ
1973 1278 2188 1355 ἴσμεν,
2212 1264 2379 1337 ἄνευ

350 1374 421 1443 δὲ
450 1371 716 1457 ταύτης,
758 1368 893 1439 εί”
851 1397 888 1438 ο
914 1397 978 1437 τι
1011 1371 1293 1458 μάλιστα
1329 1363 1536 1439 ταλλα
1571 1373 2026 1455 ἐπισταίμεθα,
2049 1362 2239 1435 οἶσθ’
2276 1364 2380 1432 ὅτι

275 1481 314 1530 Β
351 1468 553 1539 οὐδὲν
582 1466 742 1556 ἡμῖν
764 1467 1028 1553 οφελος,
1052 1466 1276 1555 ωσπερ
1300 1466 1458 1536 οὐδ’
1486 1475 1548 1537 εί
1564 1467 1946 1554 κεκτῄμεθά
1976 1493 2039 1535 τι
2070 1491 2237 1534 ανευ
2255 1470 2380 1533 τοῦ

349 1565 637 1654 ἀγαθοῦ.
686 1563 729 1654 ἦ
752 1577 877 1637 οἴει
895 1594 957 1635 τι
978 1569 1182 1636 πλέον
1210 1566 1380 1635 εἶναι
1400 1575 1624 1636 πᾶσαν
1656 1574 1891 1654 κτῆσιν
1924 1568 2263 1653 ἐκτῆσθαι,
2289 1561 2376 1651 μὴ

350 1670 576 1753 μέντοι
607 1664 914 1753 άγαθήν;
959 1662 1005 1752 ἢ
1034 1664 1250 1734 πάντα
1281 1659 1490 1734 ταλλα
1521 1679 1797 1753 φρονεῖν
1835 1664 2025 1751 [ἄνευ
2056 1671 2177 1733 τοῦ
2209 1660 2377 1749 ἀγα-

350 1773 535 1849 θοῦ],
572 1763 785 1833 καλὸν
809 1766 1016 1833 δὲκαὶ
1051 1761 1323 1849 άγαθὸν
1351 1763 1559 1851 μηδὲν
1594 1778 1905 1850 φρονεῖν;
1946 1763 2071 1831 Μα
2104 1760 2218 1832 Δί’
2251 1759 2376 1830 οὐκ

351 1860 573 1949 ἔνωνῗ
598 1870 746 1950 ἔφη·

521 1959 942 2031 xv11.'Am.‹3e
965 1958 1099 2047 μὴν
1128 1964 1239 2029 καὶ
1259 1959 1413 2029 τόδε
1435 1988 1512 2049 γε
1535 1960 1825 2050 οἶσθα,”
1784 1989 1887 2031 οτι
1907 1975 2043 2042 τοῖς
2065 1962 2191 2048 μὲν
2212 1967 2376 2029 πολ-

349 2069 489 2139 λοῑς
521 2057 730 2146 ἡδονὴ
777 2065 963 2126 δοκεῖ
1002 2058 1172 2127 εἶναι
1210 2059 1286 2127 τὸ
1330 2059 1619 2145 άγαθόν,
1653 2075 1791 2141 τοῖς
1834 2060 1907 2129 δὲ
1943 2063 2381 2148 κομψοτέροις

354 2159 702 2247 φρόνησις.
743 2165 902 2236 Παῖς
925 2156 993 2225 δ’
1019 2156 1132 2236 οὕς
1173 2159 1307 2226 Καὶ
1327 2156 1430 2226 ὅτι
1447 2185 1546 2245 γε,
1572 2151 1630 2228 ὦ
1652 2166 1826 2249 φίλε,
1850 2164 1921 2229 οἴ
1934 2169 2133 2229 τοῦτο
2167 2157 2380 2247 ἡγού-

350 2284 544 2344 μενοι
564 2253 695 2325 οὐκ
731 2262 954 2344 ἔχουσι
990 2251 1194 2337 δεῖξαι
1224 2255 1369 2345 ἥτις
1397 2259 1745 2346 φρόνησις,
1780 2257 1928 2328 ἀλλ’
1967 2256 2377 2345 άναγκάζον-

350 2382 458 2424 ται
484 2361 922 2434 τελευτῶντες
942 2354 1065 2441 τὴν
1086 2364 1209 2424 τοῦ
1247 2355 1518 2441 ἀγαθοῦ
1548 2357 1777 2445 φάναι.
1821 2359 1955 2427 Καὶ
1990 2355 2191 2444 μάλα,
2228 2361 2377 2443 ἔφη,

284 2461 324 2513 Ο
352 2459 642 2539 γελοίως.
688 2460 846 2533 Παῖς
866 2452 996 2538 γὰρ
1026 2450 1194 2541 οὐχί,
1217 2446 1307 2542 ἦν
1331 2453 1389 2523 δ’
1418 2456 1571 2542 ἐγώ,
1600 2462 1660 2524 εί
1685 2452 2114 2536 ὀνειδίζοντές
2149 2480 2242 2540 γε,
2278 2451 2382 2522 ὅτι

350 2550 479 2619 οὐκ
503 2560 694 2636 ἴσμεν
715 2550 791 2619 τὸ
820 2549 1105 2637 άγαθόν,
1133 2556 1403 2637 λέγουσι
1424 2553 1625 2622 πάλιν
1654 2550 1742 2633 ὥς
1764 2554 2000 2634 είδόσι;
2042 2551 2382 2640 φρόνησιν

349 2647 480 2737 γὰρ
518 2647 685 2717 αὐτό
720 2668 927 2735 φασιν
960 2649 1129 2719 εἶναι
1164 2647 1456 2736 άγαθοῦ,
1497 2649 1586 2730 ὥς
1623 2644 1712 2719 αὖ
1740 2655 2098 2733 ξυνιέντων
2118 2649 2311 2739 ἡμῶν
2340 2649 2382 2719 ὅ

349 2774 414 2816 τι
437 2750 771 2834 λέγουσιν,
811 2746 1082 2817 ἐπειδᾶν
1110 2748 1186 2817 τὸ
1223 2758 1349 2817 τοῦ
1381 2750 1650 2835 άγαθοῦ
1685 2752 2111 2837 φθέγξωνται
2142 2749 2377 2836 ὄνομα.

346 2843 813 2933 Ἀληθέστατα,
839 2853 984 2934 ἔφη.
1036 2854 1122 2916 Τί
1137 2852 1253 2916 δαί
1261 2879 1279 2930 3
1316 2852 1387 2917 οἴ
1403 2847 1526 2936 τὴν
1560 2846 1817 2937 ἡδονὴν
1850 2848 2118 2937 άγαθόν
2155 2845 2380 2936 ὁριζό-

350 2971 543 3032 μενοι
566 2956 713 3032 μαῒν
735 2946 826 3033 μή
850 2973 914 3015 τι
937 2946 1284 3028 ἐλάττονος
1305 2946 1560 3033 πλάνης
1582 2952 1847 3035 ἔμπλεοι
1868 2955 2010 3016 τῶν
2030 2948 2309 3035 ἕτέρωνς
2332 2942 2380 3034 ἦ

353 3043 438 3112 οὐ
459 3045 569 3112 καὶ
593 3036 782 3112 οὗτοι
803 3043 1301 3136 ἀναγκάζονται,
1314 3042 1666 3133 ὁμολογεῖν
1684 3044 1933 3134 ἡδονὰς
1954 3045 2122 3116 εἶναι
2134 3048 2379 3129 κακάς;

284 3154 327 3205 D
351 3141 641 3227 Σφόδρα
661 3170 755 3216 νε.
785 3153 1159 3233 Συμβαίνει
1184 3142 1264 3232 δὴ
1291 3142 1535 3230 αὐτοῖς,
1551 3144 1753 3231 οἶμαι,
1776 3141 2126 3232 ὁμολογεῖν
2147 3142 2379 3232 ἀγαθὰ

179 3263 192 3274 ·
354 3238 525 3308 εἶναι
561 3245 670 3309 καὶ
702 3269 877 3312 κακα
903 3242 1132 3312 ταύτά.
1181 3236 1226 3329 ἦ
1257 3244 1425 3329 γάρ;
1477 3250 1563 3312 Τί
1588 3242 1758 3331 μήτις
1808 3241 2085 3312 Οὐκοῦν
2116 3241 2221 3312 ὅτι
2252 3244 2387 3330 μὲν

350 3339 635 3426 μεγάλαι
657 3343 765 3409 καὶ
796 3344 1033 3412 πολλαὶ
1056 3340 1579 3431 ἀμφισβητήσεις
1597 3345 1748 3431 περὶ
1769 3340 2003 3426 αὐτοῦ,
2036 3341 2378 3430 φανερόνς

356 3445 507 3517 Παῖς
526 3438 657 3527 γὰρ
681 3440 767 3508 οὔ
780 3471 798 3524 3
845 3449 929 3511 Τί
944 3445 1025 3511 δέ
1034 3472 1052 3524 3
1093 3441 1245 3511 τόδε
1280 3440 1366 3510 οὐ
1389 3441 1710 3531 φανερόν,
1751 3438 1840 3522 ὥς
1874 3446 2094 3510 δίκαια
2115 3441 2242 3530 μὲν
2265 3443 2373 3512 καὶ
