2602 3928
256 252 328 310 ⁶3
1043 248 1498 308 ΤΙΜΑΙΟΣ.
2142 249 2266 316 381

256 412 438 486 νοίας
465 410 792 493 ἐπίπνοια,
839 413 954 493 τῆς
986 405 1110 492 μὲν
1143 406 1535 493 πικρότητος
1568 407 1850 495 ἡσυχίαν
1882 416 2267 499 παρέχουσα

253 512 344 593 τῷ
373 504 533 591 μήτε
569 518 781 573 κινεῖν
819 505 984 591 μήτε
1024 503 1531 588 προσάπτεσθαι
1567 514 1684 593 τῆς
1727 511 2026 588 ἐναντίας
2067 510 2269 599 ἑαυτῇ

250 604 522 688 φύσεως
562 607 840 690 ἐθέλειν,
885 602 1243 698 γλυκύτητι
1286 603 1359 672 δὲ
1400 611 1483 692 τῇ
1516 601 1662 672 κατ’
1704 608 1913 673 έκεῖνο
1952 608 2269 728 ξυμφύτω

252 699 423 786 πρὸς
444 697 605 768 αὐτὸ
634 703 937 789 χρωμένη
959 699 1069 769 καὶ
1093 699 1309 769 πάντα
1354 698 1533 790 ὀρθα
1577 704 1687 769 καὶ
1729 710 1870 770 λεῖα
1908 704 2119 772 αὐτοῦ
2161 709 2269 774 καὶ
2308 719 2347 768 D

253 799 580 883 ἐλεύθερα
604 795 1088 868 ἀπευθύνονσα
1101 848 1121 884 ,
1141 799 1346 867 ἴλειόν
1366 825 1436 868 τε
1457 801 1568 868 καὶ
1589 799 1922 887 εὐήμερον
1943 816 2127 871 ποιοῖ
2145 802 2271 890 τὴν

256 892 502 981 περὶτὰ
525 887 705 983 ἧπαρ
727 903 941 983 ψυχῆς
963 909 1206 983 μοῖραν
1225 901 1743 987 κατωκισμένην,
1776 905 1853 967 ἔν
1873 925 1943 968 τε
1974 909 2058 987 τῇ
2078 904 2270 969 νυκτὶ

256 991 593 1080 διαγωγὴν
647 999 929 1080 ἔχουσαν
981 1000 1257 1082 μετρίαν
1272 1044 1292 1078 ,
1360 1000 1635 1083 μαντεία
1694 998 2041 1082 χρωμένην
2103 993 2263 1065 καθ’

257 1090 501 1177 ῦπνον,
531 1088 753 1178 ἐπειδὴ
788 1090 999 1176 λόγου
1034 1094 1142 1158 καὶ
1178 1092 1568 1178 φρονήσεως
1592 1088 1676 1161 οῦ
1708 1105 1973 1179 μετεῖχε.
2018 1120 2271 1181 μεμνη-

253 1194 445 1278 μένοι
463 1188 593 1275 γοὶρ
614 1197 730 1275 τῆς
758 1195 882 1258 τοῦ
902 1188 1152 1276 πατρὸς
1174 1193 1519 1279 ἐπιστολῆς
1550 1196 1621 1259 οἰ
1638 1195 2058 1273 ξυνιστάντες
2078 1192 2267 1280 ἡμᾶς,

258 1287 369 1356 ὅτε
402 1287 476 1356 τὸ
514 1285 769 1375 θνητὸν
810 1288 1150 1356 ἐπέστελλε
1190 1291 1382 1373 γένος
1426 1285 1514 1368 ὥς
1546 1286 1820 1375 ἄριστον
1857 1296 1963 1368 εἰς.
1983 1290 2271 1377 δύναμιν

257 1399 491 1470 ποιεῖν,
519 1385 697 1453 οῦτω
720 1382 800 1472 δὴ
824 1392 1318 1474 κατορθοῦντες
1350 1388 1460 1456 καὶ
1491 1384 1566 1455 τὸ
1603 1395 1869 1473 φαῦλον
1900 1386 2110 1474 ἡμῶν,
2155 1391 2268 1455 ἵνα
2302 1410 2344 1460 Ε

254 1482 575 1570 ἀληθείας
595 1508 687 1572 πῃ
708 1483 1175 1570 προσάπτοιτο,
1210 1487 1618 1572 κατέστησαν
1658 1490 1730 1553 ἐν
1752 1485 1968 1576 τούτῳ
2000 1486 2076 1554 τὸ
2101 1513 2274 1573 μαν-

252 1594 452 1649 τεῖον.
511 1579 747 1648 ἰκανὸν
771 1580 841 1648 δὲ
881 1596 1176 1669 σημεῖον,
1224 1580 1314 1662 ὥς
1354 1581 1681 1670 μαντικὴν
1720 1582 2077 1672 ἀφροσύνῃ
2110 1583 2274 1661 θεὸς

265 1677 657 1767 Ξνθρωπίνη
676 1682 995 1748 δέδωκεν·
1041 1677 1258 1759 οὐδεὶς
1280 1678 1410 1768 γὰρ
1443 1687 1678 1760 ἔννους
1709 1681 2065 1767 ἐφάπτεται
2100 1708 2269 1769 μαν-

260 1786 440 1865 τικῆς
482 1781 726 1846 ἐνθέου
757 1782 868 1847 καὶ
901 1775 1223 1865 ἀληθοῦς,
1268 1776 1419 1846 ἄλλ’
1444 1774 1488 1865 ἢ
1521 1776 1683 1846 καθ’
1731 1776 1951 1847 ὕπνον
1992 1778 2118 1866 τὴν
2156 1788 2272 1867 τῆς

259 1878 649 1964 φρονήσεως
689 1878 1001 1963 πεδηθεὶς
1045 1877 1334 1963 δύναμιν
1375 1872 1419 1964 ἦ
1462 1875 1572 1945 διὰ
1625 1877 1835 1945 νόσον
1875 1874 1920 1963 ἦ
1965 1878 2072 1946 διά
2123 1905 2273 1946 τινα

257 1975 758 2065 ἐνθουσιασμὸν
780 1976 1232 2062 παραλλάξας.
1277 1975 1445 2045 ἀλλὰ
1481 1981 1842 2063 ξυννοῆσαι
1875 1976 1998 2062 μὲν
2019 1981 2273 2065 ἔμφρο-

256 2105 373 2157 νος
412 2076 493 2145 τά
533 2102 603 2144 τε
646 2078 939 2163 ρηθέντα
983 2075 1499 2163 ἀναμνησθέντα
1523 2071 1690 2160 ὄναρ
1725 2073 1770 2162 ἢ
1802 2073 1984 2160 ῦπαρ
2006 2071 2137 2143 ὑπὸ
2159 2082 2274 2160 τῆς

258 2183 575 2264 μαντικῆς
628 2201 700 2243 τε
751 2178 861 2243 καὶ
905 2179 1455 2262 ἐνθουσιαστικῆς
1512 2174 1807 2261 φύσεως,
1862 2176 1971 2242 καὶ
2018 2172 2146 2242 ὅσα
2189 2171 2275 2241 ἄν

260 2275 700 2363 φαντάσματα
748 2270 969 2362 ὀφθῇ,
1020 2274 1238 2342 πάντα
1276 2281 1572 2363 λογισμῷ
1613 2275 1981 2358 διελέσθαι,
2040 2271 2172 2360 ὅπῃ
2213 2296 2276 2338 τι
2305 2296 2375 2352 72

258 2378 561 2461 σημαίνει
589 2373 701 2439 καὶ
735 2369 866 2461 ὅτῳ
889 2374 1245 2458 μέλλοντος
1287 2369 1331 2457 ἢ
1366 2370 1820 2453 παρελθόντος
1857 2366 1903 2457 ἦ
1946 2371 2277 2459 παρόντος

261 2479 479 2541 κακοῦ
499 2466 544 2556 ἦ
566 2467 836 2555 ἀγαθοῦ
850 2496 863 2510 ·
906 2478 1030 2537 τοῦ
1053 2472 1125 2538 δὲ
1148 2472 1471 2557 μανέντος
1490 2473 1586 2536 ἔτι
1606 2495 1675 2536 τε
1702 2472 1777 2537 ἐν
1795 2467 2010 2558 τούτῳ
2033 2470 2277 2554 μένον-

257 2596 369 2648 τος
412 2566 538 2637 οὐκ
581 2573 782 2654 ἔργον
822 2566 902 2635 τὰ
955 2571 1250 2654 φανέντα
1293 2570 1404 2635 καὶ
1446 2571 1848 2653 φωνηθέντα
1881 2562 2005 2651 ὑφ’
2035 2567 2275 2632 ἑαυτοῦ

263 2674 538 2754 κρίνειν,
562 2664 710 2734 ἀλλ’
737 2658 817 2733 εὖ
837 2669 947 2735 καὶ
967 2665 1172 2735 πάλαι
1185 2670 1440 2752 λέγεται
1461 2664 1535 2733 τὸ
1561 2664 1874 2749 πράττειν
1889 2666 1998 2732 καὶ
2018 2668 2277 2750 γνῶναι

258 2764 340 2833 τά
361 2790 431 2832 τε
454 2760 665 2832 αὑτοῦ
699 2766 809 2831 καὶ
852 2762 1092 2832 ἑαυτὸν
1126 2762 1430 2851 σώφρονι
1455 2762 1643 2852 μόνω
1679 2762 2059 2849 προσήκειν.
2107 2758 2277 2829 ὅθεν

262 2862 344 2948 δὴ
366 2863 478 2930 καὶ
498 2860 574 2929 τὸ
597 2867 736 2929 τῶν
758 2867 1126 2948 προφητῶν
1145 2868 1337 2948 γένος
1361 2864 1466 2930 ἐπὶ
1484 2874 1624 2941 ταῖς
1651 2863 1910 2940 ἐνθέοις
1941 2865 2276 2947 μαντείαις

261 2961 485 3045 κριτὰς
507 2960 1013 3029 ἐπικαθιστάναι
1034 2962 1240 3049 νόμος
1254 2988 1267 3002 ·
1316 2958 1436 3041 οῦς
1457 2960 1723 3048 μάντεις
1746 2958 1991 3038 αὐτοὺς
2024 2957 2274 3046 ὄνομά-
2310 2982 2350 3032 Β

263 3065 451 3140 ζουσί
485 3083 688 3142 τινες,
731 3059 806 3126 τὸ
858 3067 996 3126 πᾶν
1038 3059 1461 3148 ἠγνοηκότες,
1510 3058 1613 3128 ὅτι
1655 3067 1771 3146 τῆς
1814 3057 1900 3127 δι’
1950 3066 2276 3146 αἰνιγμῶν

262 3148 450 3225 οὗτοι
472 3156 695 3243 φήμης
714 3159 826 3225 καὶ
846 3159 1239 3244 φαντάσεως
1260 3156 1642 3245 ὑποκριταί,
1673 3160 1783 3226 καὶ
1807 3157 1891 3226 οὔ
1909 3183 1972 3226 τι
1989 3158 2274 3244 μάντεις,

200 3284 207 3293 ·
261 3262 598 3341 προφῆται
634 3259 708 3322 δὲ
747 3260 1258 3345 μαντευομένων
1301 3255 1677 3325 δικαιότατα
1719 3252 2135 3349 ὀνομάζοιντ’
2172 3280 2275 3320 αν.

262 3382 301 3440 η
326 3351 448 3439 μὲν
469 3345 600 3421 οὖν
621 3353 824 3441 φύσις
846 3379 1094 3442 ηπατος
1116 3352 1225 3424 διὰ
1247 3362 1458 3427 ταῦτα
1480 3356 1750 3441 τοιαύτη
1779 3380 1849 3424 τε
1869 3355 1980 3421 καὶ
2002 3354 2075 3420 ἐν
2094 3351 2279 3441 τόπω

269 3478 318 3538 ῳ
350 3454 633 3540 λέγομεν
653 3457 931 3541 πέφυκε,
956 3453 1152 3541 χάριν
1173 3482 1517 3542 μαντικης·
1541 3457 1652 3524 καὶ
1673 3459 1766 3521 ἔτι
1787 3479 1910 3538 μεν
1932 3448 2012 3537 δὴ
2037 3418 2281 3532 ζωντός
