2602 3928
1037 249 1500 302 PRAEFATIO.
1672 261 1678 267 '
2241 264 2350 305 xxv

206 381 521 452 στεινότεραι
558 403 652 454 pro
681 381 1009 452 στεινότεραι
1046 388 1256 453 scripsi;
1293 402 1390 438 nec
1425 391 1472 440 si
1508 404 1560 455 p.
1594 389 1663 441 66
1700 389 1741 439 E
1769 405 1862 455 pro
1901 383 1998 441 δύ’
2034 377 2169 455 οὖν,
2219 392 2356 454 quod

208 457 432 508 editores
506 465 588 508 ost
627 458 786 512 Bekk.
838 473 900 508 ex
938 457 1201 508 codicibus
1243 456 1353 506 fere
1391 459 1622 508 omnibus
1660 468 1985 524 receperunt,
2034 461 2101 510 ad
2139 460 2356 526 Stepha-

208 527 416 575 nianum
487 517 549 574 ιὰ
579 513 687 576 οὖν
721 527 888 577 redire
919 527 1082 576 satius
1114 526 1263 582 duxi,
1301 540 1355 590 p.
1392 525 1462 577 67
1499 529 1543 579 D
1574 534 1661 576 aut
1690 517 1852 592 ὀλίγα
1888 544 1952 579 ex
1978 528 2092 583 Par.
2128 531 2355 595 margine

207 610 238 645 a
266 592 603 645 Stallbaumio
628 597 846 647 ascitum
872 603 960 645 aut
983 586 1084 644 τὸν
1108 585 1332 657 ἐπιεικῆ
1357 610 1450 660 pro
1475 587 1715 644 ἐπιεικεῖ
1739 612 1853 647 cum
1881 599 2060 648 eodem
2092 613 2125 647 a
2148 596 2355 648 Schnei-

205 665 325 713 dero
360 665 608 730 scriptum
639 666 839 731 sprevi,
872 679 1160 729 quanquam
1196 663 1336 714 haud
1372 678 1504 730 nego
1574 667 1856 716 ersanando
1894 666 2003 717 loco
2042 666 2167 717 mihi
2203 667 2356 718 etiam

207 723 348 799 λόγῳ
387 734 440 782 in
475 724 642 798 λόγον
682 735 981 791 mutandum
1018 733 1210 796 videri,
1259 741 1317 783 ut
1353 733 1466 799 ipse
1542 727 1763 798 πιεικὴς
1804 725 1967 799 λόγος
2006 737 2185 800 paucis
2233 736 2355 797 illis,

206 803 390 866 quibus
432 802 572 852 idem
606 811 963 870 argumentum
998 803 1235 867 superius
1269 808 1535 853 tractatum
1574 817 1688 853 esse
1723 805 1964 854 Timaeus
2008 804 2157 863 dicit,
2194 818 2356 884 qppo·

207 878 371 929 natur.
409 897 485 910 -·-
512 874 676 927 Paris.
718 872 844 922 liber
880 872 1033 921 etiam
1070 885 1124 936 p.
1165 869 1234 923 68
1272 870 1318 919 A
1355 861 1579 935 ἀθρόον
1616 867 1713 921 καὶ
1752 861 1910 935 ὕδωρ
1947 888 2041 938 pro
2075 868 2172 922 καὶ
2201 870 2356 939 υδωρ

207 931 458 1003 ἁθρόον,
503 942 625 991 item
668 955 723 1006 p.
763 941 834 992 68
868 940 912 989 D
956 932 1164 996 ἱκανός
1193 954 1287 1004 pro
1321 932 1518 997 ἱκανὸς
1554 929 1621 999 ὃς
1653 951 1703 991 et
1738 956 1794 1007 p.
1827 941 1896 994 69
1926 946 1971 991 Α
2006 936 2357 1005 λογιζόμενον

202 1024 298 1074 pro
347 1004 732 1073 λογιζομένους
767 1008 1073 1060 Schneidero
1108 1009 1482 1074 suppeditavit,
1535 1011 1853 1074 eundemque
1901 1026 1994 1061 nec
2034 1007 2358 1075 διυλισμένα

202 1092 298 1143 pro
350 1074 691 1143 δωλασμένα
736 1079 973 1143 quamvis
1018 1094 1085 1128 ex
1136 1084 1424 1128 correctura
1511 1080 1803 1130 raebentem
1858 1082 2002 1144 sequi
2053 1082 2355 1141 detrectavi3

201 1161 257 1212 Ρ.
298 1146 368 1199 69
399 1147 443 1196 D
474 1142 645 1199 autem
682 1149 795 1213 ejus
826 1147 1093 1197 lectionem
1129 1138 1399 1210 αἰσθήσει
1435 1144 1471 1196 ὃ
1570 1183 1584 1197 .
1609 1185 1621 1198 .
1655 1146 1829 1198 ταῦτα
1865 1164 1959 1215 pro
1997 1142 2261 1214 αἰσθήσει
2297 1161 2355 1198 τε

206 1254 221 1272 .
246 1252 262 1269 .
287 1253 300 1266 .
326 1207 503 1267 tavit&
539 1233 598 1268 eo
629 1217 871 1267 libentius
901 1216 1166 1281 amplexus
1203 1230 1317 1265 sum
1332 1253 1347 1278 ,
1382 1232 1482 1280 quo
1519 1218 1765 1282 aptiorem
1797 1218 1914 1268 inde
1946 1218 2210 1284 paululum
2245 1235 2354 1268 mu·

202 1293 308 1335 tata
326 1288 730 1351 interpunctione
748 1299 955 1336 sensum
974 1285 1271 1336 Schneideri
1303 1287 1557 1351 sagacitas
1575 1287 1777 1347 elicuit,
1817 1288 2053 1338 nimirum
2072 1296 2130 1338 ut
2149 1283 2354 1352 αἴσθη-

204 1366 290 1411 σις
329 1344 531 1419 ἄλογος
568 1363 620 1406 et
656 1345 1015 1419 ὖπιχειρητῆς
1045 1348 1258 1411 παντὸς
1295 1347 1461 1420 ἔρως,
1499 1357 1553 1405 in
1589 1358 1773 1418 quibus
1812 1355 1913 1406 τοῦ
1942 1347 2360 1421 ἐπιθυμητικοῦ

204 1438 407 1474 summa
445 1425 693 1486 cernitur,
734 1439 836 1474 non
880 1424 948 1473 ad
988 1413 1191 1473 ἐλπίδα
1234 1431 1430 1474 tantum
1470 1425 1770 1475 movendam
1813 1427 2212 1492 restringantur,
2264 1427 2358 1476 sed

202 1502 447 1558 tanquam
477 1494 637 1543 altera
670 1491 978 1543 irrationalis
1017 1495 1215 1543 animae
1246 1506 1369 1557 pars
1404 1506 1521 1544 cum
1550 1495 1663 1557 ipsa
1689 1509 1798 1560 spe,
1836 1496 2115 1555 iracundia,
2154 1495 2357 1546 ceteris-

205 1577 304 1625 que
338 1564 495 1613 animi
526 1562 791 1612 affectibus
827 1576 988 1625 aequo
1014 1563 1130 1627 jure
1163 1569 1212 1612 et
1243 1562 1421 1612 ordine
1449 1563 1752 1618 habeantur.
1784 1589 1855 1600 —-
1889 1564 1945 1619 P.
1982 1562 2051 1614 69
2081 1564 2123 1613 Ε
2157 1580 2359 1627 quoque

206 1633 484 1697 genuinam
514 1640 572 1682 ut
595 1644 748 1696 spero
785 1631 1054 1681 lectionem
1085 1622 1149 1680 τὸ
1185 1628 1286 1679 τοῦ
1307 1623 1572 1692 θώρακος
1596 1617 1671 1680 αὖ
1702 1625 1867 1688 κύτος
1905 1649 1968 1683 ex
1988 1632 2101 1688 Par.
2126 1634 2363 1698 vestigiis

206 1702 333 1761 erui,
375 1703 465 1751 ubi
493 1716 652 1764 quum
676 1701 800 1751 editi
830 1697 931 1749 τοῦ
958 1691 1224 1765 θώρακος
1260 1686 1338 1750 αὖ
1367 1695 1431 1749 τὸ
1462 1692 1643 1761 κότος,
1683 1701 1766 1751 ille
1788 1717 1909 1751 vero
1942 1693 2005 1750 τὸ
2036 1700 2137 1750 τοῦ
2163 1693 2358 1765 θώρα-

204 1781 305 1824 κος
343 1761 479 1818 αὐτὸ
515 1762 681 1827 κύτος
716 1769 882 1835 legat,
928 1784 1026 1834 ego
1064 1768 1264 1819 articuli
1301 1777 1438 1818 certe
1473 1770 1639 1818 locum
1678 1771 1892 1820 eundem
1936 1771 2166 1832 servavi,
2207 1786 2357 1834 quem

206 1839 260 1888 in
293 1840 530 1904 opposita
566 1840 750 1905 capitis
785 1839 1042 1889 mentione
1071 1853 1118 1893 c.
1160 1837 1251 1889 16:
1289 1833 1420 1903 περὶ
1457 1831 1521 1887 τὸ
1556 1836 1659 1902 τῆς
1697 1836 1945 1903 κεφαλῆς
1977 1830 2143 1896 κύτος
2179 1839 2356 1899 habet;

205 1907 366 1957 altera
399 1907 549 1958 lectio
583 1907 723 1957 haud
754 1909 859 1959 scio
897 1922 964 1957 an
996 1900 1162 1964 κύτος
1191 1909 1259 1958 ad
1287 1908 1452 1958 solum
1483 1899 1726 1972 θώρακα
1761 1910 2050 1975 restringat.
2090 1934 2161 1945 —-
2195 1910 2254 1963 P.
2292 1907 2358 1959 70

207 1974 245 2026 G
284 1986 334 2027 et
363 1976 431 2028 73
468 1979 511 2026 A
549 1968 704 2041 πόμα
738 1993 834 2042 pro
866 1975 1062 2041 πῶμα,
1098 1985 1156 2027 ιιι
1186 1976 1283 2027 hoc
1322 1986 1455 2029 certe
1489 1979 1542 2027 in
1572 1977 1703 2028 libro
1736 1977 1864 2027 mihi
1900 1985 2202 2039 constarem,
2241 1993 2356 2027 cum

205 2044 520 2096 Schneidero
553 2047 728 2106 edidi,
766 2048 820 2095 in
855 2046 1080 2113 Legibus
1115 2046 1182 2096 ad
1215 2047 1515 2111 productam
1550 2045 1764 2098 formam
1795 2047 2077 2105 rediturus;
2115 2060 2169 2111 p.
2210 2047 2278 2098 70
2316 2046 2357 2095 D

203 2123 375 2164 autem
424 2117 575 2165 unice
622 2116 829 2181 dignam
876 2116 1082 2165 Platone
1136 2131 1308 2165 vocem
1355 2107 1614 2188 μᾷλαγμα
1660 2131 1754 2181 pro
1799 2103 1951 2179 ἅλμα
1997 2107 2247 2179 μαλακὸν
2296 2131 2360 2166 ex

203 2184 442 2250 Longino
490 2183 556 2234 de
593 2184 805 2234 Sublim.
853 2184 1059 2238 XXXII.
1109 2186 1142 2233 5
1186 2191 1235 2233 et
1279 2184 1479 2234 Alcinoi
1514 2185 1733 2250 Isagoge
1772 2201 1817 2240 c.
1859 2184 1928 2237 23
1964 2185 2192 2243 restitui,
2238 2186 2359 2247 quia

205 2268 299 2303 nec
344 2242 496 2317 ἅλμα
535 2253 708 2318 pulmo
749 2254 850 2305 dici
886 2261 1078 2319 potest,
1124 2268 1218 2303 nec
1261 2267 1541 2318 paucorum
1587 2253 1830 2304 librorum
1869 2262 2158 2304 correctura
2198 2243 2359 2317 ἅμμα

206 2336 238 2373 a
271 2322 409 2372 nodo
445 2323 710 2373 luctatorio
753 2323 971 2385 (Krause
1003 2320 1299 2389 Gymnastik
1332 2337 1386 2388 p.
1424 2322 1556 2388 419)
1590 2322 1663 2372 ita
1699 2324 1767 2374 ad
1801 2324 2059 2389 pulverem
2094 2322 2359 2388 palaestri-

209 2405 321 2441 cum
358 2391 623 2441 transferri
659 2399 858 2457 potest,
908 2399 965 2441 ut
1010 2390 1284 2442 exsultanti
1329 2391 1473 2441 cordi
1505 2390 1725 2442 molliter
1759 2393 2062 2458 excipiendo
2096 2392 2355 2443 inserviat.

206 2460 367 2522 Atqui
412 2460 468 2510 id
515 2461 683 2525 ipsum
724 2467 951 2526 praestat
995 2451 1281 2525 μάλαγμα,
1339 2461 1478 2525 quod
1524 2475 1623 2510 nou
1668 2461 1934 2524 fomentum
1982 2468 2175 2510 tantum
2221 2460 2358 2525 apud

206 2529 438 2579 medicos
454 2564 469 2589 ,
501 2529 596 2579 sed
629 2531 768 2595 apud
793 2529 1113 2581 mechanicos
1146 2544 1348 2593 quoque
1375 2529 1513 2579 velut
1539 2532 1748 2581 culcitas
1773 2531 2032 2579 cor-iaceas
2064 2530 2173 2579 sive
2198 2529 2357 2594 pelles

202 2598 322 2663 alga
355 2596 544 2647 farctas
569 2599 840 2664 significat,
869 2600 1052 2664 quibus
1081 2605 1445 2649 tormentorum
1474 2599 1604 2649 ictus
1639 2599 2010 2665 frangerentur,
2040 2599 2109 2653 cf.
2129 2596 2358 2651 Wessel.

208 2667 274 2717 ad
313 2667 524 2720 Diodor.
565 2666 727 2718 XVlI.
765 2669 862 2729 453
903 2669 1042 2731 quod
1077 2675 1244 2717 tamen
1276 2668 1568 2733 ignorantes
1602 2667 1796 2718 librarii
1834 2668 1921 2717 ubi
1957 2667 2115 2717 semel
2152 2667 2360 2732 adjecti-

205 2751 327 2785 vum
373 2729 626 2799 μαλακὸν
673 2739 856 2787 rariori
903 2738 1218 2787 substantivo
1256 2738 1646 2802 substitueram,
1693 2738 1806 2802 ipsa
1852 2744 2139 2786 correctura
2178 2749 2359 2800 supra·

207 2806 397 2869 scripta
432 2821 497 2854 ex
531 2807 881 2857 terminatione
916 2820 1065 2870 αγμα
1095 2805 1244 2855 facile
1280 2809 1333 2855 in
1362 2794 1512 2869 ἅλμα
1544 2807 1758 2855 transire
1792 2812 2008 2871 poterat.
2037 2832 2107 2841 --
2135 2804 2193 2858 P.
2220 2806 2282 2855 71
2314 2804 2361 2852 Α

207 2863 390 2922 αὐτῶν
422 2867 742 2939 αἰσθήσεως
777 2876 816 2925 Ρ
854 2882 904 2925 et
939 2874 1307 2940 SchneideruS,
1343 2860 1420 2923 αὖ
1447 2871 1559 2923 τῶν
1595 2865 1919 2940 αἰσθήσεων
1952 2871 2137 2934 VEST,
2170 2874 2223 2922 in
2260 2886 2361 2935 quo

208 2941 337 2993 illud
370 2943 597 3008 offendit,
633 2945 772 3007 quod
801 2959 982 2994 sensus
1015 2959 1218 3007 quoque
1251 2943 1458 2993 fortuito
1487 2952 1684 2994 tantum
1709 2940 1788 3011 τῷ
1815 2935 2205 3009 ἐπιθυμητικῷ
2243 2957 2361 2992 con-

205 3012 407 3077 tingere
433 3013 747 3071 dicerentur;
781 3013 909 3063 mihi
942 3013 1070 3063 haec
1103 3013 1299 3062 Timaei
1330 3027 1472 3062 mens
1510 3028 1623 3063 esse
1653 3013 1880 3071 videtur,
1915 3012 2246 3077 cupiditatem
2279 3026 2361 3059 ra-

211 3080 375 3130 tiones
420 3095 585 3144 neque
618 3082 933 3148 intelligere,
982 3097 1077 3132 nec
1113 3084 1159 3131 si
1195 3082 1327 3133 forte
1360 3097 1556 3132 sensum
1595 3081 1776 3132 harum
1821 3082 2044 3144 aliquem
2083 3089 2229 3131 nacta
2273 3081 2360 3147 sit,

208 3148 363 3199 valde
399 3164 488 3200 eas
522 3165 731 3212 curare3
765 3152 902 3201 unde
933 3153 1087 3202 etiam
1123 3151 1256 3215 plur.
1290 3143 1475 3200 αὐτῶν
1513 3150 1831 3215 explicatur,
1870 3152 1989 3214 quia
2023 3166 2147 3201 mox
2181 3142 2361 3213 λόγων

209 3219 437 3268 dicturus
470 3219 611 3268 Plato
645 3219 774 3270 haec
807 3220 1026 3285 scripsit.
1050 3244 1111 3256 —-
1139 3220 1300 3269 Etiam
1336 3234 1389 3284 p.
1422 3222 1483 3270 71
1523 3218 1561 3269 G
1598 3227 1648 3270 et
1681 3220 1723 3269 E
1757 3227 1894 3271 recte
1925 3234 2041 3269 cum
2079 3221 2116 3270 P
2154 3217 2366 3268 Schnei-

211 3288 364 3337 derus
401 3281 774 3351 φαντάσματα
806 3304 899 3354 pro
930 3282 1196 3352 φάσματα
1230 3289 1487 3352 reposuit,
1527 3290 1665 3351 quod
1699 3290 1866 3353 ipsum
1906 3288 2059 3354 paulo
2097 3297 2213 3337 ante
2244 3301 2360 3336 cum

210 3345 464 3411 εἰδώλοις
490 3356 633 3407 Plato
661 3358 855 3423 junxit-3
882 3373 934 3423 p.
977 3358 1041 3410 71
1079 3357 1123 3406 D
1161 3365 1332 3406 autem
1368 3359 1572 3422 optione
1604 3358 1747 3417 data,
1783 3363 1954 3408 utrum
1992 3358 2239 3421 optimum
2276 3370 2360 3403 co·

212 3426 379 3476 dicem
429 3416 799 3489 ξυστήσαντες
841 3427 1033 3478 habere
1073 3426 1306 3477 Bekkero
1357 3440 1421 3478 an
1469 3418 1822 3487 ξυνιστοῖντες
1870 3426 2042 3476 Bastic
2086 3423 2357 3481 crederem,
