2602 3928
371 227 501 291 384
1111 222 1679 282 ΠΛΑΤΩΝΟΣ
2314 230 2394 283 66

270 408 339 464 74
373 390 747 472 διαυχένιον
767 380 902 471 ἅμα
924 386 1035 451 καὶ
1053 397 1365 452 νωτιαῖον
1379 378 1632 468 μυελὸν
1642 383 1710 461 ἐξ
1725 377 1939 448 αὐτοῦ’
1953 379 2393 467 σφονδύλους

370 483 629 563 πλάσας
654 478 997 550 ὑπέτεινεν
1030 475 1176 550 οἷον
1210 478 1639 565 στρόφιγγας,
1689 477 2057 564 ἀρξάμενος
2092 474 2223 545 άπό
2263 484 2392 563 τῆς

374 587 685 669 κεφαλῆς,
713 578 820 648 διὰ
842 576 1090 658 παντὸς
1111 585 1235 646 τοῦ
1262 578 1540 656 κύτους·
1579 577 1690 644 καὶ
1729 573 1806 643 τό
1843 582 1979 642 πᾶν
2014 572 2095 661 δὴ
2122 576 2390 660 σπέρμα

373 681 710 761 διασώζων
737 676 914 747 οὕτω
935 681 1259 745 λνθοειδετ
1275 675 1606 764 περιβόλῳ
1629 678 2063 760 ξυνέφραξεν,
2089 678 2391 760 ἐμποιῶν

370 780 615 867 ἄρθρα,
650 786 731 868 τῇ
755 779 1049 864 θατέρου
1069 773 1579 862 προσχρώμενος
1604 776 1681 842 ἐν
1702 770 1926 852 αὐτοῖς
1947 769 2034 851 ὥς
2054 776 2222 861 μέσῃ
2243 776 2382 849 ἐνι-

372 880 661 964 σταμένῃ
696 874 995 961 δυνάμει,
1037 873 1359 960 κινήσεως
1397 875 1509 941 καὶ
1543 871 1854 958 κάμψεως
1885 873 2097 940 ἕνεκα.
2142 872 2268 957 τὴν
2311 868 2381 937 δ’

301 994 341 1044 Β
371 967 461 1043 αὖ
500 982 614 1061 τῆς
663 970 957 1060 ὀστεΐνης
1000 974 1264 1059 φύσεως
1312 972 1449 1051 ἕξιν
1487 967 1910 1057 ἡγησάμενος.
1943 975 2068 1037 τοῦ
2116 972 2386 1048 δέοντος

370 1073 826 1159 κραυροτέραν
869 1068 1037 1139 εἶναι
1080 1072 1191 1138 καὶ
1226 1068 1750 1155 α’καμπτοτέραν,
1807 1065 2141 1154 διάπυρόν
2183 1067 2243 1135 τ’
2292 1060 2385 1133 αὖ

368 1172 769 1255 γιγνομένην
819 1170 929 1237 καὶ
976 1167 1177 1236 πάλιν
1229 1169 1613 1252 ψυχομένην
1667 1170 2166 1251 σφακελίσασαν
2213 1161 2383 1250 ταχὺ

370 1263 764 1352 διαφθερεῖν
802 1264 876 1332 τό
918 1267 1176 1350 σπέρμα
1213 1263 1396 1342 ἐντὸς
1431 1259 1653 1348 αὐτῆς,
1697 1260 1809 1329 διὰ
1844 1270 2053 1330 ταῦτα
2087 1260 2267 1331 οὕτω
2297 1262 2400 1349 τὸ,

368 1369 506 1429 τών
526 1362 789 1449 νεύρων
815 1363 926 1430 καὶ
955 1359 1029 1428 τό
1054 1367 1169 1448 τῆς
1204 1361 1451 1448 σαρκὸς
1484 1362 1676 1446 γένος
1699 1364 2089 1447 ἐμηχανᾶτο,
2131 1364 2244 1429 ’ἶνα
2286 1368 2384 1450 τῷ

371 1463 492 1545 μὲν
516 1458 777 1528 ἅπαντα
797 1459 876 1527 τὰ
896 1461 1056 1546 μέλη
1081 1460 1408 1544 ξυνδήσας
1427 1460 1888 1547 ἐπιτεινομένω
1910 1460 2018 1526 καὶ
2057 1455 2382 1548 άνιεμένςο

371 1562 515 1648 περὶ
537 1558 694 1637 τοὺς
716 1556 1119 1644 στρόφιγγας
1137 1556 1604 1643 καμπτόμενον
1633 1555 1706 1623 τὸ
1743 1561 1935 1641 σῶμα
1957 1556 2068 1623 καὶ
2089 1558 2384 1624 ἐκτεινό-

370 1681 576 1742 μενον
604 1658 895 1741 παρέχοι,
939 1653 1065 1741 τὴν
1103 1659 1173 1723 δὲ
1210 1654 1427 1740 σάρκα
1461 1653 1802 1740 προβολὴν
1835 1651 1959 1738 μὲν
1995 1653 2379 1739 καυμάτων,

367 1751 716 1840 πρόβλημα
738 1755 809 1819 δὲ
829 1752 1193 1838 χειμώνων,
1221 1758 1315 1819 ἔτι
1336 1750 1409 1820 δὲ
1431 1750 1802 1836 πτωμάτων
1824 1744 1990 1834 οἷον,
2027 1748 2109 1818 τὰ
2138 1744 2379 1837 πιλητοὶ

299 1868 338 1918 c
370 1854 641 1918 ἔσεσθαι
661 1848 987 1936 κτήματα,
1027 1848 1282 1935 σώμασι
1323 1855 1629 1935 μαλακαῖς
1665 1849 1775 1915 καὶ
1802 1847 2036 1935 πράως
2074 1845 2381 1917 ὑπείκου-

371 1969 518 2036 σαν,
541 1945 804 2035 θερμὴν
833 1946 903 2016 δὲ
925 1951 1152 2016 νοτίδα
1185 1944 1370 2027 ἐντὸς
1392 1948 1625 2033 ἑαυτῆς
1659 1951 1943 2033 ἔχουσαν
1973 1947 2222 2034 θέρους
2255 1946 2384 2033 μὲν

369 2045 759 2115 άνιδίουσαν
781 2048 891 2114 καὶ
920 2046 1346 2133 νοτιζομένην
1379 2047 1630 2126 ἔξωθεν
1666 2053 1874 2130 ψῦχος
1911 2043 2076 2112 κατὰ
2123 2052 2261 2113 πᾶν
2302 2045 2379 2112 τὸ

371 2152 557 2228 σῶμα
580 2146 886 2232 παρέξειν
909 2148 1186 2230 οἰκεῖον,
1224 2141 1333 2211 διὰ
1363 2150 1684 2229 χειμῶνος
1717 2143 1789 2211 δὲ
1812 2141 2014 2210 πάλιν
2037 2135 2128 2210 αὖ
2158 2145 2379 2233 τούτῳ

367 2254 461 2333 τῷ
491 2246 652 2331 πυρὶ
692 2241 810 2312 τὸν
843 2244 1393 2332 προσφερόμενον
1428 2251 1680 2325 ἔξωθεν
1720 2244 1833 2311 καὶ
1874 2239 2385 2328 περιιστάμενον

366 2343 586 2427 πάγον
626 2339 1027 2427 ἀμυνεῖσθαι
1070 2348 1365 2431 μετρίως.
1426 2350 1631 2410 ταῦτα
1684 2337 1875 2429 ἡμῶν
1920 2339 2300 2424 διανοηθεὶς
2342 2334 2380 2406 ὁ

366 2440 855 2527 κηροπλάστης,
903 2437 1096 2508 ὕδατι
1139 2438 1262 2527 μὲν
1304 2441 1414 2507 καὶ
1454 2441 1615 2526 πυρὶ
1648 2441 1759 2508 καὶ
1804 2447 1891 2529 γῇ
1924 2440 2236 2524 ξυμμίξας
2268 2439 2382 2504 καὶ

283 2558 325 2609 D
362 2535 797 2624 ξυναρμόσας,
823 2538 888 2616 ἐξ
914 2535 1093 2616 ὀξέος
1113 2540 1222 2605 καὶ
1244 2533 1553 2624 ἁλμυροῦ
1584 2538 1850 2616 ξυνθεὶς
1895 2533 2167 2621 ζύμωμα
2205 2529 2380 2599 ὑπο-

366 2643 551 2724 μίξας
573 2636 817 2722 αὐτοῖς,
843 2633 1055 2722 σάρκα
1078 2639 1367 2722 ἔγχυμον
1387 2638 1497 2703 καὶ
1518 2632 1825 2722 μαλακὴν
1846 2638 2197 2718 ξυνέστησε
2215 2657 2231 2673 ·
2254 2629 2382 2718 τὴν

368 2738 438 2802 δὲ
462 2739 600 2802 τών
620 2732 883 2818 νεύρων
908 2731 1120 2818 φύσιν
1137 2734 1205 2813 ἐξ
1240 2729 1444 2801 ὀστοῦ
1479 2733 1589 2801 καὶ
1633 2730 1879 2820 σαρκὸς
1921 2727 2174 2818 άξύμου
2209 2730 2381 2816 κράν

367 2851 531 2911 σεως
551 2838 709 2917 μίαν
730 2832 794 2910 ἐξ
815 2828 1067 2916 ἀμφοῖν
1082 2830 1292 2918 μέσην
1316 2830 1598 2918 δυνάμει
1616 2831 2117 2918 ξυνεκεράσατο,
2143 2833 2380 2917 ξανθῷ

365 2929 657 3016 χρώματι
698 2928 1226 3015 προσχρώμενος.
1295 2927 1468 2998 ὅθεν
1526 2930 2031 3013 συντονωτέραν
2088 2927 2212 3014 μὲν
2264 2930 2380 2994 καὶ

364 3031 831 3114 γλισχροτέραν
854 3034 1142 3114 σαρκῶν,
1167 3031 1642 3114 μαλακωτέραν
1664 3028 1735 3095 δὲ
1757 3027 1975 3095 ὀστῶν
2008 3023 2382 3114 ὑγροτέραν

364 3150 434 3193 τε
477 3125 793 3210 ἐκτήσατο
838 3123 1124 3212 δύναμιν
1168 3133 1376 3211 νεῦρα
1393 3152 1407 3165 ·
1460 3119 1558 3204 οἷς
1601 3123 2107 3213 ξυμπεριλαβων
2148 3121 2184 3193 ὁ
2214 3122 2383 3203 θεὸς

365 3219 526 3289 ὀστᾶ
549 3223 658 3289 καὶ
691 3223 963 3309 μυελόν,
989 3224 1193 3312 δήσας
1215 3224 1383 3311 πρὸς
1404 3221 1655 3310 ἄλληλα
1672 3224 1959 3308 νεύροις,
1982 3219 2143 3309 μετὰ
2166 3226 2379 3289 ταῦτα

294 3331 337 3381 ’Β
372 3321 557 3404 σαρξὶ
600 3318 818 3387 πάντα
860 3318 1028 3389 αὐτὰ
1071 3328 1498 3392 κατεσκίασεν
1551 3322 1841 3392 ἄνωθεν.
1909 3319 2038 3389 ὅσα
2075 3320 2197 3408 μὲν
2248 3311 2378 3389 οὖν

364 3414 778 3502 ἐμψυχότατα
798 3426 935 3486 τών
956 3416 1172 3488 ὀστῶν
1192 3414 1301 3504 ἦν,
1320 3419 1672 3511 ὀλιγίσταις
1690 3423 2098 3506 συνέφραττε
2118 3424 2376 3503 σαρξίν,
