2602 3928
280 232 284 236 ·
394 201 519 266 158
1140 201 1706 260 ΠΛΑΤΩΝΟΣ

391 369 569 433 θῶσι
599 371 1087 450 χαλεπαίνουσι,
1112 368 1233 428 τοῦ
1267 360 1595 446 βαλόντος
1629 356 1750 445 οὐχ
1783 358 2178 447 ἁπτόμεναι;
2228 359 2409 427 Οὐδὲ

392 461 697 550 σμικρόν,
723 468 869 547 ἔφη.
911 457 1168 528 Ἐατέον
1198 458 1331 543 ἄρα
1365 458 1480 536 τὰς
1514 465 1945 544 νεκροσυλίας
1978 460 2087 525 καὶ
2118 454 2236 535 τᾶς
2269 465 2409 524 ταῖν

391 561 795 644 άναιρέσεων
818 558 1277 635 διακωλύσειςς
1318 555 1576 623 Ἐατέον
1597 560 1843 642 μέντοι,
1871 562 2022 642 ἔφη,
2053 554 2136 640 νὴ
2160 562 2313 622 Δία.

557 663 663 724 XV
666 662 712 723 1.
758 654 935 724 Οὐδὲ
956 656 1094 743 μήν
1129 679 1263 722 που
1296 654 1466 739 πρὸς
1498 652 1582 721 τὰ
1618 653 1777 739 ἱερὰ
1798 655 1880 721 τὰ
1918 652 2093 721 ὅπλα
2128 664 2404 740 οἴσομεν

389 756 481 836 ὥς
517 754 994 842 ἀναθήσοντες,
1030 752 1248 832 ἄλλως
1279 779 1349 820 τε
1383 751 1594 820 καὶτὰ
1627 760 1765 819 τῶν
1800 750 2152 838 Ἑλλήνων,
2185 753 2306 819 ἐάν
2341 778 2402 817 τι

253 872 360 928 470
387 853 547 943 ἡμῖν
568 856 732 939 μέλῃ
752 859 869 937 τῆς
889 849 1055 938 πρὸς
1090 848 1246 928 τούς
1276 848 1522 927 ἄλλους
1538 848 1861 934 Ἕλληνας
1894 848 2185 927 εὐνοίας·
2232 856 2401 933 μάλ-

391 960 514 1020 λον
536 953 608 1018 δὲ
628 952 740 1016 καὶ
762 947 1228 1035 φοβησόμεθα,
1247 948 1340 1032 μή
1362 974 1424 1014 τι
1446 939 1756 1034 μίασμαῇ
1781 943 2141 1030 πρὸςίερόν
2163 943 2243 1012 τὰ
2265 968 2402 1011 τοι-

392 1056 562 1117 αὕτα
586 1045 715 1115 άπό
741 1056 878 1114 τῶν
912 1052 1174 1115 οἰκείων
1198 1047 1452 1130 φέρειν,
1489 1043 1610 1112 ἐὰν
1640 1044 1731 1129 μή
1758 1070 1820 1110 τι
1858 1041 1937 1128 δὴ
1970 1040 2006 1110 ὁ
2038 1040 2202 1121 θεὸς
2238 1040 2400 1110 ἄλλο

387 1152 569 1234 λέγῃ.
607 1143 996 1231 Ὀρθότατα,
1018 1148 1165 1228 ἔφη.
1218 1149 1303 1209 Τί
1323 1147 1437 1209 δαί
1440 1172 1458 1223 3
1479 1150 1602 1227 γῆς
1628 1166 1697 1208 τε
1718 1142 2015 1228 τμήσεως
2035 1149 2151 1226 τῆς
2174 1138 2406 1225 Ἑλλη-

394 1251 579 1328 νικῆς
618 1243 730 1308 καὶ
772 1245 999 1307 οἰκιῶν
1036 1238 1419 1325 ἐμπρήσεως
1460 1239 1657 1306 ποῖόν
1686 1244 1756 1305 τί
1785 1258 1890 1305 σοι
1937 1237 2300 1324 δράσουσιν
2339 1240 2410 1303 οἶ

394 1346 787 1422 στρατιῶται
811 1334 974 1420 πρὸς
1009 1336 1167 1415 τοὺς
1198 1343 1581 1421 πολεμίους;
1623 1343 1794 1421 Σοῦ,
1817 1341 1968 1423 ἔφη,
2005 1336 2205 1414 δόξαν
2233 1333 2403 1401 ἀπο-

395 1437 810 1521 φαινομένου
827 1431 1037 1519 ἡδέως
1059 1433 1145 1500 ἂν
1167 1430 1542 1518 ἀκούσαιμι.
1584 1433 1758 1519 Ἐμοὶ
1790 1434 1913 1518 μὲν
1931 1439 2182 1516 τοίνυν,
2217 1424 2307 1517 ἦν
2332 1434 2398 1498 δ’

316 1553 356 1601 Β
394 1533 543 1618 ἐγώ,
588 1536 774 1599 δοκεῖ
806 1531 1067 1598 τούτων
1096 1533 1421 1616 μηδέτερα
1458 1544 1690 1615 ποιεῖν,
1741 1529 1907 1598 άλλά
1949 1528 2072 1599 τὸν
2113 1531 2404 1595 ἐπέτειον

389 1627 650 1715 καρπὸν
692 1626 1157 1714 ἀφαιρεῖσθαι·
1212 1631 1324 1696 καὶ
1368 1621 1466 1696 οἷν
1512 1631 1729 1712 ἕνεκα,
1773 1627 2002 1713 βούλει
2044 1647 2150 1694 σοι
2199 1632 2400 1712 λέγω,

389 1729 588 1794 Πάνυ
613 1753 706 1812 γε.
748 1726 1068 1794 Φαίνεταί
1088 1753 1220 1812 μοι,
1248 1725 1470 1809 ὥσπερ
1495 1728 1602 1793 καὶ
1626 1725 2014 1811 ὀνομάζεται
2047 1723 2169 1791 δύο
2193 1733 2400 1794 ταῦτα

391 1824 707 1910 ὀνόματα,
732 1824 1019 1909 πόλεμός
1041 1851 1110 1890 τε
1132 1826 1239 1891 καὶ
1259 1824 1505 1907 στάσις,
1530 1821 1705 1889 οὕτω
1732 1823 1844 1890 καὶ
1866 1821 2033 1890 εἶναι
2058 1823 2204 1908 δύο,
2239 1822 2401 1891 ὄντα

391 1927 496 1991 ἐπὶ
518 1928 710 1991 δυοῖν
730 1935 942 1990 τινοῖν
966 1926 1340 2006 διαφοραῖν.
1377 1924 1547 2007 λέγω
1570 1921 1641 1989 δὲ
1664 1919 1742 1988 τοὶ
1773 1923 1896 1989 δύο
1916 1921 1990 1990 τὸ
2011 1921 2133 2008 μὲν
2158 1927 2405 1990 οἰκεῖον

390 2022 499 2087 καὶ
522 2021 849 2104 ξυγγενές,
875 2017 949 2084 τό
976 2018 1046 2085 δὲ
1072 2016 1423 2104 ἀλλότριον
1445 2022 1554 2087 καὶ
1571 2016 1860 2088 ὀθνεῖον.
1906 2022 2009 2087 ἐπὶ
2030 2019 2152 2105 μὲν
2174 2012 2301 2085 οὖν
2320 2028 2399 2105 τῇ

388 2125 512 2185 τοῦ
548 2121 799 2184 οἰκείου
822 2121 1031 2204 ἔχθρᾳ
1067 2117 1291 2195 στάσις
1323 2120 1645 2202 κέκληται,
1683 2120 1788 2184 ἐπὶ
1823 2119 1894 2184 δὲ
1929 2125 2011 2204 τῇ
2044 2126 2167 2184 τοῦ
2201 2114 2401 2184 ἄλλο-

390 2221 579 2300 τρίου
608 2211 909 2298 πόλεμος.
955 2215 1085 2280 Καὶ
1118 2212 1321 2282 οὐδέν
1364 2238 1459 2298 γε,
1503 2219 1652 2299 ἔφη,
1697 2212 1827 2281 ἄπο
1872 2214 2126 2300 τρόπον
2170 2216 2396 2297 λέγεις,

320 2310 543 2397 οὍρα
572 2309 652 2396 δὴ
686 2313 795 2378 καὶ
822 2317 881 2378 εί
912 2310 1062 2377 τόδε
1096 2309 1264 2394 πρὸς
1297 2310 1551 2394 τρόπου
1581 2313 1769 2396 λέγω.
1817 2312 1985 2397 φημὶ
2016 2307 2146 2396 γὰρ
2177 2308 2251 2377 τὰ
2279 2311 2405 2396 μὲν

295 2456 300 2460 -
379 2405 764 2494 Ἑλληνικὸν
798 2413 990 2493 γένος
1030 2406 1191 2475 αὐτὸ
1235 2406 1419 2494 αὐτῷ
1459 2414 1704 2476 οἰκεῖον
1738 2407 1905 2476 εἶναι
1928 2411 2038 2476 καὶ
2071 2410 2406 2494 ξυγγενές,

390 2512 480 2594 τῷ
510 2509 581 2572 δὲ
615 2512 1001 2595 βαρβαρικῷ
1032 2503 1308 2574 ὀθνεῖόν
1349 2533 1419 2574 τε
1461 2509 1571 2573 καὶ
1616 2504 1984 2593 ἀλλότριον.
2023 2512 2262 2584 Καλῶς
2303 2529 2400 2589 γε,

389 2606 534 2687 ἔφη.
564 2600 885 2688 Ἕλληνας
906 2605 1028 2687 μὲν
1048 2601 1179 2687 ἄρα
1198 2603 1563 2689 βαρβάροις
1583 2603 1693 2670 καὶ
1721 2603 2104 2689 βαρβάρους
2132 2600 2403 2687 Ἕλλησι

389 2708 700 2784 πολεμεῖν
737 2702 1149 2785 μαχομένους
1197 2725 1267 2767 τε
1309 2700 1611 2786 φήσομεν
1657 2703 1765 2767 καὶ
1808 2708 2162 2784 πολεμίους
2197 2699 2402 2785 φύσει

390 2796 576 2882 εἶναι,
601 2798 711 2864 καὶ
730 2797 1023 2882 πόλεμον
1041 2796 1166 2883 τὴν
1201 2802 1454 2882 ἔχθραν
1473 2798 1722 2882 ταύτην
1744 2799 2051 2882 κλητέον·
2082 2792 2404 2882 Ἕλληνας

388 2897 461 2961 δὲ
474 2890 800 2979 Ἕλλησιν,
816 2892 979 2960 ὅταν
991 2921 1053 2961 τι
1073 2902 1334 2961 τοιοῦτο
1360 2898 1586 2978 δρῶσι,
1601 2894 1803 2979 φύσει
1813 2893 1936 2979 μὲν
1949 2901 2188 2979 φίλους
2205 2892 2400 2977 εἶναι,

311 3015 355 3064 1)
392 3006 616 3059 νοσεῖν
639 2990 699 3057 δ’
728 2993 801 3058 ἐν
834 3001 927 3081 τῷ
962 2991 1236 3082 τοιούτω
1270 2990 1395 3079 τὴν
1424 2989 1704 3059 Ἑλλάδα
1736 2993 1847 3059 καὶ
1880 2990 2262 3075 στασιάζειν,
2289 2994 2401 3057 καὶ

389 3088 624 3155 στάσιν
645 3086 767 3173 τὴν
778 3087 1097 3174 τοιαύτην
1114 3093 1366 3174 ἔχθραν
1388 3093 1681 3174 κλητέον.
1722 3086 1882 3174 Ἐγώ
1897 3093 2038 3175 μέν,
2065 3094 2211 3173 ἔφη,
2239 3092 2398 3171 ξυγ-
2490 3099 2497 3104 “
2585 3061 2592 3108 ⁴¹

388 3190 579 3270 χωρῶ
607 3181 784 3253 οὕτω
808 3191 1113 3271 νομίζειν.
1136 3187 1393 3255 Σκόπει
1417 3187 1520 3274 δή,
1548 3186 1753 3272 εἶπον,
1781 3186 1880 3255 ὅτι
1903 3189 1976 3254 ἐν
1996 3193 2078 3273 τῇ
2091 3193 2221 3252 νῦν
2243 3182 2397 3270 ὁμο-

387 3286 761 3368 λογουμένῃ
780 3283 1026 3367 στάσει,
1049 3281 1223 3352 ὅπου
1256 3282 1344 3352 ἅν
1375 3311 1437 3351 τι
1469 3294 1775 3354 τοιοῦτον
1806 3288 2074 3370 γένηται
2106 3285 2216 3351 καὶ
2249 3287 2397 3349 δια-

388 3388 511 3466 στῇ
546 3379 753 3466 πόλις,
792 3379 910 3450 ἐὰν
955 3382 1252 3468 ἑκάτεροι
1292 3384 1620 3467 ἑκατέρων
1655 3386 1982 3470 τέμνωσιν
2006 3381 2254 3466 άγρούς
2286 3385 2395 3448 καὶ
