2602 3928
382 197 507 261 166
1112 195 1687 255 ΠΛΑΤΩΝΟΣ

379 360 627 429 τούτου
649 357 771 445 μὲν
782 355 908 443 τὴν
921 354 1226 424 διάνοιαν
1248 352 1337 435 ὥς
1356 353 1843 440 γιγνώσκοντος
1863 353 2143 443 γνώμην
2161 382 2249 422 αν
2275 353 2393 441 ὀρ-

381 465 527 537 θῶς
548 471 794 544 φαῖμεν
815 454 1002 538 εἶναι,
1026 462 1148 522 τοῦ
1172 454 1244 522 δὲ
1269 451 1469 532 δόξαν
1493 450 1582 531 ὡς
1604 451 2021 534 δοξάζοντοςς
2050 453 2250 522 Πάνυ
2269 454 2394 540 μὲν

382 583 527 624 ουν.
578 563 662 624 Τί
676 551 825 640 οὖν,
850 553 967 624 §Bw
997 551 1157 641 ἡμῖν
1190 559 1552 639 χαλεπαίνῃ
1585 542 1803 639 οὗτος,
1837 549 1922 620 ὄν
1952 579 2175 639 φαμεν
2198 550 2395 632 δοξά-

385 660 518 736 ζειν
548 651 697 723 ἀλλ’
733 651 817 721 οὐ
852 652 1272 739 γιγνώσκειν,
1310 652 1421 718 καὶ
1453 648 1840 737 ἀμφισβητῇ
1874 647 1963 730 ὥς
1997 648 2123 720 οὐκ
2169 649 2392 738 ἀληθῆ

305 766 345 817 Ε
380 757 681 839 λέγομεν,
728 753 959 836 ἕξομέν
1011 776 1075 817 τι
1120 756 1672 834 παραμυθεῖσθαι
1723 742 1936 815 αὐτὸν
1976 750 2087 817 καὶ
2129 755 2392 817 πείθειν

378 847 592 937 ἠρέμα
626 848 1203 935 ἐπικρυπτόμενοι,
1242 847 1346 915 ὄτι
1378 844 1501 932 οὐχ
1533 844 1844 932 ὑγιαίνεις
1885 856 2018 915 Δεῖ
2040 849 2122 933 γε’
2149 873 2251 915 τοι
2284 847 2392 935 δή,

380 954 531 1035 ἔφη.
563 947 697 1018 ’Ίθι
718 946 822 1033 δή,
846 946 1079 1014 σκόπει
1098 953 1166 1014 τί
1181 948 1465 1031 ἐροῦμεν
1490 944 1659 1029 πρὸς
1682 940 1905 1013 αὐτόν.
1944 941 1993 1031 ἦ
2008 944 2238 1031 βούλει
2261 938 2393 1013 ὦδε

381 1046 892 1131 πυνθανώμεθα
914 1042 1074 1130 παρ’
1098 1043 1329 1130 αὐτοῦ,
1353 1045 1676 1129 λέγοντες,
1701 1039 1791 1121 ὥς
1812 1051 1880 1111 εἴ
1891 1069 1954 1110 τι
1975 1040 2155 1110 οἶδεν
2176 1042 2395 1124 οὐδεὶς

381 1147 566 1238 αὖτω
606 1146 891 1233 φθόνος,
936 1142 1085 1213 ἀλλ’
1123 1142 1400 1231 ἅσμενοι
1436 1170 1524 1211 αν
1565 1148 1820 1229 ἴδοιμεν
1857 1143 2076 1211 εἰδότα
2115 1169 2198 1227 τι,
2239 1141 2388 1213 ἀλλ’

377 1243 539 1331 ἡμῖν
574 1242 714 1313 είπὲ
741 1242 925 1312 τόδε·
970 1239 1007 1310 ὁ
1039 1242 1437 1328 γιγνώσκων
1469 1241 1827 1328 γιγνώσκει
1853 1237 1992 1309 τὶ”
1946 1269 1987 1329 η
2028 1239 2262 1335 οὐδένς
2305 1239 2392 1309 σύ
2477 1293 2480 1296 -

381 1335 508 1410 οὖν
551 1367 665 1428 μοι
708 1338 875 1426 ὑπὲρ
920 1343 1179 1408 ἐκείνου
1220 1337 1610 1426 ἀποκρίνου.
1657 1338 2193 1429 Ἀποκρινοῦμαι,
2241 1345 2389 1426 ἔφη,

247 1456 346 1512 47⁷
380 1438 484 1509 ὄτι
503 1437 857 1526 γιγνώσκει
876 1446 957 1506 τί.
995 1434 1346 1523 Πότερον’
1320 1436 1400 1506 όν
1422 1435 1467 1525 ἢ
1494 1435 1620 1508 οὐκ
1643 1437 1757 1518 ὄν;
1780 1437 1935 1507 ’‘Ov·
1981 1445 2119 1518 πῶς
2145 1436 2277 1524 γὰρ
2303 1463 2389 1505 αν

378 1538 467 1627 μὴ
491 1538 572 1607 ὄν
592 1539 672 1622 γε’
687 1563 750 1604 τι
777 1542 1147 1623 γνωσθείη;
1174 1534 1445 1616 Ἰκανώς
1478 1530 1608 1604 οὖν
1641 1544 1838 1605 τοῦτο
1873 1543 2129 1624 ἔχομεν,
2169 1563 2299 1604 καν
2333 1542 2395 1604 εἰ

379 1643 711 1724 πλεοναχῇ
743 1647 1123 1721 σκοποῖμεν,
1160 1631 1264 1701 ὄτι
1293 1633 1370 1701 τό
1404 1635 1528 1720 μὲν
1560 1641 1898 1714 παντελῶς
1939 1629 2022 1703 ὂν
2056 1642 2392 1712 παντελῶς

377 1734 705 1821 γνωστόν,
731 1730 818 1820 μὴ
846 1730 931 1801 ὄν
950 1732 1023 1802 δὲ
1043 1736 1312 1821 μηδαμῇ
1335 1731 1552 1821 πάντῃ
1572 1730 1953 1818 άγνωστονς
1977 1731 2387 1801 Ἱκανώτατα.

378 1832 536 1902 Εἶεν
555 1859 568 1872 ·
618 1839 678 1900 εἰ
696 1832 768 1899 δὲ
790 1833 872 1917 δή
892 1858 957 1899 τι
990 1829 1204 1909 οὕτως
1240 1836 1369 1916 ἔχει
1401 1831 1490 1910 ὡς
1513 1828 1685 1899 εἶναί
1703 1856 1776 1898 τε
1808 1834 1920 1899 καὶ
1953 1828 2041 1918 μὴ
2080 1829 2273 1915 εἶναι,
2306 1829 2390 1897 οὐ

376 1929 618 2017 μεταξὺ
640 1925 728 1997 ἂν
749 1933 966 2022 κέοιτο
988 1934 1109 1996 τοῦ
1134 1931 1499 2012 εἰλικρινῶς
1521 1927 1714 2008 ὄντος
1737 1929 1846 1997 καὶ
1864 1936 1988 1997 τοῦ
2009 1922 2099 1996 αὖ
2120 1933 2388 2016 μηδαμῇ

377 2028 604 2108 ὄντος;
649 2025 944 2106 Μεταξύ.
994 2023 1318 2095 Οὐκοῦν*
1341 2031 1522 2096 ἐπεὶ*
1547 2030 1652 2096 ἐπὶ
1687 2029 1811 2113 μὲν
1843 2035 1936 2119 τῷ
1970 2027 2114 2096 ὄντι
2144 2036 2385 2113 γνῶσις

374 2119 483 2212 ἦν,
524 2122 820 2209 ἀγνωσία
854 2120 915 2191 δ’
967 2126 1031 2203 ἐξ
1065 2122 1361 2211 ἀνάγκης
1404 2126 1508 2193 ἐπὶ
1548 2126 1636 2210 μὴ
1672 2124 1836 2209 ὄντι,
1873 2127 1978 2192 ἐπὶ
2009 2131 2100 2214 τῷ
2147 2127 2391 2211 μεταξύ

309 2245 349 2295 Β
383 2224 601 2311 τούτῳ
633 2221 873 2309 μεταξύ
894 2249 957 2290 τι
986 2224 1095 2290 καὶ
1127 2225 1434 2310 ζητητέον
1460 2221 1732 2308 ἀγνοίας
1761 2250 1832 2291 τε
1865 2225 1977 2290 καὶ
2011 2224 2390 2310 ἐπιστήμης,

376 2331 443 2389 εἴ
467 2348 531 2389 τι
558 2322 869 2408 τυγχάνει
889 2316 970 2387 ὄν
992 2329 1327 2399 τοιοῦτον;
1357 2322 1556 2390 Πάνυ
1588 2319 1710 2407 μὲν
1745 2313 1891 2389 οὖν.
1944 2312 2080 2406 Ἆρ’
2127 2315 2256 2389 οὖν
2281 2325 2393 2391 λε’-

371 2421 582 2505 γομέν
614 2446 677 2487 τι
713 2420 916 2500 δόξαν
943 2418 1141 2501 εἶναι;
1183 2427 1342 2499 Παῖς
1374 2416 1501 2506 γὰρ
1524 2419 1664 2500 ὀὓς
1698 2419 2001 2504 Πότερον
2033 2418 2243 2506 ἄλλην
2278 2420 2392 2487 δυ’-

374 2543 580 2602 ναμιν
624 2516 975 2605 ἐπιστήμης
1016 2513 1063 2605 ἦ
1103 2516 1226 2605 τὴν
1262 2516 1511 2604 αὐτήνς
1552 2516 1817 2603 Ἄλλην.
1867 2514 2008 2586 Ἐπ’
2045 2516 2225 2608 ἄλλῳ
2259 2516 2392 2602 ἄρα

371 2615 674 2683 τέτακται
703 2615 862 2695 δόξα
891 2617 1002 2683 καὶ
1044 2612 1145 2683 ἐπ’
1182 2614 1362 2705 ἄλλῳ
1407 2614 1726 2700 ἐπιστήμη
1742 2664 1761 2697 ,
1805 2611 1972 2681 κατὰ
2007 2611 2135 2699 τὴν
2179 2612 2394 2702 ἀλλην

363 2713 668 2799 4δύναμιν
708 2712 980 2797 ἑκατέρα
1021 2710 1146 2798 τὴν
1188 2713 1411 2799 αὐτῆς.
1469 2711 1684 2781 Οὕτω.
1758 2710 2031 2781 Οὐκοῦν
2070 2710 2390 2798 ἐπιστήμη

365 2808 493 2895 μὲν
532 2812 636 2877 ἐπὶ
661 2815 754 2898 τῷ
788 2805 932 2875 ὄντι
967 2811 1225 2894 πέφυκε
1266 2816 1524 2895 γνῶναι
1560 2806 1648 2888 ὥς
1684 2814 1821 2877 ἔστι
1854 2807 1927 2877 τὸ
1973 2807 2089 2891 ὄν;
2135 2816 2393 2895 μᾶλλον

371 2906 446 2975 δὲ
479 2899 613 2974 ώδέ
653 2931 769 2992 μοι
812 2910 1000 2973 δοκεῖ·
1028 2905 1359 2992 πρότερον
1403 2905 1771 2993 ἀναγκαῖον
1814 2906 1983 2975 εἶναι
2026 2910 2385 2975 διελέσθαι.

372 3010 564 3084 Πῶς;
1988 3069 1991 3073 ,

301 3127 341 3180 0
540 3104 696 3168 XXI.
742 3100 1053 3188 Φήσομεν
1089 3102 1404 3189 δυνάμεις
1439 3101 1610 3171 εἶναι
1653 3106 1844 3186 γένος
1883 3128 1945 3170 τι
1976 3108 2113 3169 τῶν
2144 3100 2384 3185 ὄντων,

372 3191 475 3277 αἷς
505 3197 585 3284 δὴ
618 3201 727 3265 καὶ
759 3196 946 3284 ἡμεῖς
975 3202 1334 3286 δυνάμεθα
1367 3197 1412 3267 ἃ
1440 3199 1792 3286 δυνάμεθα
1824 3203 1936 3269 καὶ
1973 3198 2135 3268 ἄλλο
2171 3209 2307 3266 πᾶν
2346 3196 2389 3265 ὄ

309 3318 314 3322 ·
367 3304 435 3362 τί
461 3317 583 3379 περ
607 3292 694 3363 ἂν
716 3295 1017 3381 δύνηται,
1050 3291 1193 3364 οἷον
1216 3301 1386 3383 λέγω
1421 3296 1581 3377 ὄψιν
1615 3300 1727 3365 καὶ
1761 3294 1973 3384 ἀκοὴν
2005 3304 2141 3364 τών
2176 3294 2390 3363 δυνά-

367 3417 548 3475 μεων
566 3390 753 3479 εἶναι,
779 3397 842 3461 εί
866 3391 997 3480 ἄρα
1020 3394 1393 3479 μανθάνεις
1414 3391 1452 3461 ὃ
1486 3395 1814 3480 βούλομαι
1834 3396 2053 3480 λέγειν
2087 3390 2161 3460 τὸ
2193 3391 2388 3473 εἶδος.
