2602 3928
871 200 1452 258 ΠΟΛΙΤΕΙΑΣ
1488 198 1555 258 δ.
2100 198 2223 262 105

203 380 401 438 τερον
420 355 588 441 πρὸς
619 366 820 425 τοῦτο
854 361 1211 445 βλέποντες
1249 356 1408 436 τοὺς
1439 358 1744 443 φύλακας
1775 367 2220 446 καθιστῶμεν,

203 451 387 532 ὅπως
408 453 448 520 ὅ
468 481 532 522 τι
549 461 819 541 πλείστη
844 452 1072 534 αὐτοῖς
1083 452 1474 540 εὐδαιμονία
1495 455 1935 542 ἐγγενήσεται,
1960 451 2006 542 ἦ
2023 465 2221 526 τοῦτο

203 551 328 635 μὲν
349 557 441 630 εἰς
459 550 584 639 τὴν
605 552 801 621 πόλιν
819 553 985 639 ὅλην
1005 556 1372 639 βλέποντας
1381 555 1665 620 θεατέον
1687 557 1748 621 εί
1764 556 1983 640 ἐκείνῃ
2004 556 2226 639 ἐγγίγ-

206 673 406 733 νεται,
449 646 607 727 τούς
651 647 714 716 δ’
782 650 1179 733 ἐπικούρους
1233 648 1517 727 τούτους
1569 653 1680 718 καὶ
1723 649 1880 730 τούς
1922 650 2225 735 φύλακας

205 748 418 818 ἐκεῖνο
453 746 909 831 ἀναγκαστέον
939 761 1154 814 ποιεῖν
1173 749 1287 814 καὶ
1326 751 1654 832 πειστέον,
1690 745 1872 827 ὅπως
1898 746 1940 815 ὅ
1978 774 2043 816 τι
2071 747 2223 832 ἀρι-
2255 770 2291 821 c

207 863 355 909 στοι
394 847 788 930 δημιουργοὶ
827 853 953 912 τοῦ
1000 845 1258 913 ἑαυτῶν
1299 850 1503 929 ἔργον
1556 847 1841 930 ἔσονται,
1901 846 2013 912 καὶ
2068 842 2228 923 τούς

207 939 453 1020 ἄλλους
474 942 770 1022 ἅπαντας
791 938 1126 1028 ῶσαύτως,
1142 944 1252 1009 καὶ
1272 939 1453 1010 οὕτω
1468 942 1814 1030 ξυμπάσης
1832 949 1951 1029 τῆς
1971 940 2228 1022 πόλεως

205 1035 661 1126 αὐξανομένης
673 1043 785 1108 καὶ
806 1049 1027 1119 καλῶς
1045 1043 1454 1126 οἰκιζομένης
1474 1043 1707 1108 ἐατέον
1725 1039 1907 1119 ὅπως
1927 1040 2227 1120 ἑκάστοις

205 1149 342 1214 τοῖς
380 1140 653 1204 ἔθνεσιν
681 1134 723 1223 ἡ
759 1137 964 1222 φύσις
990 1134 1357 1205 ἀποδίδωσι
1386 1146 1510 1206 τοῦ
1543 1136 2080 1225 μεταλαμβάνειν
2110 1135 2227 1205 εὖ·-

210 1237 572 1318 δαιμονίας.

378 1336 452 1398 11.
494 1328 693 1416 Ἀλλ’,
725 1327 772 1420 ἦ
804 1332 869 1401 δ’
896 1332 991 1416 ὅς,
1015 1341 1234 1412 καλῶς
1253 1359 1368 1420 μοι
1391 1337 1605 1412 δοκεῖς
1624 1337 1866 1419 λέγειν..
1896 1328 2040 1419 ‘Ap’
2076 1326 2224 1421 οὖν,

208 1422 293 1514 ἦν
314 1429 382 1497 δ’
407 1431 557 1518 ἐγώ,
594 1434 704 1500 καὶ
723 1431 798 1499 τό
837 1434 1084 1500 τούτου
1125 1429 1424 1517 ἀδελφὸν
1458 1430 1630 1512 δόξω
1660 1451 1766 1499 σοι
1800 1442 2076 1518 μετρίως
2116 1436 2229 1500 λέ·-

208 1553 386 1612 ram
439 1534 524 1596 Τί
537 1528 852 1615 μάλιστα;
904 1531 1079 1609 Τούς
1109 1530 1357 1609 ἄλλους
1391 1521 1481 1598 αὖ
1510 1529 1958 1618 δημιουργούς
1993 1528 2228 1598 σκόπει

211 1630 270 1690 εἰ
289 1625 446 1691 τάδε
470 1628 865 1713 διαφθείρει,
907 1626 1077 1695 ὥστε
1100 1629 1211 1694 καὶ
1236 1626 1488 1705 κακούς
1507 1631 1880 1712 γύγνεσθαι.
1943 1625 2040 1694 To}
2068 1640 2224 1694 ποῖα
2251 1643 2295 1692 D

210 1720 291 1805 δὴ
322 1727 562 1803 ταῦτα;
595 1731 915 1810 Πλοῦτος,
943 1717 1031 1810 ἦν
1053 1722 1115 1805 δῖ
1144 1724 1293 1810 ἐγώ,
1318 1726 1429 1793 καὶ
1445 1730 1662 1792 πενία.
1703 1729 1860 1801 Πῶς
1881 1723 1967 1809 δή
1982 1752 2001 1805 ;
2032 1714 2223 1791 Ὧδε·

209 1820 587 1905 πλουτήσας
616 1819 895 1906 χυτρεὺς
924 1827 1111 1889 δοκεῖ
1145 1841 1270 1890 σοι.
1295 1828 1389 1889 ἔτι
1427 1819 1742 1908 θελήσειν
1776 1823 2227 1908 ἐπιμελεῖσθαι

211 1925 323 2004 τῆς
342 1918 602 2005 τέχνης;
651 1915 999 2006 Οὐδαμῶς,
1031 1926 1181 2007 ἔφη.
1234 1917 1464 2007 Ἀργός
1500 1922 1573 1989 δὲ
1602 1921 1714 1988 καὶ
1748 1916 1995 2006 ἀμελὴς
2028 1917 2230 2005 γενή-

210 2034 393 2083 σεται
435 2024 692 2101 μᾶλλον
733 2015 937 2097 αὐτὸς
978 2016 1221 2101 αὐτοῦς
1262 2019 1457 2086 Πολύ
1504 2043 1600 2104 γε.
1656 2015 1935 2085 Οὐκοῦν
1976 2022 2229 2085 κακίων

208 2112 488 2197 χυτρεὺς
517 2119 842 2199 γίγνεταις
895 2117 1029 2183 Καὶ
1060 2123 1282 2199 τοῦτο,
1325 2122 1476 2202 ἔφη,
1524 2116 1720 2183 πολύ.
1788 2117 1921 2183 Καὶ
1952 2114 2087 2201 μὴν
2119 2116 2231 2190 καὶ

211 2210 468 2294 ὄργανά
489 2237 565 2296 γε
586 2210 674 2298 μὴ
699 2218 867 2298 ἔχων
889 2217 1295 2300 παρέχεσθαι
1317 2212 1448 2282 ὑπὸ
1475 2220 1708 2293 πενίας
1740 2213 1786 2301 ἤ
1817 2241 1882 2280 τι
1904 2212 2066 2280 ἄλλο
2092 2220 2230 2279 τῶν

213 2314 305 2388 εἰς
327 2310 452 2394 τήν
473 2314 729 2397 τέχνην,
752 2310 835 2379 τά
856 2338 927 2380 τε
951 2319 1110 2396 ἔργα
1133 2313 1550 2400 πονηρότερα
1571 2311 1918 2397 ἐργάσεται
1940 2310 2228 2389 καὶτοὺς
2257 2338 2297 2389 Ε

194 2410 374 2489 ιυἱεῖς
408 2405 454 2493 ἦ
491 2408 738 2489 ἄλλους
773 2409 893 2489 οὓς
930 2407 1018 2480 ἀν
1048 2409 1326 2499 διδάσκῃ
1349 2417 1609 2497 χείρους
1640 2410 2090 2496 δημιουργούς
2127 2413 2229 2477 δι-

211 2505 488 2584 δάξεται.
529 2514 687 2586 Πῶς
708 2504 770 2575 δ’
811 2507 930 2588 οὕς
966 2504 1116 2576 ‘Pu’
1160 2505 1561 2596 ἀμφοτέρων
1594 2509 1712 2594 δή,
1751 2512 1982 2586 πενίας
2015 2533 2085 2575 τε
2118 2508 2230 2573 καὶ

212 2601 528 2689 πλούτου,
552 2611 747 2690 χείρω
766 2610 889 2691 μὲν
909 2607 990 2675 τὰ
1013 2615 1150 2675 τῶν
1169 2613 1422 2692 τεχνῶν
1445 2612 1628 2689 ἔργα,
1642 2613 1903 2693 χείρους
1924 2603 1996 2672 δὲ
2015 2601 2227 2671 αὐτοί.

214 2705 546 2768 Φαίνεται.
577 2701 809 2790 Ἕτερα
834 2706 940 2790 δή,
967 2701 1057 2784 ὥς
1074 2709 1271 2788 ἔοικε,
1294 2717 1433 2782 τοῖς
1450 2702 1741 2789 φύλαξιν
1761 2699 2158 2790 εὑρήκαμεν,
2185 2696 2228 2767 ἃ

213 2799 407 2865 παντῖ
440 2799 666 2889 τρόπῳ
705 2795 1088 2886 φυλακτέον
1122 2800 1307 2880 ὅπως
1341 2800 1595 2886 μήποτε
1638 2798 1886 2878 αύτούς
1917 2799 2102 2884 λήσει
2136 2804 2229 2875 εἰς

210 2897 335 2981 τήν
369 2897 566 2965 πόλιν
601 2901 1012 2983 παραδύντα.
1069 2909 1241 2970 Ποῖα
1274 2906 1518 2980 ταῦτα;
1558 2898 1866 2976 Πλοῦτός
1895 2923 1988 2982 τε,
2029 2887 2119 2983 ἦν
2161 2890 2225 2963 δ’

212 2993 363 3079 ἐγώ,
385 2997 495 3062 καὶ
517 3003 732 3081 πενία,
759 2993 849 3074 ῶς
869 3005 994 3064 τοῦ
1025 2996 1147 3082 μὲν
1168 2995 1438 3083 τρυφὴν
1460 2996 1571 3063 καὶ
1592 2991 1834 3078 ἀργίαν
1856 2995 1966 3063 καὶ
1987 3019 2189 3063 νεωτε
2205 3032 2230 3044 ·
2263 3023 2367 3077 422

211 3092 450 3178 ρισμόν
481 3100 855 3178 ποιοῦντος,
890 3102 1013 3162 τοῦ
1048 3094 1139 3182 δὲἱ
1164 3092 1651 3175 ἀνελευθερίαν
1681 3094 1794 3160 καὶ
1827 3098 2228 3177 κακοεργίαν

209 3187 376 3273 πρὸς
407 3197 500 3278 τῷ
538 3200 978 3278 νεωτερισμῷ.
1020 3193 1224 3261 Πάνυ
1256 3194 1382 3278 μὲν
1415 3183 1564 3276 οὖν,
1602 3196 1747 3278 ἔφη.
1790 3191 1947 3259 τόδε
1980 3194 2229 3278 μέντοι,

211 3280 266 3355 ῶ
285 3289 662 3373 Σώκρατες,
688 3290 941 3377 σκόπει,
961 3301 1105 3370 πῶς
1123 3287 1282 3378 ἡμῖν
1313 3288 1356 3376 ἡ
1394 3290 1585 3368 πόλις
1607 3293 1714 3357 οἵα
1735 3286 1795 3355 τ’
1824 3293 2006 3356 ἔσται
2029 3294 2233 3355 πολε-

207 3403 377 3475 μεῖν,
402 3389 675 3458 ἐπειδὰν
694 3389 996 3475 χρήματα
1018 3386 1109 3474 μή
1131 3392 1495 3477 κεκτημένη
1511 3380 1578 3476 ᾖ,
1594 3387 1810 3465 ἄλλως
1830 3411 1900 3453 τε
1915 3381 2046 3453 κάν
2063 3378 2235 3466 πρὸς
