2602 3928
252 206 382 303 x‘xw
1087 242 1564 298 PRAEFATIO.

247 386 402 452 hujus
449 385 801 436 auctoritatem
845 382 924 434 vel
972 383 1090 433 ideo
1126 382 1367 447 praetuli,
1421 382 1538 444 quia
1586 382 1699 446 ipse
1742 380 1905 430 Bekk.
1944 387 2002 431 ut
2041 394 2205 445 nuper
2242 380 2395 429 etiam

251 455 428 506 Stallb.
467 469 711 519 praeseus
746 453 978 512 retinuit3
1016 467 1128 503 meo
1166 451 1373 514 quidem
1398 450 1593 515 judicio
1625 450 1694 500 ad
1728 463 1937 500 sensum
1973 463 2176 513 quoque
2206 449 2396 515 aptius,

250 526 336 588 qui
375 523 432 575 id
467 531 668 588 tempus
701 522 940 587 respicit,
989 536 1090 583 quo
1126 521 1346 571 maxime
1383 519 1456 569 dii
1500 533 1709 584 corpora
1741 519 1968 570 humana
2000 518 2394 568 fabricabantur.

249 623 320 635 --
366 595 422 645 P.
460 591 527 643 73
572 590 616 641 D
663 590 953 658 praeclarae
979 589 1304 640 Valckenarii
1341 588 1659 652 conjecturae
1704 587 1771 638 ad
1813 588 1985 652 Eurip.
2029 586 2238 637 Phoeu.
2261 583 2397 638 1085

249 659 549 728 περίβολον
589 676 683 726 pro
729 654 860 723 περὶ
891 647 1025 710 ὅλον
1074 658 1241 710 locum
1278 670 1472 723 negare
1517 656 1685 715 nolui;
1735 657 1975 722 deinceps
2023 671 2143 709 vero
2179 655 2248 705 ad
2280 656 2394 705 Par.

248 745 484 787 reversus
526 727 876 779 κατελείπετο
922 743 1016 794 pro
1061 722 1383 776 κατελίπετο
1396 761 1411 785 ,
1468 727 1589 776 item
1634 739 1687 790 p.
1739 726 1805 776 75
1845 731 1893 775 A
1941 718 2071 789 περὶ
2118 717 2190 773 τὰ
2237 723 2393 788 vulgo

249 801 496 851 omissum
534 814 651 849 oum
687 797 862 849 Stallb.
903 804 952 847 et
987 795 1294 847 Schneider«)
1331 795 1596 855 revocavi,
1633 808 1729 844 nec
1763 809 1818 859 p.
1855 793 1923 845 76
1947 794 1988 843 Β
2026 792 2257 857 quamvis
2294 792 2397 841 ele-

248 870 388 936 ganti
426 866 601 921 Corais
644 866 926 932 suspicioni
961 865 1015 915 id
1051 866 1235 925 tribui,
1283 871 1341 913 ut
1379 856 1692 928 τρηθέντος
1731 865 1902 929 potius
1939 878 2053 913 oum
2086 861 2206 913 Bs'r
2241 875 2396 925 quam

248 932 568 1000 τρωθέντος
605 951 722 986 cum
762 934 1070 989 Schneidero
1118 941 1169 984 et
1211 933 1355 983 libris
1397 933 1699 995 retinerem
1744 933 2045 997 praesertim
2088 945 2244 994 quum
2284 931 2393 994 ipsa

247 1006 465 1072 pilorum
515 1005 660 1069 origo
707 1019 807 1054 non
852 1003 1101 1055 foramina
1142 1009 1368 1063 tautum,
1411 1003 1506 1052 sed
1537 1002 1695 1052 etiam
1740 1001 2125 1053 enudationem
2169 999 2394 1063 aliquam

248 1077 485 1138 requirat,
525 1087 656 1137 quae
691 1073 958 1123 commode
990 1087 1020 1122 a
1050 1072 1345 1122 vulneribus
1374 1071 1477 1121 cuti
1515 1069 1673 1121 illatis
1707 1070 1973 1135 repetitur.
1995 1098 2068 1113 --
2091 1069 2221 1120 Ibid.
2264 1058 2395 1116 εἰλι-

252 1136 436 1207 κρινὲς
472 1157 565 1207 pro
596 1133 887 1205 εἰλικρινὲς
924 1142 1234 1192 constantiae
1268 1138 1485 1200 indulsi3
1522 1154 1577 1205 p.
1613 1140 1680 1190 77
1711 1138 1755 1188 D
1783 1147 1954 1190 autem
1986 1131 2257 1202 διδύμους
2293 1151 2396 1189 non

249 1223 304 1263 ut
325 1211 488 1263 Bekk.
516 1210 670 1260 tradit
701 1226 766 1260 ex
797 1225 924 1264 corr.
957 1209 1025 1270 P,
1060 1211 1155 1261 sed
1177 1211 1224 1259 si
1257 1208 1488 1259 Bastium
1516 1209 1779 1271 sequimur
1812 1224 1879 1259 ex
1902 1208 2067 1273 prima
2103 1208 2216 1272 ejus
2244 1219 2398 1255 manu

248 1282 434 1346 recepi,
469 1281 550 1329 cui
578 1280 645 1329 ab
666 1279 825 1329 altera
849 1279 1054 1329 demum
1079 1279 1218 1344 vulg.
1250 1273 1491 1341 δίδυμον
1513 1277 1862 1342 suprascripta
1883 1284 1990 1334 θείς
2029 1289 2319 1340 quanquam
2342 1277 2397 1325 tn

249 1352 349 1402 hoc
383 1349 497 1402 cod.
537 1349 688 1398 etiam
726 1349 994 1399 correctori
1027 1347 1222 1410 aliquid
1255 1347 1579 1397 tribuendum
1612 1361 1726 1397 ease
1760 1353 1812 1395 et
1841 1346 2078 1410 superius
2113 1344 2397 1411 significavi

250 1428 301 1469 et
337 1434 455 1469 mox
488 1432 541 1482 p.
564 1416 632 1466 79
651 1416 689 1466 C
714 1419 918 1482 agnovi,
955 1417 1042 1466 ubi
1079 1431 1194 1468 cum
1229 1416 1316 1467 illo
1351 1406 1416 1464 τὸ
1435 1423 1552 1466 ante
1569 1413 1670 1464 τοῦ
1688 1408 1998 1478 πλεύμονος
2017 1415 2168 1466 omisi
2182 1415 2398 1465 ibidem-

247 1504 349 1550 que
385 1475 817 1550 προσεικάζομεν
840 1500 932 1551 pro
963 1476 1384 1553 προσῃκάζομεν
1410 1484 1622 1549 scripsi,
1649 1484 1863 1535 alterum
1891 1490 2165 1550 praeeunte
2189 1481 2400 1533 Schnei-

251 1557 390 1617 dero,
428 1556 641 1606 alterum
673 1556 859 1614 invito,
891 1555 984 1605 sed
1013 1563 1068 1604 ut
1100 1556 1149 1605 ei
1182 1555 1367 1605 rationi
1399 1562 1697 1614 constarem,
1729 1568 1881 1617 quam
1907 1553 2015 1618 jam
2047 1553 2197 1618 Reip.
2216 1567 2271 1618 Ρ.
2293 1550 2398 1603 473

250 1625 288 1676 G
324 1631 530 1674 secutus
570 1638 754 1674 essem.
800 1646 873 1661 --
914 1625 973 1678 Ρ.
1009 1622 1078 1674 80
1119 1623 1162 1673 D
1196 1616 1555 1690 αἰωρουμένῳ
1600 1638 1692 1688 pro
1733 1616 2120 1686 αἰωρουμένου
2147 1637 2225 1681 αεει(
2260 1621 2395 1685 conj.

244 1694 425 1753 edidi,
453 1693 591 1755 quod
622 1693 717 1743 etsi
745 1693 859 1755 quis
892 1693 963 1742 ita
993 1692 1231 1757 explicet,
1261 1700 1320 1743 ut
1349 1683 1728 1756 αἰωρούμενος
1754 1691 1892 1758 ignis
1924 1691 2160 1756 spiritum
2189 1696 2399 1740 secutus

251 1777 367 1812 esse
404 1762 614 1822 dicatur,
646 1762 801 1827 hujus
835 1768 1005 1811 tamen
1040 1761 1248 1826 propria
1282 1754 1581 1827 αἰώρησις,
1620 1761 1757 1826 ignis
1791 1751 2169 1825 συναιαῖρήσις
2201 1767 2398 1808 tantum

250 1841 354 1892 est,
389 1837 546 1895 utque
583 1831 907 1881 incommode
938 1831 1041 1881 duo
1069 1831 1455 1895 participiorum
1478 1831 1692 1896 genitivi
1717 1830 2020 1895 junguntur,
2055 1831 2128 1879 ita
2158 1827 2397 1879 facillime

248 1898 574 1967 intelligitur,
610 1900 863 1962 quomodo
893 1900 1196 1950 antecedens
1226 1890 1404 1963 πυρὸς
1442 1913 1661 1962 sequens
1690 1900 2018 1964 participium
2053 1900 2108 1949 in
2144 1898 2227 1948 sui
2262 1911 2397 1946 com·

250 1970 541 2019 munionem
583 1967 783 2019 trahere
818 1969 1064 2033 potuerit3
1113 1970 1167 2018 in
1201 1968 1412 2032 reliquis
1445 1976 1614 2020 autem
1650 1975 1700 2018 et
1733 1958 1876 2017 κατὰ
1915 1956 2090 2017 ταύτὰ
2123 1982 2215 2033 pro
2254 1958 2393 2015 κατὰ

248 2035 426 2087 ταῦτα
461 2045 512 2088 et
539 2033 745 2104 φλέβας
775 2050 835 2086 τε
862 2052 957 2102 pro
991 2030 1054 2087 δὲ
1080 2044 1131 2087 et
1155 2063 1224 2074 —
1252 2037 1339 2088 hic
1365 2037 1544 2088 saltem
1575 2038 1727 2088 etiam
1759 2036 2067 2088 Schneidero
2093 2043 2303 2087 auctore
2328 2061 2400 2072 —

249 2101 442 2171 γέγονε
468 2121 560 2172 pro
593 2101 878 2170 γεγονέναι
906 2121 1127 2170 moxque
1156 2121 1212 2172 p.
1243 2106 1311 2157 81
1347 2108 1394 2157 Α
1427 2097 1837 2170 α’ποπέμποντα
1869 2120 1963 2170 pro
1994 2096 2318 2170 ἀποπέμποι
2349 2112 2402 2154 et

252 2191 307 2241 p.
345 2175 412 2227 81
451 2176 492 2225 Ε
526 2168 712 2239 γήρως
746 2191 841 2241 pro
886 2172 1064 2239 ’γῆρας
1099 2187 1163 2225 ex
1195 2169 1308 2228 Par.
1345 2177 1542 2241 recepi,
1584 2190 1798 2240 quorum
1841 2182 2067 2226 extrema
2099 2176 2252 2225 etiam
2287 2174 2401 2223 sine

246 2246 403 2295 codd.
440 2259 624 2295 sensus
653 2245 1058 2299 commendabat.
1128 2246 1288 2296 Immo
1324 2253 1374 2295 et
1408 2260 1460 2310 p.
1502 2243 1571 2297 85
1607 2244 1645 2295 C
1670 2252 1720 2295 et
1749 2244 1820 2296 86
1846 2244 1895 2293 A
1925 2245 2159 2307 quamvis
2192 2243 2401 2294 dubiam

253 2314 427 2363 multis
472 2314 673 2379 ipsique
713 2312 1021 2365 Schneidero
1052 2314 1218 2364 visam
1258 2313 1474 2365 formam
1518 2305 1677 2378 μόλις
1717 2329 1810 2380 pro
1856 2304 2017 2377 μόγις
2054 2313 2233 2364 eodem
2268 2312 2400 2362 libro

249 2386 414 2433 fretus
450 2383 702 2445 revocavi,
741 2383 927 2446 quibus
963 2383 1030 2434 de
1063 2381 1242 2435 formis
1272 2398 1402 2446 quae
1428 2383 1548 2433 oum
1571 2383 1655 2433 All
1695 2423 1710 2437 .
1739 2382 2009 2435 Schulzeit.
2045 2381 2194 2441 1831,
2216 2396 2273 2445 p.
2296 2379 2401 2431 719

248 2452 437 2516 statui,
475 2452 627 2501 etiam
663 2466 798 2502 nunc
834 2459 1008 2513 teneog
1044 2466 1139 2501 nec
1171 2467 1225 2517 p.
1258 2452 1328 2504 85
1359 2453 1403 2502 D
1434 2444 1576 2515 παρ’
1601 2467 1637 2500 α
1717 2448 1773 2509 ’ς
1801 2467 1894 2517 pro
1931 2443 2074 2517 παρ’
2106 2441 2279 2512 αὐτῆς
2311 2457 2400 2499 aut

250 2534 306 2586 p.
343 2518 412 2571 86
447 2521 495 2570 A
530 2513 592 2568 τὸ
632 2511 694 2568 δ’
725 2510 787 2569 ἐκ
814 2535 908 2586 pro
940 2512 1004 2571 τὸ
1043 2513 1106 2570 δὲ
1146 2523 1376 2573 indidem
1409 2522 1636 2588 recipere
1676 2522 1933 2580 dubitavi3
1981 2518 2399 2586 orthographiam

249 2590 475 2651 denique
522 2590 754 2653 ejusdem
787 2599 839 2639 et
866 2604 924 2655 Ρ.
955 2590 1024 2642 85
1059 2591 1102 2640 E
1131 2588 1371 2642 καίουσα
1406 2589 1503 2656 (cf.
1541 2597 1592 2641 et
1621 2605 1738 2656 sup.
1776 2604 1831 2655 Ρ.
1868 2589 1939 2641 60
1970 2589 2040 2655 Β)
2073 2598 2124 2639 et
2161 2603 2215 2652 p.
2248 2588 2316 2639 87
2352 2587 2400 2636 A

251 2654 606 2721 δυσμαθείας
642 2657 734 2723 (cf.
769 2658 918 2724 Reip.
958 2659 1026 2712 X.
1064 2674 1119 2724 p.
1157 2659 1261 2711 618
1294 2658 1368 2725 D)
1405 2668 1454 2710 et
1489 2674 1543 2725 p.
1579 2659 1649 2711 90
1671 2659 1712 2710 Β
1748 2656 2104 2722 φιλομαθίαν
2136 2657 2233 2723 (cf.
2272 2657 2399 2706 Ant-

251 2735 404 2777 erast.
441 2741 496 2792 p.
540 2726 641 2779 133
679 2725 745 2791 D)
793 2734 842 2776 et
884 2741 937 2792 p.
977 2727 1047 2779 90
1079 2728 1121 2777 Ε
1168 2722 1562 2796 ἑμμετρότερος
1600 2728 1693 2791 (cf.
1736 2725 1972 2781 Schneid.
2012 2729 2079 2778 ad
2122 2724 2396 2790 Rempubl.

248 2794 306 2848 T.
349 2797 414 2851 ΙΙ.
452 2809 508 2861 Ρ.
550 2794 647 2860 33)
680 2802 731 2845 et
764 2811 819 2861 p.
856 2794 920 2848 91
961 2797 1007 2846 Α
1044 2789 1200 2861 πόμα
1234 2799 1331 2862 (cf.
1370 2814 1421 2863 p.
1456 2796 1524 2848 70
1556 2796 1622 2862 Ο)
1659 2797 1925 2848 scribendo
1962 2796 2210 2862 expressi.
2282 2793 2397 2843 Duo

248 2870 446 2914 tantum
471 2864 572 2915 loci
603 2865 875 2925 restabant,
905 2866 1089 2928 quibus
1120 2867 1325 2918 aliunde
1353 2866 1602 2917 medelam
1634 2867 1906 2931 petendam
1930 2867 2215 2925 arbitrarer,
2246 2879 2299 2928 Ρ.
2327 2862 2400 2915 86

251 2931 316 2993 Ο,
352 2934 442 2983 ubi
478 2928 576 2982 καὶ
614 2941 730 2984 ante
765 2930 1083 2996 καθαπερεὶ
1117 2935 1574 2987 circumscribendo
1611 2935 1934 2986 durissimam
1966 2935 2232 2985 modorum
2261 2931 2399 2981 enal-

250 3002 403 3066 lagen
451 3003 639 3081 vitagi,
691 3010 740 3052 et
774 3019 829 3070 p.
867 3003 939 3056 86
972 3004 1040 3064 Ε,
1088 3007 1174 3055 ubi
1207 3007 1318 3072 J'am
1356 3004 1530 3059 Stallb.
1572 3006 1834 3070 egregiam
1870 3005 1986 3057 Vat.
2027 3020 2056 3054 ο
2102 3010 2152 3053 et
2186 3003 2322 3055 Flor.
2358 3017 2396 3052 x

269 3073 521 3122 ectionem
556 3084 750 3120 ακοντι
783 3089 876 3138 pro
911 3064 1088 3122 κακόν
1126 3089 1183 3123 τι
1217 3076 1424 3136 ascivit3
1463 3081 1635 3124 contra
1665 3088 1720 3139 p.
1758 3073 1827 3127 89
1860 3070 1900 3123 Β
1932 3073 2014 3123 vel
2044 3072 2154 3122 sine
2191 3070 2398 3122 Schnei-

251 3138 374 3189 dero
410 3130 539 3188 κατ’
572 3130 707 3189 αὐτὸ
741 3156 835 3205 pro
862 3132 1010 3191 καθ’
1038 3134 1205 3208 αὑτό,
1239 3159 1292 3209 Ρ.
1328 3142 1398 3197 90
1429 3143 1472 3194 Β
1508 3150 1675 3194 autem
1704 3157 1821 3192 cum
1852 3141 1941 3192 illo
1976 3149 2025 3192 et
2056 3139 2230 3195 Stallb.
2266 3135 2397 3202 περὶ

250 3214 368 3257 ante
418 3207 765 3271 φιλονεικίας
806 3226 872 3262 ex
910 3213 1027 3277 ipso
1067 3212 1183 3263 Par.
1222 3214 1419 3278 recepi;
1468 3227 1563 3262 nec
1595 3226 1650 3277 p.
1689 3211 1756 3263 91
1797 3209 1836 3261 G
1872 3213 2071 3261 cautius
2119 3211 2205 3275 agi
2240 3223 2397 3273 posse

248 3279 443 3343 putavi,
480 3293 632 3341 quam
664 3281 711 3329 si
748 3296 863 3330 cum
895 3278 1069 3331 Stallb.
1110 3280 1264 3346 hujus
1299 3282 1541 3332 lectiones
1576 3276 2041 3345 ξυνδιαγαγόντες
2071 3278 2232 3344 (hanc
2259 3278 2395 3328 enim

249 3343 449 3397 Bastius
485 3354 720 3409 testatum
750 3349 910 3401 Bekk.
951 3357 1000 3401 et
1036 3348 1371 3401 Schneiderua
1403 3341 1835 3416 ξυναγαγόντες)
1866 3357 1915 3400 et
1941 3342 2398 3412 καταδρέψαντες
