<?xml version="1.0" encoding="UTF-8"?>
<!DOCTYPE html PUBLIC "-//W3C//DTD XHTML 1.0 Transitional//EN"
    "http://www.w3.org/TR/xhtml1/DTD/xhtml1-transitional.dtd">
<html xmlns="http://www.w3.org/1999/xhtml" xml:lang="en" lang="en">
 <head>
  <title>
</title>
<meta http-equiv="Content-Type" content="text/html;charset=utf-8" />
  <meta name='ocr-system' content='tesseract 3.04.00' />
  <meta name='ocr-capabilities' content='ocr_page ocr_carea ocr_par ocr_line ocrx_word'/>
</head>
<body>
  <div class='ocr_page' id='page_1' title='image "./dialogisecundum07platgoog_0199.png"; bbox 0 0 2602 3928; ppageno 0'>
   <div class='ocr_carea' id='block_1_1' title="bbox 876 248 2230 317">
    <p class='ocr_par' dir='ltr' id='par_1_1' title="bbox 876 248 2230 317">
     <span class='ocr_line' id='line_1_1' title="bbox 876 248 2230 317; baseline 0.003 -4"><span class='ocrx_word' id='word_1_1' title='bbox 876 255 1460 314; x_wconf 82' lang='grc' dir='ltr'><em>ΠΟΛΙΤΕΙΑΣ</em></span> <span class='ocrx_word' id='word_1_2' title='bbox 1496 248 1555 313; x_wconf 87' lang='grc' dir='ltr'><strong><em>ε’.</em></strong></span> <span class='ocrx_word' id='word_1_3' title='bbox 2106 252 2230 317; x_wconf 78' lang='grc'><strong><em>163</em></strong></span> 
     </span>
    </p>
   </div>
   <div class='ocr_carea' id='block_1_2' title="bbox 201 410 2309 2656">
    <p class='ocr_par' dir='ltr' id='par_1_2' title="bbox 201 410 2301 2067">
     <span class='ocr_line' id='line_1_2' title="bbox 214 410 2229 505; baseline -0.001 -20"><span class='ocrx_word' id='word_1_4' title='bbox 214 422 361 505; x_wconf 62' lang='grc' dir='ltr'><strong><em>μαιΞ</em></strong></span> <span class='ocrx_word' id='word_1_5' title='bbox 410 413 701 501; x_wconf 84' lang='grc' dir='ltr'><strong><em>δύναμαι</em></strong></span> <span class='ocrx_word' id='word_1_6' title='bbox 732 414 805 483; x_wconf 70' lang='grc' dir='ltr'><strong><em>δὲ</em></strong></span> <span class='ocrx_word' id='word_1_7' title='bbox 839 410 1068 501; x_wconf 77' lang='grc' dir='ltr'><strong><em>εὐνοίᾳ</em></strong></span> <span class='ocrx_word' id='word_1_8' title='bbox 1104 437 1176 480; x_wconf 86' lang='grc' dir='ltr'><strong><em>τε</em></strong></span> <span class='ocrx_word' id='word_1_9' title='bbox 1210 414 1322 480; x_wconf 84' lang='grc' dir='ltr'><strong><em>καὶ</em></strong></span> <span class='ocrx_word' id='word_1_10' title='bbox 1355 422 1448 502; x_wconf 75' lang='grc' dir='ltr'><strong><em>τῷ</em></strong></span> <span class='ocrx_word' id='word_1_11' title='bbox 1484 415 2077 505; x_wconf 86' lang='grc' dir='ltr'><strong><em>παρακελεύεσθαι,</em></strong></span> <span class='ocrx_word' id='word_1_12' title='bbox 2119 425 2229 485; x_wconf 78' lang='grc' dir='ltr'><strong><em>καὶ</em></strong></span> 
     </span>
     <span class='ocr_line' id='line_1_3' title="bbox 213 508 2301 600; baseline -0.002 -16"><span class='ocrx_word' id='word_1_13' title='bbox 213 526 373 594; x_wconf 73' lang='grc' dir='ltr'><strong><em>ἴσως</em></strong></span> <span class='ocrx_word' id='word_1_14' title='bbox 391 508 480 581; x_wconf 74' lang='grc' dir='ltr'><strong><em>ἂν</em></strong></span> <span class='ocrx_word' id='word_1_15' title='bbox 500 510 711 580; x_wconf 75' lang='grc' dir='ltr'><strong><em>ἄλλου</em></strong></span> <span class='ocrx_word' id='word_1_16' title='bbox 740 536 862 578; x_wconf 87' lang='grc' dir='ltr'><strong><em>του</em></strong></span> <span class='ocrx_word' id='word_1_17' title='bbox 896 510 1373 596; x_wconf 78' lang='grc' dir='ltr'><strong><em>ἐμμελέστερόν</em></strong></span> <span class='ocrx_word' id='word_1_18' title='bbox 1405 533 1511 578; x_wconf 91' lang='grc' dir='ltr'><strong><em>σοι</em></strong></span> <span class='ocrx_word' id='word_1_19' title='bbox 1531 509 2034 600; x_wconf 86' lang='grc' dir='ltr'><strong><em>ἀποκρινοίμην.</em></strong></span> <span class='ocrx_word' id='word_1_20' title='bbox 2079 511 2230 582; x_wconf 90' lang='grc' dir='ltr'><strong><em>ἀλλ’</em></strong></span> <span class='ocrx_word' id='word_1_21' title='bbox 2261 530 2301 580; x_wconf 89' lang='grc' dir='ltr'><strong>Β</strong></span> 
     </span>
     <span class='ocr_line' id='line_1_4' title="bbox 214 604 2229 697; baseline -0.002 -16"><span class='ocrx_word' id='word_1_22' title='bbox 214 612 306 692; x_wconf 80' lang='grc' dir='ltr'><strong><em>ῶς</em></strong></span> <span class='ocrx_word' id='word_1_23' title='bbox 326 619 494 697; x_wconf 79' lang='grc' dir='ltr'><strong><em>ἔχων</em></strong></span> <span class='ocrx_word' id='word_1_24' title='bbox 512 618 818 679; x_wconf 87' lang='grc' dir='ltr'><strong><em>τοιοῦτον</em></strong></span> <span class='ocrx_word' id='word_1_25' title='bbox 836 604 1103 695; x_wconf 81' lang='grc' dir='ltr'><strong><em>βοηθὸν</em></strong></span> <span class='ocrx_word' id='word_1_26' title='bbox 1124 615 1333 691; x_wconf 82' lang='grc' dir='ltr'><strong><em>πειρῶ</em></strong></span> <span class='ocrx_word' id='word_1_27' title='bbox 1353 623 1487 687; x_wconf 80' lang='grc' dir='ltr'><strong><em>τοῖς</em></strong></span> <span class='ocrx_word' id='word_1_28' title='bbox 1522 607 1916 677; x_wconf 78' lang='grc' dir='ltr'><strong><em>ἀπιστοῦσιν</em></strong></span> <span class='ocrx_word' id='word_1_29' title='bbox 1937 612 2229 691; x_wconf 78' lang='grc' dir='ltr'><strong><em>ἐνδείξα-</em></strong></span> 
     </span>
     <span class='ocr_line' id='line_1_5' title="bbox 216 697 2229 794; baseline -0 -18"><span class='ocrx_word' id='word_1_30' title='bbox 216 720 405 794; x_wconf 87' lang='grc' dir='ltr'><strong><em>σθαι,</em></strong></span> <span class='ocrx_word' id='word_1_31' title='bbox 429 706 532 776; x_wconf 82' lang='grc' dir='ltr'><strong><em>ὅτι</em></strong></span> <span class='ocrx_word' id='word_1_32' title='bbox 565 711 693 792; x_wconf 76' lang='grc' dir='ltr'><strong><em>ἔχει</em></strong></span> <span class='ocrx_word' id='word_1_33' title='bbox 726 697 878 794; x_wconf 77' lang='grc' dir='ltr'><strong><em>ᾗσῦ</em></strong></span> <span class='ocrx_word' id='word_1_34' title='bbox 902 710 1123 788; x_wconf 82' lang='grc' dir='ltr'><strong><em>λέγεις.</em></strong></span> <span class='ocrx_word' id='word_1_35' title='bbox 1171 706 1559 792; x_wconf 86' lang='grc' dir='ltr'><strong><em>Πειρατέον,</em></strong></span> <span class='ocrx_word' id='word_1_36' title='bbox 1593 700 1679 793; x_wconf 83' lang='grc' dir='ltr'><strong><em>ἦν</em></strong></span> <span class='ocrx_word' id='word_1_37' title='bbox 1716 705 1779 774; x_wconf 86' lang='grc' dir='ltr'><strong><em>δ’</em></strong></span> <span class='ocrx_word' id='word_1_38' title='bbox 1815 708 1967 794; x_wconf 82' lang='grc' dir='ltr'><strong><em>έγῶ,</em></strong></span> <span class='ocrx_word' id='word_1_39' title='bbox 2003 707 2229 793; x_wconf 80' lang='grc' dir='ltr'><strong><em>ἐπειδὴ</em></strong></span> 
     </span>
     <span class='ocr_line' id='line_1_6' title="bbox 211 800 2232 892; baseline 0 -16"><span class='ocrx_word' id='word_1_40' title='bbox 211 806 433 876; x_wconf 77' lang='grc' dir='ltr'><strong><em>καὶσὺ</em></strong></span> <span class='ocrx_word' id='word_1_41' title='bbox 457 802 635 874; x_wconf 79' lang='grc' dir='ltr'><strong><em>οὕτω</em></strong></span> <span class='ocrx_word' id='word_1_42' title='bbox 657 804 956 891; x_wconf 79' lang='grc' dir='ltr'><em>μεγάλην</em></span> <span class='ocrx_word' id='word_1_43' title='bbox 979 809 1346 890; x_wconf 81' lang='grc' dir='ltr'><strong><em>ξυμμαχίαν</em></strong></span> <span class='ocrx_word' id='word_1_44' title='bbox 1378 808 1661 891; x_wconf 76' lang='grc' dir='ltr'><strong><em>παρέχει.</em></strong></span> <span class='ocrx_word' id='word_1_45' title='bbox 1709 806 2078 892; x_wconf 75' lang='grc' dir='ltr'><strong><em>ἀναγκαῖον</em></strong></span> <span class='ocrx_word' id='word_1_46' title='bbox 2102 800 2232 877; x_wconf 80' lang='grc' dir='ltr'><strong><em>οὖν</em></strong></span> 
     </span>
     <span class='ocr_line' id='line_1_7' title="bbox 208 899 2232 993; baseline -0 -19"><span class='ocrx_word' id='word_1_47' title='bbox 208 931 325 993; x_wconf 89' lang='grc' dir='ltr'><strong><em>μοι</em></strong></span> <span class='ocrx_word' id='word_1_48' title='bbox 348 909 548 989; x_wconf 82' lang='grc' dir='ltr'><strong><em>δοκεῖ,</em></strong></span> <span class='ocrx_word' id='word_1_49' title='bbox 585 908 646 970; x_wconf 84' lang='grc' dir='ltr'><strong><em>εί</em></strong></span> <span class='ocrx_word' id='word_1_50' title='bbox 667 903 989 987; x_wconf 82' lang='grc' dir='ltr'><strong><em>μέλλομέν</em></strong></span> <span class='ocrx_word' id='word_1_51' title='bbox 1016 924 1109 989; x_wconf 76' lang='grc' dir='ltr'><strong><em>πῃ</em></strong></span> <span class='ocrx_word' id='word_1_52' title='bbox 1142 902 1584 987; x_wconf 78' lang='grc' dir='ltr'><strong><em>ἐκφεύξεσθαι</em></strong></span> <span class='ocrx_word' id='word_1_53' title='bbox 1606 899 1724 982; x_wconf 73' lang='grc' dir='ltr'><strong><em>οὓς</em></strong></span> <span class='ocrx_word' id='word_1_54' title='bbox 1754 908 1984 990; x_wconf 85' lang='grc' dir='ltr'><strong><em>λέγεις,</em></strong></span> <span class='ocrx_word' id='word_1_55' title='bbox 2021 909 2232 992; x_wconf 83' lang='grc' dir='ltr'><strong><em>διορί-</em></strong></span> 
     </span>
     <span class='ocr_line' id='line_1_8' title="bbox 210 996 2235 1087; baseline 0 -16"><span class='ocrx_word' id='word_1_56' title='bbox 210 1012 463 1071; x_wconf 82' lang='grc' dir='ltr'><strong><em>σασθαι</em></strong></span> <span class='ocrx_word' id='word_1_57' title='bbox 478 997 643 1085; x_wconf 81' lang='grc' dir='ltr'><strong><em>πρὸς</em></strong></span> <span class='ocrx_word' id='word_1_58' title='bbox 664 996 933 1084; x_wconf 81' lang='grc' dir='ltr'><strong><em>αὐτούς,</em></strong></span> <span class='ocrx_word' id='word_1_59' title='bbox 954 996 1112 1076; x_wconf 78' lang='grc' dir='ltr'><strong><em>τοὺς</em></strong></span> <span class='ocrx_word' id='word_1_60' title='bbox 1127 1000 1543 1085; x_wconf 79' lang='grc' dir='ltr'><strong><em>φιλοσόφους</em></strong></span> <span class='ocrx_word' id='word_1_61' title='bbox 1562 1009 1746 1080; x_wconf 89' lang='grc' dir='ltr'><strong><em>τίνας</em></strong></span> <span class='ocrx_word' id='word_1_62' title='bbox 1759 1003 2058 1087; x_wconf 83' lang='grc' dir='ltr'><strong><em>λέγοντες</em></strong></span> <span class='ocrx_word' id='word_1_63' title='bbox 2078 1010 2235 1071; x_wconf 79' lang='grc' dir='ltr'><strong><em>τολ-</em></strong></span> 
     </span>
     <span class='ocr_line' id='line_1_9' title="bbox 211 1095 2232 1190; baseline -0 -19"><span class='ocrx_word' id='word_1_64' title='bbox 211 1111 440 1190; x_wconf 89' lang='grc' dir='ltr'><strong><em>μῶμεν</em></strong></span> <span class='ocrx_word' id='word_1_65' title='bbox 462 1099 672 1185; x_wconf 91' lang='grc' dir='ltr'><strong><em>φάναι</em></strong></span> <span class='ocrx_word' id='word_1_66' title='bbox 694 1102 837 1165; x_wconf 80' lang='grc' dir='ltr'><strong><em>δεῖν</em></strong></span> <span class='ocrx_word' id='word_1_67' title='bbox 854 1095 1099 1183; x_wconf 76' lang='grc' dir='ltr'><strong><em>ἄρχειν,</em></strong></span> <span class='ocrx_word' id='word_1_68' title='bbox 1124 1100 1235 1165; x_wconf 81' lang='grc' dir='ltr'><strong><em>ἵνα</em></strong></span> <span class='ocrx_word' id='word_1_69' title='bbox 1259 1098 1593 1186; x_wconf 84' lang='grc' dir='ltr'><strong><em>διαδήλων</em></strong></span> <span class='ocrx_word' id='word_1_70' title='bbox 1613 1105 1993 1187; x_wconf 76' lang='grc' dir='ltr'><strong><em>γενομένων</em></strong></span> <span class='ocrx_word' id='word_1_71' title='bbox 2014 1103 2232 1189; x_wconf 89' lang='grc' dir='ltr'><strong><em>δύνη-</em></strong></span> 
     </span>
     <span class='ocr_line' id='line_1_10' title="bbox 212 1194 2231 1287; baseline 0.001 -21"><span class='ocrx_word' id='word_1_72' title='bbox 212 1207 326 1266; x_wconf 88' lang='grc' dir='ltr'><strong><em>ταί</em></strong></span> <span class='ocrx_word' id='word_1_73' title='bbox 348 1225 446 1277; x_wconf 89' lang='grc' dir='ltr'><strong><em>τις</em></strong></span> <span class='ocrx_word' id='word_1_74' title='bbox 476 1194 855 1282; x_wconf 82' lang='grc' dir='ltr'><strong><em>ἀμύνεσθαι</em></strong></span> <span class='ocrx_word' id='word_1_75' title='bbox 888 1196 1414 1283; x_wconf 74' lang='grc' dir='ltr'><strong><em>ἐνδεικνύμενος,</em></strong></span> <span class='ocrx_word' id='word_1_76' title='bbox 1448 1195 1551 1265; x_wconf 78' lang='grc' dir='ltr'><strong><em>ὅτι</em></strong></span> <span class='ocrx_word' id='word_1_77' title='bbox 1583 1213 1718 1276; x_wconf 78' lang='grc' dir='ltr'><strong><em>τοῖς</em></strong></span> <span class='ocrx_word' id='word_1_78' title='bbox 1751 1199 1873 1283; x_wconf 69' lang='grc' dir='ltr'><strong><em>μὲν</em></strong></span> <span class='ocrx_word' id='word_1_79' title='bbox 1907 1201 2231 1287; x_wconf 80' lang='grc' dir='ltr'><strong><em>προσήκει</em></strong></span> 
     </span>
     <span class='ocr_line' id='line_1_11' title="bbox 215 1291 2301 1383; baseline -0.001 -19"><span class='ocrx_word' id='word_1_80' title='bbox 215 1297 420 1383; x_wconf 86' lang='grc' dir='ltr'><strong><em>φύσει</em></strong></span> <span class='ocrx_word' id='word_1_81' title='bbox 454 1293 787 1362; x_wconf 78' lang='grc' dir='ltr'><strong><em>ἅπτεσθαί</em></strong></span> <span class='ocrx_word' id='word_1_82' title='bbox 812 1319 882 1361; x_wconf 89' lang='grc' dir='ltr'><strong><em>τε</em></strong></span> <span class='ocrx_word' id='word_1_83' title='bbox 917 1302 1316 1380; x_wconf 79' lang='grc' dir='ltr'><strong><em>φιλοσοφίας</em></strong></span> <span class='ocrx_word' id='word_1_84' title='bbox 1345 1291 1778 1382; x_wconf 77' lang='grc' dir='ltr'><strong><em>ἡγεμονεύειν</em></strong></span> <span class='ocrx_word' id='word_1_85' title='bbox 1808 1294 1982 1366; x_wconf 66' lang='grc' dir='ltr'><strong><em>τ’»έν</em></strong></span> <span class='ocrx_word' id='word_1_86' title='bbox 2015 1298 2225 1381; x_wconf 87' lang='grc' dir='ltr'><strong><em>πόλει,</em></strong></span> <span class='ocrx_word' id='word_1_87' title='bbox 2263 1311 2301 1362; x_wconf 87' lang='lat' dir='ltr'>c</span> 
     </span>
     <span class='ocr_line' id='line_1_12' title="bbox 210 1387 2221 1485; baseline 0 -23"><span class='ocrx_word' id='word_1_88' title='bbox 210 1408 349 1473; x_wconf 87' lang='grc' dir='ltr'><strong><em>τοῖς</em></strong></span> <span class='ocrx_word' id='word_1_89' title='bbox 372 1390 435 1461; x_wconf 83' lang='grc' dir='ltr'><strong><em>δ’</em></strong></span> <span class='ocrx_word' id='word_1_90' title='bbox 463 1392 684 1472; x_wconf 77' lang='grc' dir='ltr'><strong><em>ἄλλοις</em></strong></span> <span class='ocrx_word' id='word_1_91' title='bbox 695 1392 855 1478; x_wconf 86' lang='grc' dir='ltr'><strong><em>μήτε</em></strong></span> <span class='ocrx_word' id='word_1_92' title='bbox 877 1387 1205 1460; x_wconf 80' lang='grc' dir='ltr'><strong><em>ἅπτεσθαι</em></strong></span> <span class='ocrx_word' id='word_1_93' title='bbox 1223 1390 1629 1462; x_wconf 79' lang='grc' dir='ltr'><strong><em>ἀκολουθεῖν</em></strong></span> <span class='ocrx_word' id='word_1_94' title='bbox 1648 1420 1718 1461; x_wconf 86' lang='grc' dir='ltr'><strong><em>τε</em></strong></span> <span class='ocrx_word' id='word_1_95' title='bbox 1740 1403 1834 1483; x_wconf 73' lang='grc' dir='ltr'><strong><em>τῷ</em></strong></span> <span class='ocrx_word' id='word_1_96' title='bbox 1854 1392 2221 1485; x_wconf 75' lang='grc' dir='ltr'><strong><em>ἡγουμένῳ.</em></strong></span> 
     </span>
     <span class='ocr_line' id='line_1_13' title="bbox 201 1484 2232 1578; baseline 0.001 -20"><span class='ocrx_word' id='word_1_97' title='bbox 201 1489 370 1573; x_wconf 79' lang='grc' dir='ltr'><strong><em>Ὦρα</em></strong></span> <span class='ocrx_word' id='word_1_98' title='bbox 404 1486 493 1558; x_wconf 71' lang='grc' dir='ltr'><strong><em>ἄν</em></strong></span> <span class='ocrx_word' id='word_1_99' title='bbox 529 1499 649 1575; x_wconf 78' lang='grc' dir='ltr'><strong><em>εἴη,</em></strong></span> <span class='ocrx_word' id='word_1_100' title='bbox 688 1494 839 1574; x_wconf 80' lang='grc' dir='ltr'><strong><em>ἔφη,</em></strong></span> <span class='ocrx_word' id='word_1_101' title='bbox 876 1484 1229 1574; x_wconf 77' lang='grc' dir='ltr'><strong><em>ὁρίζεσθαι.</em></strong></span> <span class='ocrx_word' id='word_1_102' title='bbox 1293 1487 1427 1557; x_wconf 89' lang='grc' dir='ltr'><strong><em>Ἴθι</em></strong></span> <span class='ocrx_word' id='word_1_103' title='bbox 1462 1489 1568 1575; x_wconf 86' lang='grc' dir='ltr'><strong><em>δή,</em></strong></span> <span class='ocrx_word' id='word_1_104' title='bbox 1613 1486 2086 1578; x_wconf 88' lang='grc' dir='ltr'><strong><em>ἀκολούθησόν</em></strong></span> <span class='ocrx_word' id='word_1_105' title='bbox 2118 1517 2232 1578; x_wconf 90' lang='grc' dir='ltr'><strong><em>μοι</em></strong></span> 
     </span>
     <span class='ocr_line' id='line_1_14' title="bbox 213 1583 2230 1678; baseline 0 -21"><span class='ocrx_word' id='word_1_106' title='bbox 213 1594 390 1676; x_wconf 83' lang='grc' dir='ltr'><strong><em>τῇδε,</em></strong></span> <span class='ocrx_word' id='word_1_107' title='bbox 405 1583 526 1657; x_wconf 84' lang='grc' dir='ltr'><strong><em>έάν</em></strong></span> <span class='ocrx_word' id='word_1_108' title='bbox 548 1586 711 1655; x_wconf 83' lang='grc' dir='ltr'><strong><em>αὐτὸ</em></strong></span> <span class='ocrx_word' id='word_1_109' title='bbox 733 1584 870 1673; x_wconf 81' lang='grc' dir='ltr'><strong><em>ἁμῇ</em></strong></span> <span class='ocrx_word' id='word_1_110' title='bbox 892 1599 968 1671; x_wconf 81' lang='grc' dir='ltr'><strong><em>γέ</em></strong></span> <span class='ocrx_word' id='word_1_111' title='bbox 990 1612 1081 1674; x_wconf 76' lang='grc' dir='ltr'><strong><em>πῃ</em></strong></span> <span class='ocrx_word' id='word_1_112' title='bbox 1107 1589 1352 1666; x_wconf 72' lang='grc' dir='ltr'><strong><em>ἱκανῶς</em></strong></span> <span class='ocrx_word' id='word_1_113' title='bbox 1376 1588 1867 1674; x_wconf 71' lang='grc' dir='ltr'><strong><em>ἐξηγησόμεθα.</em></strong></span> <span class='ocrx_word' id='word_1_114' title='bbox 1885 1587 2064 1677; x_wconf 70' lang='grc' dir='ltr'><strong><em>”Αγε,</em></strong></span> <span class='ocrx_word' id='word_1_115' title='bbox 2084 1597 2230 1678; x_wconf 78' lang='grc' dir='ltr'><strong><em>ἔφη.</em></strong></span> 
     </span>
     <span class='ocr_line' id='line_1_15' title="bbox 211 1676 2231 1772; baseline 0 -19"><span class='ocrx_word' id='word_1_116' title='bbox 211 1686 763 1771; x_wconf 78' lang='grc' dir='ltr'><strong><em>Ἀναμιμνήσκειν</em></strong></span> <span class='ocrx_word' id='word_1_117' title='bbox 785 1676 914 1751; x_wconf 83' lang='grc' dir='ltr'><strong><em>οὖν</em></strong></span> <span class='ocrx_word' id='word_1_118' title='bbox 941 1704 1038 1768; x_wconf 90' lang='grc' dir='ltr'><strong><em>σε,</em></strong></span> <span class='ocrx_word' id='word_1_119' title='bbox 1065 1676 1153 1770; x_wconf 81' lang='grc' dir='ltr'><strong><em>ἦν</em></strong></span> <span class='ocrx_word' id='word_1_120' title='bbox 1177 1682 1243 1751; x_wconf 92' lang='grc' dir='ltr'><strong><em>δ’</em></strong></span> <span class='ocrx_word' id='word_1_121' title='bbox 1267 1685 1421 1769; x_wconf 80' lang='grc' dir='ltr'><strong><em>έγῶ,</em></strong></span> <span class='ocrx_word' id='word_1_122' title='bbox 1445 1686 1687 1772; x_wconf 79' lang='grc' dir='ltr'><strong><em>δεήσει,</em></strong></span> <span class='ocrx_word' id='word_1_123' title='bbox 1709 1681 1756 1772; x_wconf 77' lang='grc' dir='ltr'><strong><em>ἦ</em></strong></span> <span class='ocrx_word' id='word_1_124' title='bbox 1776 1690 2104 1772; x_wconf 83' lang='grc' dir='ltr'><strong><em>μέμνησαι</em></strong></span> <span class='ocrx_word' id='word_1_125' title='bbox 2126 1686 2231 1756; x_wconf 79' lang='grc' dir='ltr'><strong><em>ὅτι</em></strong></span> 
     </span>
     <span class='ocr_line' id='line_1_16' title="bbox 212 1779 2229 1869; baseline 0 -18"><span class='ocrx_word' id='word_1_126' title='bbox 212 1781 296 1852; x_wconf 79' lang='grc' dir='ltr'><strong><em>ὃν</em></strong></span> <span class='ocrx_word' id='word_1_127' title='bbox 319 1779 405 1850; x_wconf 74' lang='grc' dir='ltr'><strong><em>ἄν</em></strong></span> <span class='ocrx_word' id='word_1_128' title='bbox 437 1791 672 1868; x_wconf 87' lang='grc' dir='ltr'><strong><em>φῶμεν</em></strong></span> <span class='ocrx_word' id='word_1_129' title='bbox 705 1790 924 1867; x_wconf 73' lang='grc' dir='ltr'><strong><em>φιλεῖν</em></strong></span> <span class='ocrx_word' id='word_1_130' title='bbox 958 1808 1041 1865; x_wconf 86' lang='grc' dir='ltr'><strong><em>τι,</em></strong></span> <span class='ocrx_word' id='word_1_131' title='bbox 1086 1785 1190 1849; x_wconf 85' lang='grc' dir='ltr'><strong><em>δεῖ</em></strong></span> <span class='ocrx_word' id='word_1_132' title='bbox 1221 1789 1519 1868; x_wconf 83' lang='grc' dir='ltr'><strong><em>φανῆναι</em></strong></span> <span class='ocrx_word' id='word_1_133' title='bbox 1564 1779 1794 1868; x_wconf 86' lang='grc' dir='ltr'><strong><em>αὐτόν,</em></strong></span> <span class='ocrx_word' id='word_1_134' title='bbox 1838 1781 1958 1850; x_wconf 79' lang='grc' dir='ltr'><strong><em>ἐὰν</em></strong></span> <span class='ocrx_word' id='word_1_135' title='bbox 2001 1780 2229 1869; x_wconf 85' lang='grc' dir='ltr'><strong><em>ὀρθῶς</em></strong></span> 
     </span>
     <span class='ocr_line' id='line_1_17' title="bbox 213 1878 2231 1970; baseline -0.001 -20"><span class='ocrx_word' id='word_1_136' title='bbox 213 1887 498 1970; x_wconf 76' lang='grc' dir='ltr'><strong><em>λέγηται,</em></strong></span> <span class='ocrx_word' id='word_1_137' title='bbox 524 1879 606 1948; x_wconf 81' lang='grc' dir='ltr'><strong><em>οὐ</em></strong></span> <span class='ocrx_word' id='word_1_138' title='bbox 638 1878 712 1946; x_wconf 84' lang='grc' dir='ltr'><strong><em>τὸ</em></strong></span> <span class='ocrx_word' id='word_1_139' title='bbox 734 1879 858 1967; x_wconf 73' lang='grc' dir='ltr'><strong><em>μὲν</em></strong></span> <span class='ocrx_word' id='word_1_140' title='bbox 890 1886 1214 1964; x_wconf 82' lang='grc' dir='ltr'><strong><em>φιλοῦντα</em></strong></span> <span class='ocrx_word' id='word_1_141' title='bbox 1243 1883 1522 1963; x_wconf 79' lang='grc' dir='ltr'><strong><em>ἐκείνου,</em></strong></span> <span class='ocrx_word' id='word_1_142' title='bbox 1545 1878 1619 1947; x_wconf 89' lang='grc' dir='ltr'>τό</span> <span class='ocrx_word' id='word_1_143' title='bbox 1658 1880 1730 1947; x_wconf 77' lang='grc' dir='ltr'><strong><em>δὲ</em></strong></span> <span class='ocrx_word' id='word_1_144' title='bbox 1752 1879 1865 1967; x_wconf 85' lang='grc' dir='ltr'><strong><em>μή,</em></strong></span> <span class='ocrx_word' id='word_1_145' title='bbox 1901 1878 2068 1948; x_wconf 87' lang='grc' dir='ltr'><strong><em>ἀλλά</em></strong></span> <span class='ocrx_word' id='word_1_146' title='bbox 2095 1888 2231 1948; x_wconf 79' lang='grc' dir='ltr'><strong><em>πᾶν</em></strong></span> 
     </span>
     <span class='ocr_line' id='line_1_18' title="bbox 213 1983 606 2067; baseline -0.01 -17"><span class='ocrx_word' id='word_1_147' title='bbox 213 1983 606 2067; x_wconf 71' lang='grc' dir='ltr'><strong><em>στέργοντας</em></strong></span> 
     </span>
    </p>

    <p class='ocr_par' dir='ltr' id='par_1_3' title="bbox 208 2073 2309 2656">
     <span class='ocr_line' id='line_1_19' title="bbox 382 2073 2229 2165; baseline 0 -19"><span class='ocrx_word' id='word_1_148' title='bbox 382 2084 538 2148; x_wconf 86' lang='grc' dir='ltr'><strong><em>ΧΙΧ.</em></strong></span> <span class='ocrx_word' id='word_1_149' title='bbox 597 2075 1170 2163; x_wconf 77' lang='grc' dir='ltr'><strong><em>Ἀναμιμνήσκειν,</em></strong></span> <span class='ocrx_word' id='word_1_150' title='bbox 1214 2081 1364 2163; x_wconf 85' lang='grc' dir='ltr'><strong><em>ἔφη,</em></strong></span> <span class='ocrx_word' id='word_1_151' title='bbox 1408 2073 1496 2157; x_wconf 76' lang='grc' dir='ltr'><strong><em>ῶς</em></strong></span> <span class='ocrx_word' id='word_1_152' title='bbox 1535 2083 1741 2162; x_wconf 80' lang='grc' dir='ltr'><strong><em>ἔοικε,</em></strong></span> <span class='ocrx_word' id='word_1_153' title='bbox 1786 2082 1916 2145; x_wconf 79' lang='grc' dir='ltr'><strong><em>δεῖ·</em></strong></span> <span class='ocrx_word' id='word_1_154' title='bbox 1964 2076 2049 2146; x_wconf 83' lang='grc' dir='ltr'><strong><em>οὐ</em></strong></span> <span class='ocrx_word' id='word_1_155' title='bbox 2097 2078 2229 2165; x_wconf 77' lang='grc' dir='ltr'><strong><em>γὰρ</em></strong></span> 
     </span>
     <span class='ocr_line' id='line_1_20' title="bbox 210 2166 2309 2263; baseline 0 -18"><span class='ocrx_word' id='word_1_156' title='bbox 210 2178 396 2246; x_wconf 87' lang='grc' dir='ltr'><strong><em>πάνυ</em></strong></span> <span class='ocrx_word' id='word_1_157' title='bbox 416 2203 492 2262; x_wconf 86' lang='grc' dir='ltr'><strong><em>γε</em></strong></span> <span class='ocrx_word' id='word_1_158' title='bbox 514 2179 741 2244; x_wconf 80' lang='grc' dir='ltr'><strong><em>ἐννοῶ.</em></strong></span> <span class='ocrx_word' id='word_1_159' title='bbox 780 2172 1020 2263; x_wconf 70' lang='grc' dir='ltr'><strong><em>Ἄλλῳ,</em></strong></span> <span class='ocrx_word' id='word_1_160' title='bbox 1058 2172 1266 2259; x_wconf 81' lang='grc' dir='ltr'><strong><em>εἷπον,</em></strong></span> <span class='ocrx_word' id='word_1_161' title='bbox 1301 2179 1607 2260; x_wconf 80' lang='grc' dir='ltr'><strong><em>ἔπρεπεν,</em></strong></span> <span class='ocrx_word' id='word_1_162' title='bbox 1645 2166 1701 2243; x_wconf 84' lang='grc' dir='ltr'><strong><em>ῶ</em></strong></span> <span class='ocrx_word' id='word_1_163' title='bbox 1732 2176 2084 2262; x_wconf 85' lang='grc' dir='ltr'><strong><em>Γλαύκων,</em></strong></span> <span class='ocrx_word' id='word_1_164' title='bbox 2120 2181 2229 2246; x_wconf 90' lang='grc' dir='ltr'><strong><em>λέ-</em></strong></span> <span class='ocrx_word' id='word_1_165' title='bbox 2265 2188 2309 2237; x_wconf 88' lang='lat' dir='ltr'>D</span> 
     </span>
     <span class='ocr_line' id='line_1_21' title="bbox 208 2269 2224 2363; baseline 0 -20"><span class='ocrx_word' id='word_1_166' title='bbox 208 2302 359 2363; x_wconf 90' lang='grc' dir='ltr'><strong><em>γειν</em></strong></span> <span class='ocrx_word' id='word_1_167' title='bbox 386 2272 430 2342; x_wconf 75' lang='grc' dir='ltr'><em>ἃ</em></span> <span class='ocrx_word' id='word_1_168' title='bbox 460 2275 697 2359; x_wconf 87' lang='grc' dir='ltr'><strong><em>λέγεις·</em></strong></span> <span class='ocrx_word' id='word_1_169' title='bbox 753 2269 948 2355; x_wconf 86' lang='grc' dir='ltr'><strong><em>ἀνδρὶ</em></strong></span> <span class='ocrx_word' id='word_1_170' title='bbox 983 2270 1044 2338; x_wconf 84' lang='grc' dir='ltr'><strong><em>δ’</em></strong></span> <span class='ocrx_word' id='word_1_171' title='bbox 1082 2275 1375 2361; x_wconf 76' lang='grc' dir='ltr'><strong><em>ἐρωτικῷ</em></strong></span> <span class='ocrx_word' id='word_1_172' title='bbox 1412 2270 1495 2340; x_wconf 84' lang='grc' dir='ltr'><strong><em>οὐ</em></strong></span> <span class='ocrx_word' id='word_1_173' title='bbox 1527 2277 1759 2358; x_wconf 89' lang='grc' dir='ltr'><strong><em>πρέπει</em></strong></span> <span class='ocrx_word' id='word_1_174' title='bbox 1793 2271 2224 2362; x_wconf 72' lang='grc' dir='ltr'><strong><em>ἀμνημονεῖν,</em></strong></span> 
     </span>
     <span class='ocr_line' id='line_1_22' title="bbox 211 2368 2233 2459; baseline -0.001 -16"><span class='ocrx_word' id='word_1_175' title='bbox 211 2372 318 2443; x_wconf 79' lang='grc' dir='ltr'><strong><em>ὅτι</em></strong></span> <span class='ocrx_word' id='word_1_176' title='bbox 347 2373 587 2451; x_wconf 88' lang='grc' dir='ltr'><strong><em>πάντες</em></strong></span> <span class='ocrx_word' id='word_1_177' title='bbox 607 2374 677 2439; x_wconf 75' lang='grc' dir='ltr'><strong><em>οἱ</em></strong></span> <span class='ocrx_word' id='word_1_178' title='bbox 690 2373 766 2438; x_wconf 79' lang='grc' dir='ltr'><strong><em>ἐν</em></strong></span> <span class='ocrx_word' id='word_1_179' title='bbox 791 2368 933 2459; x_wconf 80' lang='grc' dir='ltr'><strong><em>ῶρᾳ</em></strong></span> <span class='ocrx_word' id='word_1_180' title='bbox 954 2371 1073 2437; x_wconf 86' lang='grc' dir='ltr'><strong><em>τὸν</em></strong></span> <span class='ocrx_word' id='word_1_181' title='bbox 1095 2368 1455 2456; x_wconf 89' lang='grc' dir='ltr'><strong><em>φιλόπαιδα</em></strong></span> <span class='ocrx_word' id='word_1_182' title='bbox 1489 2373 1600 2438; x_wconf 80' lang='grc' dir='ltr'><strong><em>καὶ</em></strong></span> <span class='ocrx_word' id='word_1_183' title='bbox 1633 2369 1950 2455; x_wconf 78' lang='grc' dir='ltr'><strong><em>ἐρωτικόν</em></strong></span> <span class='ocrx_word' id='word_1_184' title='bbox 1980 2368 2117 2459; x_wconf 76' lang='grc' dir='ltr'><strong><em>ἁμῇ</em></strong></span> <span class='ocrx_word' id='word_1_185' title='bbox 2151 2378 2233 2459; x_wconf 87' lang='grc' dir='ltr'><strong><em>γε’</em></strong></span> 
     </span>
     <span class='ocr_line' id='line_1_23' title="bbox 210 2465 2231 2559; baseline -0 -20"><span class='ocrx_word' id='word_1_186' title='bbox 210 2493 307 2559; x_wconf 75' lang='grc' dir='ltr'><strong><em>πη</em></strong></span> <span class='ocrx_word' id='word_1_187' title='bbox 332 2471 659 2539; x_wconf 86' lang='grc' dir='ltr'><strong><em>δάκνουσί</em></strong></span> <span class='ocrx_word' id='word_1_188' title='bbox 673 2494 743 2537; x_wconf 88' lang='grc' dir='ltr'><strong><em>τε</em></strong></span> <span class='ocrx_word' id='word_1_189' title='bbox 776 2471 888 2537; x_wconf 78' lang='grc' dir='ltr'><strong><em>καὶ</em></strong></span> <span class='ocrx_word' id='word_1_190' title='bbox 921 2475 1205 2547; x_wconf 84' lang='grc' dir='ltr'><strong><em>κινοῦσι,</em></strong></span> <span class='ocrx_word' id='word_1_191' title='bbox 1233 2473 1588 2547; x_wconf 84' lang='grc' dir='ltr'><strong><em>δοκοῦντες</em></strong></span> <span class='ocrx_word' id='word_1_192' title='bbox 1609 2465 1781 2549; x_wconf 72' lang='grc' dir='ltr'><strong><em>ἄξιοι</em></strong></span> <span class='ocrx_word' id='word_1_193' title='bbox 1802 2467 1972 2537; x_wconf 84' lang='grc' dir='ltr'><strong><em>εἶναι</em></strong></span> <span class='ocrx_word' id='word_1_194' title='bbox 2005 2472 2231 2557; x_wconf 82' lang='grc' dir='ltr'><strong><em>ἐπιμε-</em></strong></span> 
     </span>
     <span class='ocr_line' id='line_1_24' title="bbox 211 2562 2229 2656; baseline -0.001 -17"><span class='ocrx_word' id='word_1_195' title='bbox 211 2577 392 2649; x_wconf 87' lang='grc' dir='ltr'><strong><em>λείας</em></strong></span> <span class='ocrx_word' id='word_1_196' title='bbox 416 2595 485 2637; x_wconf 93' lang='grc' dir='ltr'><strong><em>τε</em></strong></span> <span class='ocrx_word' id='word_1_197' title='bbox 521 2569 631 2636; x_wconf 87' lang='grc' dir='ltr'><strong><em>καὶ</em></strong></span> <span class='ocrx_word' id='word_1_198' title='bbox 672 2574 794 2635; x_wconf 87' lang='grc' dir='ltr'><strong><em>τοῦ</em></strong></span> <span class='ocrx_word' id='word_1_199' title='bbox 834 2564 1263 2647; x_wconf 79' lang='grc' dir='ltr'><strong><em>ἀσπάζεσθαι.</em></strong></span> <span class='ocrx_word' id='word_1_200' title='bbox 1306 2562 1351 2651; x_wconf 81' lang='grc' dir='ltr'><em>ἢ</em></span> <span class='ocrx_word' id='word_1_201' title='bbox 1394 2564 1514 2651; x_wconf 84' lang='grc' dir='ltr'><strong><em>ούχ</em></strong></span> <span class='ocrx_word' id='word_1_202' title='bbox 1558 2564 1735 2634; x_wconf 77' lang='grc' dir='ltr'><strong><em>οὕτω</em></strong></span> <span class='ocrx_word' id='word_1_203' title='bbox 1780 2581 2020 2636; x_wconf 81' lang='grc' dir='ltr'><strong><em>ποιεῖτε</em></strong></span> <span class='ocrx_word' id='word_1_204' title='bbox 2062 2566 2229 2656; x_wconf 83' lang='grc' dir='ltr'><strong><em>πρὸς</em></strong></span> 
     </span>
    </p>
   </div>
   <div class='ocr_carea' id='block_1_3' title="bbox 81 2661 2232 2753">
    <p class='ocr_par' dir='ltr' id='par_1_4' title="bbox 81 2661 2232 2753">
     <span class='ocr_line' id='line_1_25' title="bbox 81 2661 2232 2753; baseline -0.001 -17"><span class='ocrx_word' id='word_1_205' title='bbox 81 2675 88 2678; x_wconf 9' lang='grc' dir='ltr'><strong>μ</strong></span> <span class='ocrx_word' id='word_1_206' title='bbox 211 2666 373 2747; x_wconf 81' lang='grc' dir='ltr'><strong><em>τοὺς</em></strong></span> <span class='ocrx_word' id='word_1_207' title='bbox 392 2663 676 2746; x_wconf 61' lang='lat' dir='ltr'><strong><em>nal-0693</em></strong></span> <span class='ocrx_word' id='word_1_208' title='bbox 721 2661 757 2733; x_wconf 87' lang='grc' dir='ltr'>ὁ</span> <span class='ocrx_word' id='word_1_209' title='bbox 779 2668 922 2750; x_wconf 86' lang='grc' dir='ltr'><strong><em>μέν,</em></strong></span> <span class='ocrx_word' id='word_1_210' title='bbox 961 2662 1064 2732; x_wconf 83' lang='grc' dir='ltr'><strong><em>ὅτι</em></strong></span> <span class='ocrx_word' id='word_1_211' title='bbox 1097 2664 1308 2750; x_wconf 87' lang='grc' dir='ltr'><strong><em>σιμός,</em></strong></span> <span class='ocrx_word' id='word_1_212' title='bbox 1338 2665 1629 2753; x_wconf 78' lang='grc' dir='ltr'><strong><em>ἐπίχαρις</em></strong></span> <span class='ocrx_word' id='word_1_213' title='bbox 1659 2669 1933 2750; x_wconf 83' lang='grc' dir='ltr'><strong><em>κληθεὶς</em></strong></span> <span class='ocrx_word' id='word_1_214' title='bbox 1963 2669 2232 2733; x_wconf 75' lang='grc' dir='ltr'><strong><em>ἐπαινε-</em></strong></span> 
     </span>
    </p>
   </div>
   <div class='ocr_carea' id='block_1_4' title="bbox 209 2758 2361 3598">
    <p class='ocr_par' dir='ltr' id='par_1_5' title="bbox 209 2758 2361 3598">
     <span class='ocr_line' id='line_1_26' title="bbox 211 2758 2224 2851; baseline 0 -19"><span class='ocrx_word' id='word_1_215' title='bbox 211 2766 494 2851; x_wconf 74' lang='grc' dir='ltr'><strong><em>θησεται</em></strong></span> <span class='ocrx_word' id='word_1_216' title='bbox 515 2759 637 2849; x_wconf 77' lang='grc' dir='ltr'><strong><em>ὑφ’</em></strong></span> <span class='ocrx_word' id='word_1_217' title='bbox 660 2758 877 2847; x_wconf 86' lang='grc' dir='ltr'><strong><em>ύμῶν,</em></strong></span> <span class='ocrx_word' id='word_1_218' title='bbox 892 2769 1017 2830; x_wconf 87' lang='grc' dir='ltr'><strong><em>τοῦ</em></strong></span> <span class='ocrx_word' id='word_1_219' title='bbox 1034 2761 1106 2829; x_wconf 75' lang='grc' dir='ltr'><strong><em>δὲ</em></strong></span> <span class='ocrx_word' id='word_1_220' title='bbox 1117 2760 1189 2828; x_wconf 84' lang='grc' dir='ltr'><strong><em>τὸ</em></strong></span> <span class='ocrx_word' id='word_1_221' title='bbox 1205 2760 1472 2847; x_wconf 83' lang='grc' dir='ltr'><strong><em>γρυπὸν</em></strong></span> <span class='ocrx_word' id='word_1_222' title='bbox 1482 2761 1833 2848; x_wconf 83' lang='grc' dir='ltr'><strong><em>βασιλικόν</em></strong></span> <span class='ocrx_word' id='word_1_223' title='bbox 1855 2789 2022 2849; x_wconf 88' lang='grc' dir='ltr'><strong><em>φατε</em></strong></span> <span class='ocrx_word' id='word_1_224' title='bbox 2036 2763 2224 2851; x_wconf 85' lang='grc' dir='ltr'><strong><em>εἶναι,</em></strong></span> 
     </span>
     <span class='ocr_line' id='line_1_27' title="bbox 212 2858 2302 2947; baseline 0 -16"><span class='ocrx_word' id='word_1_225' title='bbox 212 2860 334 2931; x_wconf 83' lang='grc' dir='ltr'><strong><em>τὸν</em></strong></span> <span class='ocrx_word' id='word_1_226' title='bbox 358 2861 431 2930; x_wconf 70' lang='grc' dir='ltr'><strong><em>δὲ</em></strong></span> <span class='ocrx_word' id='word_1_227' title='bbox 461 2858 543 2946; x_wconf 84' lang='grc' dir='ltr'><strong><em>δὴ</em></strong></span> <span class='ocrx_word' id='word_1_228' title='bbox 571 2858 677 2927; x_wconf 87' lang='grc' dir='ltr'><strong><em>διά</em></strong></span> <span class='ocrx_word' id='word_1_229' title='bbox 707 2865 914 2946; x_wconf 84' lang='grc' dir='ltr'><strong><em>μέσου</em></strong></span> <span class='ocrx_word' id='word_1_230' title='bbox 947 2860 1206 2928; x_wconf 89' lang='grc' dir='ltr'><strong><em>τούτων</em></strong></span> <span class='ocrx_word' id='word_1_231' title='bbox 1241 2859 1686 2946; x_wconf 78' lang='grc' dir='ltr'><strong><em>ἐμμετρότατα</em></strong></span> <span class='ocrx_word' id='word_1_232' title='bbox 1716 2865 1906 2947; x_wconf 80' lang='grc' dir='ltr'><strong><em>ἔχειν,</em></strong></span> <span class='ocrx_word' id='word_1_233' title='bbox 1938 2864 2224 2947; x_wconf 84' lang='grc' dir='ltr'><strong><em>μέλανας</em></strong></span> <span class='ocrx_word' id='word_1_234' title='bbox 2261 2881 2302 2932; x_wconf 84' lang='lat' dir='ltr'><strong>E</strong></span> 
     </span>
     <span class='ocr_line' id='line_1_28' title="bbox 215 2954 2227 3046; baseline 0 -16"><span class='ocrx_word' id='word_1_235' title='bbox 215 2963 287 3030; x_wconf 72' lang='grc' dir='ltr'><strong><em>δὲ</em></strong></span> <span class='ocrx_word' id='word_1_236' title='bbox 307 2954 667 3043; x_wconf 78' lang='grc' dir='ltr'><strong><em>ἀνδρικοὺς</em></strong></span> <span class='ocrx_word' id='word_1_237' title='bbox 698 2963 885 3043; x_wconf 81' lang='grc' dir='ltr'><strong><em>ἰδεῖν,</em></strong></span> <span class='ocrx_word' id='word_1_238' title='bbox 914 2955 1198 3037; x_wconf 75' lang='grc' dir='ltr'><strong><em>λευκούς</em></strong></span> <span class='ocrx_word' id='word_1_239' title='bbox 1219 2958 1293 3027; x_wconf 74' lang='grc' dir='ltr'><strong><em>δὲ</em></strong></span> <span class='ocrx_word' id='word_1_240' title='bbox 1320 2965 1508 3026; x_wconf 85' lang='grc' dir='ltr'><strong><em>θεῶν</em></strong></span> <span class='ocrx_word' id='word_1_241' title='bbox 1528 2962 1764 3037; x_wconf 78' lang='grc' dir='ltr'><strong><em>παῖδας</em></strong></span> <span class='ocrx_word' id='word_1_242' title='bbox 1797 2957 1964 3027; x_wconf 83' lang='grc' dir='ltr'><strong><em>εἶναι</em></strong></span> <span class='ocrx_word' id='word_1_243' title='bbox 1982 2985 1995 2999; x_wconf 91' lang='grc'>·</span> <span class='ocrx_word' id='word_1_244' title='bbox 2040 2970 2227 3046; x_wconf 87' lang='grc' dir='ltr'><strong><em>μελι-</em></strong></span> 
     </span>
     <span class='ocr_line' id='line_1_29' title="bbox 210 3054 2226 3147; baseline 0 -21"><span class='ocrx_word' id='word_1_245' title='bbox 210 3055 506 3147; x_wconf 71' lang='grc' dir='ltr'><strong><em>χλώρους</em></strong></span> <span class='ocrx_word' id='word_1_246' title='bbox 539 3058 744 3125; x_wconf 79' lang='grc' dir='ltr'><strong><em>δὲκαὶ</em></strong></span> <span class='ocrx_word' id='word_1_247' title='bbox 776 3054 1072 3141; x_wconf 75' lang='grc' dir='ltr'><strong><em>τοῦνομα</em></strong></span> <span class='ocrx_word' id='word_1_248' title='bbox 1097 3064 1220 3124; x_wconf 75' lang='grc' dir='ltr'><strong><em>οἴει</em></strong></span> <span class='ocrx_word' id='word_1_249' title='bbox 1242 3054 1425 3135; x_wconf 76' lang='grc' dir='ltr'><strong><em>τινος</em></strong></span> <span class='ocrx_word' id='word_1_250' title='bbox 1459 3054 1670 3124; x_wconf 79' lang='grc' dir='ltr'><strong><em>ἄλλον</em></strong></span> <span class='ocrx_word' id='word_1_251' title='bbox 1700 3063 1946 3143; x_wconf 87' lang='grc' dir='ltr'><strong><em>ποίημα</em></strong></span> <span class='ocrx_word' id='word_1_252' title='bbox 1981 3056 2149 3127; x_wconf 87' lang='grc' dir='ltr'><strong><em>εἶναι</em></strong></span> <span class='ocrx_word' id='word_1_253' title='bbox 2181 3055 2226 3146; x_wconf 80' lang='grc' dir='ltr'><strong><em>ἦ</em></strong></span> 
     </span>
     <span class='ocr_line' id='line_1_30' title="bbox 209 3151 2226 3244; baseline 0.001 -20"><span class='ocrx_word' id='word_1_254' title='bbox 209 3159 492 3240; x_wconf 78' lang='grc' dir='ltr'><strong><em>ἐραστοῦ</em></strong></span> <span class='ocrx_word' id='word_1_255' title='bbox 535 3151 1100 3240; x_wconf 77' lang='grc' dir='ltr'><strong><em>ὑποκοριζομένου</em></strong></span> <span class='ocrx_word' id='word_1_256' title='bbox 1143 3179 1211 3221; x_wconf 89' lang='grc' dir='ltr'><strong><em>τε</em></strong></span> <span class='ocrx_word' id='word_1_257' title='bbox 1254 3155 1362 3221; x_wconf 82' lang='grc' dir='ltr'><strong><em>καὶ</em></strong></span> <span class='ocrx_word' id='word_1_258' title='bbox 1412 3151 1694 3240; x_wconf 79' lang='grc' dir='ltr'><strong><em>εὐχερῶς</em></strong></span> <span class='ocrx_word' id='word_1_259' title='bbox 1738 3157 2060 3241; x_wconf 83' lang='grc' dir='ltr'><strong><em>φέροντος</em></strong></span> <span class='ocrx_word' id='word_1_260' title='bbox 2101 3184 2226 3244; x_wconf 86' lang='grc' dir='ltr'><strong><em>την</em></strong></span> 
     </span>
     <span class='ocr_line' id='line_1_31' title="bbox 213 3244 2224 3341; baseline 0 -20"><span class='ocrx_word' id='word_1_261' title='bbox 213 3251 571 3340; x_wconf 82' lang='grc' dir='ltr'><strong><em>ῶχρότητα,</em></strong></span> <span class='ocrx_word' id='word_1_262' title='bbox 600 3250 718 3319; x_wconf 81' lang='grc' dir='ltr'><strong><em>έάν</em></strong></span> <span class='ocrx_word' id='word_1_263' title='bbox 739 3255 845 3319; x_wconf 81' lang='grc' dir='ltr'><strong><em>ἐπὶ</em></strong></span> <span class='ocrx_word' id='word_1_264' title='bbox 877 3250 1017 3339; x_wconf 79' lang='grc' dir='ltr'><strong><em>ῶρᾳ</em></strong></span> <span class='ocrx_word' id='word_1_265' title='bbox 1039 3244 1116 3339; x_wconf 66' lang='grc' dir='ltr'><strong><em>ᾗς</em></strong></span> <span class='ocrx_word' id='word_1_266' title='bbox 1160 3254 1270 3319; x_wconf 87' lang='grc' dir='ltr'><strong><em>καὶ</em></strong></span> <span class='ocrx_word' id='word_1_267' title='bbox 1288 3253 1387 3320; x_wconf 77' lang='grc' dir='ltr'><strong><em>ἑνὶ</em></strong></span> <span class='ocrx_word' id='word_1_268' title='bbox 1407 3251 1584 3341; x_wconf 78' lang='grc' dir='ltr'><strong><em>λόγῳ</em></strong></span> <span class='ocrx_word' id='word_1_269' title='bbox 1611 3252 1825 3333; x_wconf 84' lang='grc' dir='ltr'><strong><em>πάσας</em></strong></span> <span class='ocrx_word' id='word_1_270' title='bbox 1858 3254 2224 3340; x_wconf 77' lang='grc' dir='ltr'><strong><em>προφάσεις</em></strong></span> 
     </span>
     <span class='ocr_line' id='line_1_32' title="bbox 211 3347 2361 3440; baseline 0 -20"><span class='ocrx_word' id='word_1_271' title='bbox 211 3351 709 3439; x_wconf 81' lang='grc' dir='ltr'><strong><em>προφασίζεσθέ</em></strong></span> <span class='ocrx_word' id='word_1_272' title='bbox 724 3375 793 3416; x_wconf 85' lang='grc' dir='ltr'><strong><em>τε</em></strong></span> <span class='ocrx_word' id='word_1_273' title='bbox 830 3351 942 3418; x_wconf 87' lang='grc' dir='ltr'><strong><em>καὶ</em></strong></span> <span class='ocrx_word' id='word_1_274' title='bbox 977 3350 1191 3429; x_wconf 86' lang='grc' dir='ltr'><strong><em>πάσας</em></strong></span> <span class='ocrx_word' id='word_1_275' title='bbox 1224 3349 1456 3435; x_wconf 83' lang='grc' dir='ltr'><strong><em>φωνὰς</em></strong></span> <span class='ocrx_word' id='word_1_276' title='bbox 1488 3347 1736 3437; x_wconf 84' lang='grc' dir='ltr'><strong><em>ἀφίετε,</em></strong></span> <span class='ocrx_word' id='word_1_277' title='bbox 1772 3349 1938 3419; x_wconf 82' lang='grc' dir='ltr'><strong><em>ῶστε</em></strong></span> <span class='ocrx_word' id='word_1_278' title='bbox 1972 3356 2226 3440; x_wconf 85' lang='grc' dir='ltr'><strong><em>μηδένα</em></strong></span> <span class='ocrx_word' id='word_1_279' title='bbox 2257 3379 2361 3437; x_wconf 76' lang='lat'><strong><em>47⁵</em></strong></span> 
     </span>
     <span class='ocr_line' id='line_1_33' title="bbox 210 3446 2225 3573; baseline 0 -56"><span class='ocrx_word' id='word_1_280' title='bbox 210 3447 615 3535; x_wconf 79' lang='grc' dir='ltr'><strong><em>ἀποβάλλειν</em></strong></span> <span class='ocrx_word' id='word_1_281' title='bbox 637 3456 774 3515; x_wconf 89' lang='grc' dir='ltr'><strong><em>τῶν</em></strong></span> <span class='ocrx_word' id='word_1_282' title='bbox 797 3446 1201 3517; x_wconf 87' lang='grc' dir='ltr'><strong><em>ἀνθούντων</em></strong></span> <span class='ocrx_word' id='word_1_283' title='bbox 1223 3452 1296 3517; x_wconf 80' lang='grc' dir='ltr'><strong><em>ἐν</em></strong></span> <span class='ocrx_word' id='word_1_284' title='bbox 1317 3446 1479 3538; x_wconf 77' lang='grc' dir='ltr'><strong><em>ῶρα.</em></strong></span> <span class='ocrx_word' id='word_1_285' title='bbox 1519 3455 1609 3517; x_wconf 85' lang='grc' dir='ltr'><strong><em>Εἰ</em></strong></span> <span class='ocrx_word' id='word_1_286' title='bbox 1637 3448 1890 3573; x_wconf 55' lang='grc' dir='ltr'><strong><em>βούλει,</em></strong></span> <span class='ocrx_word' id='word_1_287' title='bbox 1931 3454 2080 3535; x_wconf 78' lang='grc' dir='ltr'><strong><em>ἔφη,</em></strong></span> <span class='ocrx_word' id='word_1_288' title='bbox 2118 3450 2225 3517; x_wconf 82' lang='grc' dir='ltr'><strong><em>ἐπ’</em></strong></span> 
     </span>
     <span class='ocr_line' id='line_1_34' title="bbox 1698 3549 1761 3598; baseline 0 0"><span class='ocrx_word' id='word_1_289' title='bbox 1698 3549 1761 3598; x_wconf 89' lang='lat' dir='ltr'><strong><em>ll</em></strong></span> 
     </span>
    </p>
   </div>
  </div>
 </body>
</html>
