2602 3928
351 214 478 277 262
1080 213 1648 271 ΠΛΑΤΩΝΟΣ

277 395 322 447 Ε
351 378 701 462 εἰσφέρειν.
752 378 835 441 Τί
852 369 913 439 δ’
942 371 1108 440 ὅταν
1130 369 1210 457 δὴ
1234 379 1441 439 ταῦτα
1463 374 1790 460 §ancletum
1813 381 2066 459 Δῆλον,
2092 378 2240 460 ἔφη,
2265 372 2372 442 ὅτι

352 477 424 541 ἐκ
443 479 579 540 τῶν
602 471 927 559 πατρῴων
947 474 1267 557 θρέψεται
1285 468 1487 548 αὐτός
1504 494 1576 537 τε
1596 472 1706 538 καὶ
1726 476 1796 539 οἰ
1812 471 2145 557 συμπόται
2163 498 2235 540 τε
2258 474 2371 541 καὶ

353 574 595 654 ἑταῖροι
615 572 724 637 καὶ
745 570 1011 656 ἑταῖραι.
1054 567 1439 654 Μανθάνω,
1463 562 1553 654 ἦν
1573 565 1636 634 δ’
1680 566 1808 653 ἐγώ
1825 595 1838 608 ·
1885 569 1988 636 ὅτι
2019 567 2056 637 ὁ
2087 564 2294 655 δῆμος
2331 565 2366 637 ὁ

352 667 681 755 γεννήσας
719 666 842 735 τὸν
880 667 1223 755 τύραννον
1266 669 1506 749 θρέψει
1547 662 1761 733 αὐτόν
1797 692 1868 734 τε
1903 670 2014 735 καὶ
2048 669 2368 751 ἑταίρους.

351 764 576 852 Πολλὴ
600 762 804 855 αὐτῷ,
827 770 977 852 ἔφη,
1002 764 1276 852 ἀνάγκη.
1322 772 1483 844 Πῶς
1502 765 1575 832 δὲ
1598 766 1836 850 λέγεις;
1870 763 2057 833 εἶπον
2076 791 2091 805 ·
2138 764 2258 834 ἐὰν
2294 767 2370 835 δὲ

354 863 691 951 ἀγανακτῇ
713 865 911 932 τεκαὶ
934 866 1092 951 λέγῃ
1114 861 1149 930 ὁ
1177 867 1402 949 δῆμος,
1426 861 1529 930 ὅτι
1551 860 1708 930 οὔτε
1722 866 1982 931 δίκαιον
2004 868 2371 950 τρέφεσθαι

353 960 482 1031 ὑπὸ
507 960 755 1048 πατρὸς
778 961 933 1030 υίὸν
954 959 1240 1049 ἡβῶντα,
1266 960 1434 1031 ἀλλὰ
1469 959 1865 1030 τούναντίον
1885 958 2014 1030 ὑπὸ
2037 967 2213 1042 υίέος
2238 987 2370 1029 πα·-

215 1081 321 1138 569
357 1064 533 1148 τέρα,
558 1059 713 1128 οὔτε
733 1060 977 1127 τούτου
1000 1058 1210 1128 αὑτὸν
1230 1062 1426 1128 ἕνεκα
1457 1062 1774 1147 ἐγέννησέ
1806 1087 1875 1129 τε
1913 1063 2022 1129 καὶ
2055 1064 2371 1147 κατέστη-

356 1180 495 1247 σεν,
515 1164 650 1242 ἵνα,
674 1157 895 1245 ἐπειδὴ
923 1163 1124 1245 μέγας
1141 1163 1422 1246 γένοιτο,
1454 1157 1600 1228 τότε
1622 1158 1823 1239 αὐτὸς
1857 1160 2201 1228 δουλεύων
2234 1174 2373 1241 τοῖς
2452 1243 2455 1245 ‚

356 1259 568 1326 αὑτοῦ
602 1257 870 1335 δούλοις
905 1261 1137 1342 τρέφοι
1172 1258 1430 1325 ἐκεῖνόν
1454 1283 1525 1325 τε
1563 1261 1672 1326 καὶ
1704 1257 1858 1336 τοὺς
1891 1256 2172 1337 δούλους
2206 1257 2369 1345 μετὰ

356 1353 747 1443 ξυγκλύδων
768 1353 1011 1439 ἄλλων,
1036 1353 1180 1423 ἀλλ’
1207 1359 1319 1424 ἵνα
1344 1353 1471 1424 ἀπό
1503 1362 1640 1424 τῶν
1660 1361 2001 1425 πλουσίων
2022 1381 2093 1423 τε
2112 1358 2223 1427 καὶ
2245 1382 2371 1423 κα-

356 1461 497 1522 λῶν
514 1449 837 1538 κάγαθῶν
858 1455 1235 1537 λεγομένων
1255 1453 1334 1519 ἐν
1349 1461 1433 1539 τῇ
1464 1451 1654 1521 πόλει
1686 1455 2176 1541 ἐλευθερωθείη
2200 1457 2371 1522 ἐκεί-

360 1577 485 1618 νου
520 1552 945 1638 προστάντος,
983 1551 1091 1616 καὶ
1125 1556 1256 1616 νῦν
1288 1548 1544 1617 κελεύει
1576 1546 1844 1617 ἀπιέναι
1869 1553 1942 1620 ἐκ
1974 1560 2087 1638 τῆς
2118 1551 2374 1630 πόλεως

359 1646 571 1717 αὐτόν
589 1674 662 1716 τε
688 1648 797 1716 καὶ
827 1646 987 1726 τοὺς
1023 1650 1342 1734 ἑταίρους,
1384 1647 1607 1733 ῶσπερ
1631 1645 1846 1734 πατὴρ
1879 1650 2032 1717 υίόν
2065 1651 2129 1730 ἐξ
2163 1654 2373 1727 οἰκίας

359 1745 522 1833 μετὰ
565 1746 867 1833 ὀχληρῶν
908 1752 1260 1832 ξυμποτῶν
1310 1746 1719 1829 ἐξελαύνωνς
1762 1747 2107 1815 Γναίσεταί
2140 1772 2236 1834 γε,
2284 1745 2368 1832 νὴ

284 1862 322 1914 Β
355 1852 512 1932 Δία,
537 1838 581 1931 ἦ
604 1843 668 1912 δ’
707 1843 804 1929 ὅς,
828 1841 965 1913 τότ’
1002 1844 1128 1930 ἤδη
1152 1843 1189 1910 ὁ
1213 1847 1439 1931 δῆμος,
1462 1839 1599 1923 οἶος
1632 1839 1776 1913 οἷον
1808 1848 2077 1932 θρέμμα
2111 1853 2371 1932 γεννῶν

358 1940 682 2031 ἠσπάζετό
700 1968 771 2010 τε
789 1943 900 2010 καὶ
923 1935 1103 2029 ηυξε,
1124 1940 1311 2012 καὶ“”’
1268 1970 1372 2011 οτι
1403 1940 1883 2028 ἀσθενέστερος
1913 1970 2010 2012 ων
2033 1945 2365 2030 ίσχυροτέ-

362 2067 522 2124 ρους
541 2038 891 2120 ἐξελαύνει.
934 2032 1179 2126 Πῶς,ς
1133 2066 1222 2127 ην
1243 2037 1308 2108 δ’
1339 2039 1489 2126 ἐγώ,
1510 2042 1752 2159 λέγειςς
1777 2042 2097 2163 τολμήσει
2100 2039 2222 2110 τὸν
2242 2067 2367 2110 πα-

360 2143 517 2223 τέρα
561 2136 924 2223 βιάζεσθαι,
969 2131 1097 2204 κάν
1132 2137 1219 2224 μὴ
1265 2143 1596 2224 πείθηται,
1634 2138 1907 2206 τύπτειν
1939 2135 1976 2206 ὁ
2014 2139 2370 2224 τύραννος;

361 2241 519 2319 Ναί,
542 2239 691 2320 ἔφη,
716 2232 1132 2334 ἀφελόμενός,
1145 2260 1219 2321 γε
1243 2232 1324 2302 τὰ
1345 2232 1533 2303 ὅπλα.
1561 2242 2005 2330 Πατραλοίαν,
2029 2229 2191 2323 ἦνδ’
2219 2237 2369 2322 ε’γῶ,
2483 2321 2492 2330 ⁸

363 2337 574 2421 λέγεις
599 2333 933 2417 τύραννον
978 2336 1087 2401 καὶ
1125 2326 1418 2419 χαλεπὸν
1458 2333 1903 2421 γηροτρόφον,
1931 2338 2038 2402 καὶ
2074 2332 2162 2415 ὡς
2201 2340 2371 2403 ἔοικε

362 2438 560 2501 τοῦτο
582 2432 663 2517 δὴ
687 2427 1252 2518 ὁμολογουμένη’“
1206 2457 1294 2498 αν
1315 2429 1444 2518 ἤδη
1463 2435 1777 2516 τυραννὶς
1799 2442 1919 2519 εἴη,
1944 2435 2052 2500 καὶ
2077 2431 2151 2500 τὸ
2177 2433 2372 2519 λεγό-

362 2557 570 2617 μενον
586 2527 621 2599 ὁ
647 2535 851 2616 δῆμος
880 2529 1153 2615 φεύγων
1174 2525 1261 2596 ἂν
1278 2527 1540 2597 καπνὸν
1556 2534 1860 2608 δουλείας
1879 2534 2259 2617 ἐλευθέρων
2280 2538 2373 2611 είς

285 2648 330 2700 c
366 2636 500 2714 πῦρ
515 2628 782 2696 δούλων
803 2632 1182 2705 δεσποτείας
1205 2621 1294 2693 ἀν
1314 2625 1756 2712 ἐμπεπτωκὼς
1777 2636 1896 2714 εἴη,
1925 2626 2073 2696 ἀντὶ
2083 2636 2197 2714 τῆς
2218 2626 2372 2696 πολ·

363 2734 479 2813 λῆς
503 2727 756 2812 ἐκείνης
788 2726 895 2793 καὶ
927 2721 1212 2808 ἀκαίρου
1242 2728 1625 2811 ἐλευθερίας
1656 2723 1780 2812 τὴν
1813 2723 2279 2811 χαλεπωτάτην
2303 2750 2399 2793 τεἸ

363 2828 474 2892 καὶ
512 2824 916 2912 πικροτάτην
944 2822 1208 2893 δούλων
1236 2827 1546 2892 δουλείαν
1580 2823 2197 2909 μεταμπισχόμενος.
2243 2826 2372 2889 Καὶ

364 2920 562 3007 μάλα,
590 2927 738 3009 ἔφη,
761 2929 969 2989 ταῦτα
989 2918 1166 2988 οὕτω
1191 2926 1499 3005 γίγνεται.
1546 2926 1632 2988 Τί
1646 2913 1810 3002 οὔτις
1844 2919 2059 2989 εἷπον·
2103 2918 2229 2988 οὐκ
2254 2923 2370 3006 ἐμ-

362 3027 576 3105 μελῶς
605 3018 767 3106 ἡμῖν
799 3016 1143 3105 εἰρήσεται,
1183 3017 1303 3086 ἐὰν
1341 3027 1575 3109 φῶμεν
1602 3023 1848 3099 ίκανῶς
1886 3022 2371 3104 διεληλυθέναι,

361 3144 451 3196 ως
469 3122 847 3204 μεταβαίνει
881 3117 1193 3201 τυραννὶς
1215 3120 1287 3185 ἐκ
1312 3121 1768 3204 δημοκρατίας,
1803 3113 2129 3204 γενομένη
2163 3137 2231 3183 τε
2265 3120 2370 3184 οἷα

360 3217 572 3294 έστίνς
613 3212 813 3280 Πάνυ
831 3213 955 3300 μὲν
976 3207 1105 3281 οὖν
1128 3218 1395 3300 ἱκανῶς,
1420 3219 1568 3301 ἔφη.
