2602 3928
927 232 1509 290 110A1TE1A2
1539 223 1611 309 β’.
2197 230 2275 291 61

262 383 780 416 ῐῐῐῐ

266 491 578 579 βλάπτει,
602 487 813 559 κακόν
838 516 900 556 τι
922 502 1125 569 ποιεῖς
1173 491 1355 556 Ουδὲ
1372 495 1588 556 τοῦτο.
1630 484 1707 557 Ὃ
1734 492 1811 557 δέ
1828 514 1903 574 γε
1927 492 2131 575 μηδὲν
2152 515 2278 556 κα-

268 587 392 657 κόν
416 601 618 673 ποιεῖ,
667 584 822 656 οὐδ’
849 585 936 655 ἅν
957 610 1138 667 τινος
1159 596 1260 674 εἴη
1285 594 1503 655 κακοῦ
1524 595 1765 666 αἴτιονς
1805 593 1961 665 Πῶς
1989 587 2150 673 γάρ;
2200 593 2283 654 Τί

270 686 347 754 δέ
361 715 380 769 3
428 682 766 773 ὠφέλιμον
796 683 873 752 τὸ
904 681 1204 771 dyona-6113
1246 690 1402 751 Ναί.
1466 692 1702 753 Αἴτιον
1724 683 1856 773 ἄρα
1880 680 2274 777 εύπραγίαςς

267 789 421 851 Ναί.
487 779 633 851 Ούκ
667 781 801 868 ἄρα
830 782 1101 850 πάντων
1122 807 1200 868 γε
1225 791 1441 850 αἴτιον
1476 778 1550 849 τὸ
1587 778 1885 867 ἀγαθόν,
1933 777 2099 851 ἀλλά
2141 790 2278 851 τῶν

268 881 391 967 μὲν
416 873 496 948 εὖ
513 881 805 968 ἐχόντων
827 891 1073 967 αἴτιον,
1118 888 1256 948 τῶν
1290 880 1365 948 δὲ
1382 888 1612 948 κακῶν
1633 879 1950 949 ἀναίτιον.
2015 889 2276 949 Παντε·

267 987 398 1059 λῶς
418 975 508 1064 γ’,
553 985 700 1067 ἔφη.
764 976 941 1048 Οὐδ’
968 978 1135 1067 ἄρα,
1180 970 1269 1065 ἦν
1291 974 1356 1045 δ’
1383 977 1516 1064 ἐγώ
1529 1028 1548 1063 ,
1572 977 1609 1047 ὁ
1632 979 1829 1067 θεός,
1855 977 2076 1064 ἐπειδὴ
2103 976 2272 1064 ἀγα-
2312 992 2350 1044 O

264 1077 425 1163 θός,
470 1077 744 1146 πάντων
766 1075 854 1146 ἀν
874 1088 973 1165 εἴη
997 1086 1231 1163 αἴτιος,
1283 1073 1373 1156 ὥς
1394 1081 1463 1144 οἱ
1479 1080 1711 1146 πολλοὶ
1732 1082 2074 1163 λέγουσιν,
2120 1073 2272 1145 ἀλλ’

264 1175 512 1262 ὀλίγων
547 1180 670 1263 μὲν
706 1191 840 1254 τοῖς
864 1174 1252 1264 ἀνθρώποις
1276 1185 1519 1262 αἴτιος,
1560 1184 1832 1261 πολλῶν
1853 1178 1925 1245 δὲ
1950 1173 2242 1256 ἀναίτιος
2258 1203 2271 1217 ·

267 1274 442 1344 πολὺ
472 1274 600 1362 γὰρ
634 1276 878 1344 ἐλάττω
903 1271 1167 1360 τάγαθὰ
1200 1281 1337 1341 τῶν
1367 1282 1596 1342 κακῶν
1615 1272 1801 1361 ἡμῖν·
1845 1277 1956 1344 καὶ
1988 1281 2124 1342 τῶν
2151 1272 2275 1361 μὲν

264 1370 546 1460 ἀγαθῶν
568 1371 814 1442 οὐδένα
835 1370 1042 1442 ἄλλον
1072 1378 1416 1457 αἰτιατέον,
1441 1378 1575 1440 τῶν
1598 1373 1671 1440 δὲ
1692 1380 1921 1442 κακῶν
1941 1369 2088 1441 ἀλλ’
2113 1371 2274 1439 ἅττα

267 1477 373 1542 δεῖ
387 1478 596 1559 ζητεῖν
614 1469 695 1539 τὰ
718 1481 896 1539 αἴτια
910 1519 929 1556 ,
972 1467 1124 1540 ἀλλ’
1148 1466 1233 1538 οὐ
1259 1470 1381 1538 τὸν
1399 1470 1587 1539 θεόν.
1627 1469 2096 1558 Ἄληθέστατα,
2121 1476 2270 1559 ἔφη,

268 1575 481 1648 δοκεῖς
505 1595 618 1656 μοι
639 1571 870 1655 λέγειν.
937 1566 1085 1638 Οὐκ
1108 1566 1270 1655 ἄρα,
1294 1562 1386 1655 ἦν
1407 1568 1471 1636 δ’
1500 1569 1630 1656 ἐγώ
1647 1621 1662 1652 ,
1689 1570 2091 1639 ἀποδεκτέον
2116 1569 2307 1663 οὔτεἈ

272 1666 546 1753 Ομήρου
576 1663 722 1734 οὔτ’
759 1664 970 1735 ἄλλου
1000 1673 1283 1753 ποιητοῦ
1318 1665 1567 1752 ταύτην
1598 1666 1720 1755 τὴν
1764 1668 2089 1755 ἁμαρτίαν
2121 1668 2273 1753 περὶ
2304 1681 2347 1731 D

267 1762 423 1843 τοὺς
445 1764 648 1844 θεοὺς
670 1761 964 1851 ἀνοήτως
989 1764 1486 1851 ἁμαρτάνοντος
1506 1769 1616 1833 καὶ
1638 1768 1966 1852 λέγοντος,
1993 1763 2080 1844 ὡς
2101 1767 2268 1834 δοιοὶ

263 1869 456 1931 πίθοι
2415 1872 2587 1892 m

1351 1966 1768 2030 κατακείαται
1790 1966 1864 2029 έν
1889 1957 2057 2040 Διὸς
2083 1958 2269 2028 οὔδει

430 2064 657 2143 κηρῶν
681 2062 1008 2143 ἔμπλειοι,
1034 2056 1068 2124 ὁ
1094 2057 1219 2143 μὲν
1238 2060 1523 2142 ἐσθλῶν,
1553 2055 1764 2143 αὐτὰρ
1786 2055 1825 2126 ὃ
1848 2061 2116 2125 δειλῶν·

262 2157 374 2224 καὶ
395 2181 447 2245 ῳ
426 2147 664 2241 μὲν”
618 2182 708 2223 αν
728 2154 968 2241 μίξας*
936 2182 973 2225 ο
997 2154 1166 2236 Ζεύς
1184 2161 1280 2247 δῷ
1304 2153 1730 2243 ἀμφοτέρων,

432 2252 664 2320 αλλοτε
685 2257 807 2339 μέν
833 2278 904 2321 τε
927 2260 1110 2345 κακῷ
1133 2280 1171 2322 ο
1203 2280 1281 2339 γε
1315 2255 1618 2354 κύρεται,
1659 2254 1892 2324 αλλοτε
1930 2253 1991 2321 δ’
2024 2259 2266 2344 ἐσθλῶ,

260 2376 313 2439 ω
341 2348 403 2418 δ’
431 2377 520 2417 αν
535 2348 627 2437 μη’
643 2401 659 2434 ,
683 2348 832 2419 ἀλλ’
858 2377 1111 2437 ακρατα
1131 2351 1212 2418 τὰ
1232 2354 1454 2439 ἔτερα,

430 2446 550 2516 τὸν
574 2450 647 2517 δὲ
667 2451 839 2536 κακὴ
863 2448 1274 2536 βούβρωστις
1295 2452 1400 2519 ἐπὶ
1431 2448 1650 2535 χθόνα
1675 2455 1826 2518 δῖαν
1848 2452 2135 2520 ἐλαύνει·

259 2542 412 2613 οὐδ’
441 2544 528 2624 ὥς
548 2553 780 2632 ταμίας
812 2545 974 2633 ἡμῖν
1008 2545 1180 2627 Ζεὺς
1205 2546 1487 2632 ἀγαθῶν
1506 2574 1577 2616 τε
1600 2557 1827 2617 κακῶν
1853 2574 1925 2617 τε
1944 2553 2262 2620 τέτυκται.
2303 2566 2343 2614 E

433 2649 585 2713 XIX.
660 2642 800 2730 Τὴν
823 2645 895 2713 δὲ
914 2651 1053 2713 τῶν
1073 2672 1296 2728 ορκων
1318 2647 1429 2715 καὶ
1452 2650 1766 2715 σπονδῶν
1786 2647 2141 2734 σύγχυσιν,
2186 2647 2271 2735 ἣν

261 2739 298 2808 ὁ
326 2742 680 2829 Πάνδαρος
702 2744 1043 2829 συνέχεεν,
1069 2744 1187 2812 ἐάν
1207 2769 1305 2822 τις
1326 2750 1422 2832 φῇ
1451 2742 1539 2811 δι’
1570 2742 1860 2831 Ἀθηνᾶς
1881 2771 1951 2812 τε
1972 2748 2083 2814 καὶ
2102 2747 2271 2827 Διὸς

259 2844 625 2926 γεγονέναι,
649 2838 777 2909 οὐκ
801 2842 1319 2927 ἐπαινεσόμεθα·
1356 2839 1513 2910 οὐδὲ
1536 2850 1722 2911 θεῶν
1743 2848 1886 2930 ἔριν
1903 2869 1973 2911 τε
1993 2848 2103 2912 καὶ
2125 2852 2271 2934 κρί-

262 2955 372 3003 σιν
394 2936 502 3005 διά
526 2938 805 3025 Θέμιτός
821 2965 892 3007 τε
918 2942 1031 3007 καὶ
1051 2940 1249 3019 Διός·
1292 2938 1444 3008 οὐδ’
1469 2932 1587 3025 αὖ,
1614 2937 1701 3020 ὥς
1722 2942 2053 3028 Αἰσχύλος
2074 2946 2269 3032 λέγει,
2304 2962 2405 3016 380
2500 3022 2506 3029 ,

258 3032 548 3102 ἐατέον’
510 3035 786 3105 ακούειν
806 3062 964 3116 τους
984 3042 1177 3117 νέους
1191 3088 1211 3125 ,
1235 3038 1341 3107 ὅτι

669 3131 832 3215 θεὸς
851 3135 974 3223 μὲν
994 3142 1210 3205 αἰτίαν
1232 3136 1391 3222 φύει
1412 3145 1690 3226 βροτοῖς,

433 3230 596 3298 ὅταν
615 3240 911 3301 κακῶσαι
934 3238 1121 3320 δῶμα
1145 3238 1503 3323 παμπήδην
1524 3240 1711 3324 θέλῃ.

256 3326 407 3397 ἀλλ’
435 3329 557 3397 ἐάν
580 3355 677 3408 τις
697 3340 853 3419 ποιῇ
867 3382 887 3417 ,
933 3336 1006 3400 ἐν
1027 3329 1125 3412 οἷς
1143 3343 1351 3403 ταῦτα
1373 3334 1453 3403 τὰ
1475 3342 1735 3424 ἰαμβεῖα
1761 3344 2004 3422 ἔνεστι,
2049 3339 2129 3403 τά
2153 3344 2267 3421 τῆς

264 3428 515 3515 Νιόβης
543 3427 729 3516 πάθη
751 3425 797 3515 ἢ
817 3427 900 3497 τὰ
923 3437 1317 3502 Πελοπιδῶν
1338 3429 1383 3521 ἢ
1405 3432 1485 3502 τά
1513 3433 1776 3520 Τρωϊκὰ
1800 3433 1845 3518 ἤ
1862 3462 1924 3501 τι
1947 3433 2109 3501 ἄλλο
2131 3441 2266 3501 τῶν
