2602 3928
336 211 461 277 282
1071 164 1642 272 ΠΛΑΤαΝοΣ

335 379 585 444 σιλικαί
614 398 687 440 τε
718 374 828 439 καὶ
867 371 1173 458 κόσμιαι;
1217 377 1373 439 Ναί.
1438 378 1763 439 Πλεῖστον
1797 370 1903 456 δή,
1941 372 2144 458 οἶμαι,
2183 370 2351 460 ἀλη-

332 480 508 550 θοῦς
523 467 772 558 ἡδονῆς
796 470 908 537 καὶ
930 473 1172 547 οἰκείας
1194 465 1234 558 δ
1253 467 1585 552 τύραννος
1617 465 1989 555 ἀφεστήξει,
2027 466 2063 538 ὁ
2099 468 2173 538 δὲ
2204 468 2350 539 ὀλί-

335 586 579 656 γιστον.
617 565 919 652 Ἀνάγκη.
960 569 1092 633 Καὶ
1122 564 1488 651 ἀηδέστατα
1510 563 1663 652 ἄρα,
1701 564 1909 652 εἶπον,
1945 563 1982 633 ὁ
2014 567 2347 654 τύραννος

335 666 664 755 βιώσεται,
707 662 744 734 ὁ
786 664 859 733 δὲ
901 661 1215 751 βασιλεὺς
1244 661 1498 751 ἥδιστα.
1542 661 1775 749 Πολλὴ
1808 662 2090 752 ἀνάγκη.
2139 663 2341 733 Οἷσθ’

337 759 485 851 οὖν,
507 757 594 851 ήν
630 761 693 830 δ’
733 762 887 849 ἐγώ,
921 761 1061 852 ὅσῳ
1096 759 1496 850 ἀηδέστερον
1523 768 1600 854 ζῇ
1632 763 1964 848 τύραννος
1994 765 2344 850 βασιλέως;

323 858 443 929 ''A-v
477 871 682 948 εἴπῃς,
721 866 866 948 ἔφη.
917 867 1139 947 Τριῶν
1169 857 1460 946 ἡδονῶν,
1499 857 1590 942 ὥς
1633 866 1869 947 ἔοικεν,
1916 858 2161 947 οὐσῶν,
2193 869 2346 948 μιᾶς

335 964 459 1048 μὲν
477 966 769 1047 γνησίας,
793 964 985 1028 δυοῖν
1006 960 1078 1029 δὲ
1098 960 1369 1046 νόθαιν,
1389 968 1528 1029 τῶν
1548 960 1784 1028 νόθων
1814 966 1906 1039 εἰς
1935 958 2010 1029 τὸ
2047 962 2344 1029 ἐπέκεινα

268 1090 307 1141 0
337 1059 633 1148 ὑπερβὰς
655 1059 691 1127 ὁ
713 1058 1063 1144 τύραννος,
1088 1056 1330 1145 φυγών
1357 1057 1572 1144 νόμον
1598 1083 1668 1125 τε
1689 1060 1799 1126 καὶ
1832 1056 2056 1144 λόγον,
2080 1060 2347 1138 δούλαις

333 1164 464 1229 τισὶ
486 1158 894 1245 δορυφόροις
923 1155 1195 1246 ἡδοναῖς
1224 1161 1532 1242 ξυνοικεῖ,
1568 1157 1680 1224 καὶ
1712 1154 1935 1245 ὁπόσῳ
1970 1159 2348 1224 ἐλαττοῦται

335 1255 492 1325 οὐδὲ
514 1256 694 1324 πάνυ
716 1255 953 1344 ῥᾴδιον
974 1259 1202 1340 εἰπεῖν,
1226 1254 1403 1340 πλὴν
1425 1264 1584 1333 ἴσως
1606 1245 1752 1322 ὦδε.
1797 1260 1982 1332 Πῶςς
2005 1259 2152 1340 ἔφη.
2185 1252 2339 1322 'And

334 1362 460 1423 τοῦ
492 1352 918 1440 ὀλιγαρχικοῦ
953 1360 1171 1440 τρίτος
1204 1376 1341 1419 που
1370 1350 1407 1421 ὁ
1448 1353 1780 1439 τύραννος
1819 1348 2197 1439 ἀφειστήκει
2216 1378 2230 1392 ·
2274 1355 2346 1420 ἐν

336 1456 514 1542 μέσῳ
536 1450 668 1538 γάρ
700 1449 925 1520 αὐτῶν
957 1450 993 1520 ὁ
1027 1448 1378 1537 δημοτικὸς
1395 1441 1502 1537 ήν.
1545 1455 1701 1517 Ναί.
1748 1445 2024 1517 Οὐκοῦν
2045 1452 2155 1517 καὶ
2186 1447 2346 1536 ἡδο·-

338 1557 459 1636 νῆς
495 1554 693 1639 τρίτῳ
728 1549 979 1638 εἰδώλῳ
1013 1546 1179 1631 πρὸς
1222 1545 1554 1634 ἀλήθειαν
1594 1545 1713 1615 ἀπ’
1758 1551 2017 1617 ἐκείνου
2057 1552 2348 1627 ξυνοικοι

337 1644 444 1734 ἄν,
481 1651 542 1714 εἰ
573 1643 654 1712 τὰ
684 1643 989 1729 πρόσθεν
1021 1641 1274 1730 ἀληθῆ;
1311 1640 1562 1723 Οὕτως.
1592 1640 1667 1713 ‘0
1710 1648 1787 1712 δέ
1822 1670 1899 1730 γε
1939 1641 2345 1730 ὀλιγαρχικὸς

260 1768 300 1817 D
336 1741 467 1813 ἀπὸ
497 1751 622 1812 τοῦ
642 1748 989 1830 βασιλικοῦ
1009 1734 1099 1809 αὖ
1129 1748 1368 1828 τρίτος,
1398 1742 1517 1810 ἐὰν
1550 1747 1644 1821 είς
1674 1740 1921 1811 ταύτὸν
1948 1740 2346 1831 ἀριστοκρα-

335 1840 524 1910 τικὸν
563 1843 673 1909 καὶ
709 1836 1057 1928 βασιλικὸν
1098 1847 1410 1925 τιθῶμεν.
1462 1846 1695 1927 Τρίτος
1725 1839 1872 1928 γάρ.
1942 1845 2348 1927 Τριπλασίου

337 1939 488 2027 ἄρα,
510 1931 600 2028 ἡν
620 1937 688 2007 δ’
712 1937 861 2024 ἐγώ,
884 1937 1273 2023 τριπλάσιον
1308 1934 1580 2028 ἀριθμῷ
1598 1936 1897 2026 ἀληθοῦς
1919 1935 2165 2027 ἡδονῆς
2183 1934 2347 2025 ἀφέ-

340 2060 536 2125 στηκε
554 2037 903 2123 τύραννος.
927 2040 1257 2103 Φαίνεται.
1298 2032 1646 2104 Ἐπίπεδον
1665 2033 1805 2121 ἄρ’,
1830 2042 2021 2123 ἔφην,
2044 2033 2132 2114 ὥς
2154 2042 2346 2120 ἔοικε,

337 2130 413 2201 τὰ
460 2137 739 2201 εἴδωλον
769 2129 935 2198 κατὰ
976 2130 1099 2200 τὸν
1138 2140 1264 2203 τοῦ
1305 2132 1562 2219 μήκους
1602 2130 1901 2220 ἀριθμὸν
1942 2131 2187 2220 ἡδονῆς
2228 2159 2327 2201 τυ-

341 2235 660 2316 ραννικῆς
692 2223 780 2296 ἀν
815 2238 935 2316 εἴη.
984 2234 1243 2318 Κομιδῇ
1281 2256 1374 2316 γε.
1417 2227 1605 2298 Κατά
1639 2229 1710 2298 δὲ
1746 2231 2034 2316 δύναμιν
2067 2233 2176 2298 καὶ
2208 2237 2346 2316 τρί-

336 2352 462 2413 την
484 2324 693 2412 αὔξην
726 2330 932 2413 δῆλον
967 2326 1051 2414 δὴ
1088 2324 1459 2397 ἀπόστασιν
1493 2326 1662 2414 ὅσην
1697 2326 2084 2414 ἀφεστηκώς
2124 2335 2350 2415 γίγνε-

338 2450 465 2491 ται.
508 2432 761 2511 Δῆλον,
798 2429 946 2513 ἔφη,
990 2431 1082 2515 τῷ
1119 2451 1196 2511 γε
1229 2433 1597 2516 λογιστικῷ.
1648 2423 1922 2494 Ούκοῦν
1954 2426 2074 2494 ἐάν
2102 2451 2200 2505 τις
2229 2452 2347 2512 με·

268 2552 309 2601 Ε
341 2524 707 2605 ταστρέψας
746 2519 1030 2613 ἀληθείᾳ
1076 2518 1323 2608 ἡδονῆς
1362 2523 1482 2590 τὸν
1521 2525 1793 2610 βασιλέα
1845 2531 1970 2591 τοῦ
2009 2522 2351 2608 τυράννου

340 2617 758 2706 ἀφεστηκότα
793 2620 973 2707 idm,
1012 2618 1177 2688 ὅσον
1219 2618 1629 2707 ἀφέστηκεν,
1682 2615 2346 2690 ἐννεακαιεικοσικαι-

340 2714 1043 2795 επτακοσιοπλασιάκις
1079 2714 1275 2804 ἥδιον
1294 2714 1504 2784 αύτὸν
1541 2721 1751 2798 ζῶντα
1796 2713 2064 2804 εὑρήσει
2083 2725 2349 2787 τελειωέ

339 2822 537 2904 θείσῃ
557 2822 639 2903 τῇ
661 2812 1253 2899 πολλαπλασιώσει,
1275 2811 1399 2881 τὸν
1434 2817 1506 2881 δὲ
1541 2816 1881 2901 τύραννον
1914 2813 2348 2902 ἀνιαρότερον

339 2918 420 2997 τῇ
446 2908 615 3001 αὐτῇ
634 2911 843 3000 ταύτῃ
875 2910 1252 2979 ἀποστάσει.
1292 2910 1678 3000 Ἀμήχανον,
1702 2916 1861 2999 ἔφη,
1885 2912 2203 2998 λογισμὸν
2222 2938 2347 2980 κα-

337 3009 800 3095 ταπεφόρηκας
820 3013 935 3094 τῆς
970 3008 1449 3096 διαφορότητος
1478 3020 1621 3076 τοῖν
1652 3005 1951 3095 ἀνδροῖν,
1987 3016 2111 3076 τοῦ
2140 3034 2213 3077 τε
2245 3016 2348 3078 δι-

201 3131 304 3189 ⁶88
340 3112 534 3175 καίου
552 3109 663 3174 καὶ
681 3113 806 3173 τοῦ
826 3101 1082 3192 ἀδίκου,
1107 3103 1274 3190 πρὸς
1292 3103 1546 3193 ἡδονήν
1564 3131 1636 3174 τε
1657 3108 1767 3174 καὶ
1787 3104 2027 3191 λύπην.
2048 3107 2178 3175 Καὶ
2198 3111 2348 3193 μέν·
2449 3164 2456 3172 .

337 3229 441 3272 τοι
467 3204 578 3272 καὶ
601 3200 826 3288 ἀληθῆ
859 3205 970 3270 καὶ
1005 3203 1430 3289 προσήκοντά
1452 3229 1547 3290 γε,
1570 3196 1659 3290 ἦν
1680 3201 1745 3271 δ’
1775 3202 1925 3289 ἐγώ,
1956 3210 2125 3291 βίοις
2144 3200 2347 3288 ἀριθ-

341 3300 493 3387 μόν,
544 3309 726 3386 εἴπερ
778 3298 1003 3380 αὐτοῖς
1047 3301 1504 3390 προσήκουσιν
1546 3299 1782 3388 ἡμέραι
1818 3303 1929 3369 καὶ
1961 3301 2196 3380 νύκτες
2235 3303 2345 3371 καὶ

337 3406 539 3485 μῆνες
558 3400 667 3466 καὶ
688 3401 994 3470 ἐνιαυτοί.
1029 3397 1219 3468 Ἀλλά
1255 3401 1410 3488 μήν,
1436 3406 1584 3489 ἔφη,
1620 3399 2092 3487 προσήκουσιν.
2163 3398 2348 3468 Ούκ-
