2602 3928
286 182 411 244 202
1024 179 1233 237 ΠΛΑ
1253 177 1594 237 ΤΩΝΟΣ

1087 616 1090 623 „
1128 613 1170 625 Μ
1262 537 1336 598 Ζ.

922 624 975 683 ᾖ,
1117 630 1130 658 ε

156 751 261 807 614
458 734 506 797 1.
552 726 743 796 Μετὰ
779 732 986 793 ταῦτα
1011 722 1113 810 δή,
1150 723 1358 811 εἷπον,
1393 723 1754 793 ἀπείκασον
1786 728 2065 817 τοιούτῳ
2101 727 2306 794 πάθει

292 826 417 914 τὴν
435 823 762 913 ἡμετέραν
777 822 985 908 φύσιν
1009 825 1308 900 παιδείας
1327 847 1398 888 τε
1422 825 1572 907 πέρι
1592 824 1702 890 καὶ
1723 820 2173 902 ἀπαιδευσίας.
2208 822 2308 890 ἰδὲ

291 923 421 1010 γὰρ
468 920 874 1010 ἀνθρώπους
916 916 1062 988 οἶον
1114 921 1187 987 ἐν
1228 925 1552 1009 καταγείῳ
1591 919 1844 1006 οἰκήσει
1887 919 2306 1007 σπηλαιώδει,

292 1020 845 1107 ἀναπεπταμένην
867 1017 1034 1103 πρὸς
1056 1014 1130 1085 τὸ
1156 1024 1300 1103 φῶς
1321 1017 1444 1104 τὴν
1479 1021 1745 1086 εἴσοδον
1781 1019 2023 1107 ἐχούσῃ
2042 1014 2309 1108 μακράν

295 1116 456 1204 παρ’
482 1116 660 1186 ἅπαν
678 1112 752 1185 τὰ
780 1116 1124 1202 σπήλαιον,
1149 1117 1221 1182 ἐν
1243 1116 1450 1203 ταύτῃ
1472 1119 1544 1183 ἐκ
1567 1120 1826 1184 παίδων
1857 1114 2055 1195 ὄντας
2088 1119 2163 1185 ἐν
2197 1119 2310 1183 δε-

295 1229 482 1301 σμοῖς
504 1213 716 1282 καὶτὰ
739 1217 937 1300 σκέλη
960 1212 1246 1291 καὶτοὺς
1282 1208 1582 1298 αὐχένας,
1624 1210 1790 1280 ὥστε
1825 1218 2047 1301 μένειν
2081 1241 2151 1282 τε
2181 1213 2310 1282 αύ-
2425 1221 2428 1224 ’

213 1330 253 1379 Β
295 1321 419 1381 τοῦ
442 1323 535 1393 είς
557 1339 625 1381 τε
646 1310 720 1381 τὸ
747 1312 1050 1400 πρόσθεν
1069 1309 1284 1396 μόνον
1308 1306 1497 1400 ὁρᾷν,
1522 1309 1748 1400 κύκλῳ
1776 1312 1846 1380 δὲ
1867 1311 1984 1392 τὰς
2012 1308 2309 1398 κεφαλὰς

298 1408 429 1479 ὑπὸ
453 1418 575 1479 τοῦ
599 1415 845 1498 δεσμοῦ
870 1407 1245 1497 ἀδυνάτους
1266 1408 1627 1493 περιάγειν,
1665 1417 1807 1495 φῶς
1830 1412 1901 1476 δὲ
1933 1408 2156 1489 αὐτοῖς
2179 1433 2311 1476 πυ·-

297 1509 416 1595 ρός
432 1508 707 1576 ἀνωθεν
729 1510 840 1578 καὶ
862 1507 1224 1594 πόρρωθεν
1247 1507 1584 1593 καόμενον
1606 1505 1890 1576 ὄπισθεν
1914 1503 2157 1592 αὐτῶν,
2189 1532 2310 1593 με-

296 1607 459 1690 ταξὺ
482 1609 552 1678 δὲ
573 1616 694 1677 τοῦ
731 1607 942 1697 πυρὸς
967 1610 1076 1677 καὶ
1106 1615 1241 1676 τῶν
1274 1611 1631 1694 δεσμωτῶν
1664 1606 1889 1674 ἐπάνω
1926 1603 2111 1690 ὁδόν,
2149 1603 2310 1693 παρ’

294 1703 380 1794 ἢν
418 1709 519 1779 ἰδὲ
554 1715 799 1794 τειχίον
833 1709 1504 1797 παρῳκοδομημένον,
1542 1703 1766 1790 ὥσπερ
1797 1717 1934 1783 τοῖς
1966 1714 2315 1790 θαυματο-

297 1818 511 1884 ποιοῖς
532 1805 659 1890 πρὸ
698 1815 835 1873 τῶν
855 1803 1244 1891 ἀνθρώπων
1264 1802 1604 1887 πρόκειται
1639 1803 1720 1869 τά
1756 1801 2311 1889 παραφράγματα,

297 1898 466 1991 ὑπὲρ
498 1895 595 1970 ὧν
614 1901 693 1972 τά
715 1901 1029 1989 θαύματα
1054 1900 1458 1969 δεικνύασιν.
1493 1896 1684 1986 Ὁρῶ,
1717 1903 1861 1987 ἔφη.
1891 1896 2059 1985 Ὅρα
2080 1905 2310 1968 τοίνυν

299 2000 478 2085 παρὰ
523 2007 721 2067 τοῦτο
764 1997 839 2067 τὸ
886 2005 1129 2085 τειχίον
1172 2002 1498 2086 φέροντας
1541 1994 1952 2085 ἀνθρώπους
1994 1997 2199 2083 σκεύη
2244 2022 2315 2063 τε

163 2115 265 2169 515
303 2094 694 2164 παντοδαποὶ
736 2093 1139 2183 ὑπερέχοντα
1171 2102 1293 2163 τοῦ
1327 2103 1570 2182 τειχίου
1614 2096 1724 2163 καὶ
1771 2092 2169 2185 ἀνδριάντας
2209 2096 2315 2162 καὶ

302 2195 469 2264 ἄλλα
491 2201 621 2276 ζῶα
643 2194 872 2263 λίθινά
902 2221 971 2263 τε
1012 2198 1124 2263 καὶ
1159 2194 1391 2276 ξύλινα
1434 2196 1544 2262 καὶ
1582 2208 1862 2262 παντοῖα
1896 2195 2312 2281 εἰργασμένα,

302 2287 446 2362 οἷον
469 2290 661 2378 εἰκός,
685 2319 843 2373 τους
864 2296 985 2381 μὲν
1008 2297 1534 2381 φθεγγομένους,
1557 2319 1715 2372 τους
1741 2292 1813 2361 δὲ
1838 2299 2160 2378 σιγῶντας
2180 2298 2319 2360 τῶν

302 2390 850 2476 παραφερόντων.
879 2390 1190 2490 Ἄτοπον,
1230 2397 1381 2478 ἔφη,
1419 2394 1627 2478 λέγεις
1662 2389 1889 2459 εἰκόνα
1916 2392 2026 2458 καὶ
2058 2390 2320 2477 δεσμω-

301 2513 417 2565 τας
436 2483 745 2567 ἀτόπους.
779 2467 1138 2576 Ὁμοίους”
1104 2504 1285 2577 ημῖν,
1323 2482 1411 2575 ἦν
1435 2486 1498 2556 δ’
1537 2487 1693 2573 ἐγώ·
1740 2514 1897 2567 τους
1930 2488 2060 2575 γάρ
2094 2487 2320 2556 τοιού-

304 2611 461 2665 τους
483 2609 751 2671 πρωτον
771 2588 953 2673 μὲν
919 2614 1175 2656 εαυτων
1196 2613 1267 2655 τε
1288 2591 1400 2656 καὶ
1417 2585 1724 2674 ἀλλήλων
1748 2586 1939 2655 οἰει”
1895 2614 1981 2656 αν
2013 2613 2075 2654 τι
2109 2588 2322 2669 ἑωρα-

304 2688 492 2752 κέναι
514 2682 677 2752 ἀλλο
701 2683 874 2771 πλὴν
893 2685 1010 2765 τάς
1034 2684 1220 2764 σκιάς
1243 2683 1359 2764 τάς
1379 2684 1511 2753 υπό
1551 2693 1672 2753 τοῦ
1706 2683 1921 2772 πυρὸς
1943 2689 2034 2764 είς
2058 2682 2131 2751 τὰ
2158 2709 2319 2751 κατ-

306 2780 584 2870 αντικρύ
620 2779 844 2851 αὐτῶν
881 2791 1004 2851 τοῦ
1038 2789 1363 2870 σπηλαίου
1384 2783 1960 2874 προσπιπτούσας;
1992 2789 2149 2870 Πῶς
2169 2780 2322 2867 γάρ,

115 2888 120 2894 “
236 2895 277 2945 Β
311 2883 460 2966 ἔφη,
487 2885 547 2948 εί
567 2876 920 2966 ἀκινήτους
939 2906 1014 2965 γε
1034 2879 1148 2960 τὰς
1170 2881 1463 2967 κεφαλὰς
1485 2887 1656 2968 ἔχειν
1678 2880 2171 2969 ἠναγκασμένοι
2195 2877 2326 2946 εἷεν

308 2973 415 3044 διά
439 2982 624 3063 βίους
677 2984 758 3044 Τί
788 2978 860 3046 δὲ
890 2985 1029 3045 τῶν
1051 2984 1655 3066 παραφερομένων;
1696 2976 1779 3046 οὐ
1815 2974 2063 3047 ταύτὸν
2095 2985 2326 3055 τοῦτο;

317 3082 403 3144 Τί
419 3075 589 3162 μήτις
626 3081 716 3145 Ec
734 3070 861 3145 οὖν
885 3080 1312 3163 διαλέγεσθαι
1347 3072 1479 3146 οἶοί
1504 3078 1568 3145 τ’
1608 3077 1742 3146 εἶεν
1775 3077 1941 3162 πρὸς
1973 3076 2323 3162 ἀλλήλους,

312 3168 395 3241 ού
415 3169 622 3240 ταύτὰ
644 3170 795 3259 ἡγεῖ
811 3167 897 3241 ἀν
914 3172 995 3242 τά
1018 3172 1344 3260 παριόντα
1366 3172 1614 3254 αὐτοὺς
1636 3178 1926 3259 νομίζειν
1945 3169 2319 3259 ὀνομάζειν,

311 3271 482 3355 ἅπερ
506 3266 752 3359 ὁρῷεν;
789 3269 1091 3359 Ἀνάγκη.
1145 3278 1230 3340 Τί
1250 3270 1349 3353 δ’;
1391 3277 1452 3340 εί
1471 3274 1581 3340 καὶ
1600 3268 1735 3358 ἠχω
1772 3269 1846 3339 τὸ
1872 3272 2328 3359 δεσμωτήριον

310 3372 384 3437 έκ
407 3376 532 3437 τοῦ
553 3372 955 3460 καταντικρὺ
978 3377 1133 3459 ἔχοι,
1160 3367 1360 3439 ὁπότε
1397 3385 1496 3449 τις
1523 3378 1660 3437 τῶν
1695 3369 2075 3456 παριόντων
2110 3373 2329 3454 φθέγ-
