2602 3928
921 237 1493 302 ΠΟΛΙΤΕΙΑΣ
1529 235 1592 319 ζ’.
2141 247 2266 315 217

255 397 297 498 ἦ
316 414 382 485 δ’
405 415 498 497 ὅς.
529 415 611 484 “A
631 440 701 485 τε
725 409 806 504 δὴ
832 403 920 484 σύ
946 405 1139 500 εἶπες,
1153 409 1243 502 ἧν
1265 413 1331 484 δ’
1361 416 1512 502 ἐγώ,
1535 414 1613 483 τὰ
1637 414 1928 500 περὶ-τὸν
1950 419 2267 503 πόλεμον,

248 518 357 584 καὶ
382 516 462 602 δὴ
485 518 596 585 καὶ
617 515 784 602 πρὸς
808 517 1022 594 πάσας
1056 513 1402 601 μαθήσεις,
1439 512 1607 582 ῶστε
1641 514 1918 582 κάλλιον
1951 513 2269 602 ἀποδέχε-

249 623 431 698 σθαι,
455 624 647 701 ἶσμεν
669 638 801 685 που
826 613 929 682 ὅτι
952 620 1042 703 τῷ
1067 611 1201 702 ὅλῳ
1237 615 1350 681 καὶ
1387 614 1583 680 παντὶ
1612 617 1840 680 διοίσει
1878 610 2167 701 ἡμμένος
2199 637 2272 681 τε

247 718 645 800 γεωμετρίας
666 716 775 781 καὶ
797 714 907 800 μή.
961 680 1073 802 Τῶ
1091 713 1291 779 παντὶ
1324 712 1549 797 μέντοι
1569 709 1652 796 νὴ
1675 707 1814 796 Δί’,
1842 717 1989 797 ἔφη.
2016 710 2274 780 Δεύτε-

254 833 376 893 ρον
400 811 479 896 δὴ
504 820 702 880 τοῦτο
725 818 1023 899 τιθῶμεν
1056 811 1338 898 μάθημα
1359 823 1494 887 τοῖς
1514 812 1723 890 νέοις,
1765 816 2096 930 Τιθῶμεν,
2123 816 2269 897 ἔφη.

419 914 492 976 X.
543 915 627 976 Τί
643 913 781 988 δαίς
825 913 1050 994 τρίτον
1065 913 1304 993 θῶμεν
1335 903 1813 995 ἄστρονομίαν;
1846 903 1893 995 ἦ
1930 904 2015 977 οὐ
2049 912 2266 989 δοκεῖς
2304 930 2347 982 D

236 994 493 1092 ''Euovfi'
518 999 668 1091 οὐν,
694 1012 851 1093 ἔφη·
887 1006 961 1073 τὸ
985 1004 1115 1091 γὰρ
1140 1014 1291 1090 περὶ
1316 1002 1493 1091 ῶρας
1516 1004 2081 1093 εὐαισθητοτέρως
2102 1011 2274 1093 ἔχειν

251 1105 362 1171 καὶ
381 1111 611 1190 μηνῶν
634 1106 745 1171 καὶ
765 1105 1091 1171 ἐνιαυτοῖν
1124 1099 1209 1170 οὐ
1230 1102 1446 1188 μόνον
1465 1108 1753 1192 γεωργίᾳ
1777 1100 1935 1172 οὐδὲ
1966 1108 2273 1172 ναυτιλία

252 1200 592 1287 προσήκει,
617 1199 784 1268 ἄλλα
804 1203 914 1269 καὶ
937 1208 1296 1290 στρατηγίᾳ
1323 1198 1446 1287 οὐχ
1482 1192 1699 1288 ἦττον.
1735 1198 1936 1281 Ἡδύς
1972 1202 2047 1286 εἶ,
2079 1194 2167 1289 ἦν
2203 1205 2267 1269 δ’

249 1301 405 1387 ἐγώ,
426 1299 528 1369 ὅτι
564 1306 780 1381 ἔοικας
810 1300 1057 1370 δεδιότι
1073 1299 1235 1381 τούς
1267 1303 1579 1389 πολλούς,
1616 1301 1705 1389 μκὴ
1747 1306 1945 1392 δοκῇς
1977 1303 2269 1389 ἄχρηστα

252 1399 613 1487 μαθήματα
635 1400 1089 1487 προστάττειν.
1112 1398 1184 1468 τὰ
1212 1397 1273 1467 δ’
1301 1405 1482 1470 ἔστιν
1504 1400 1587 1469 οὐ
1608 1402 1792 1469 πάνυ
1813 1408 2080 1487 φαῦλον
2104 1397 2270 1469 ἄλλα
2325 1481 2328 1483 Α

254 1496 539 1584 χαλεπὸν
573 1506 942 1584 πιστεῦσαι,
980 1497 1083 1567 ὅτι
1118 1503 1191 1568 ἐν
1225 1500 1487 1581 τούτοις
1519 1515 1656 1580 τοῖς
1688 1502 2081 1588 μαθήμασιν
2119 1499 2271 1569 ἑκά-

258 1614 416 1663 στου
451 1593 747 1680 ὄργανόν
784 1622 847 1664 τι
896 1604 1110 1684 ψυχῆς
1155 1599 1627 1686 ἐκκαθαίρεταί
1652 1625 1722 1666 τε
1767 1601 1878 1666 καὶ
1917 1596 2271 1680 ἀναζωπυ-

255 1706 461 1774 ρεῖται
501 1690 968 1780 ἀπολλύμενον
1014 1697 1124 1762 καὶ
1165 1696 1640 1784 τυφλούμενον
1683 1693 1815 1763 ὑπὸ
1865 1704 2000 1765 τῶν
2044 1696 2268 1763 ἄλλων
2301 1711 2342 1761 Ε

253 1792 811 1877 ἐπιτηδευμάτων,
837 1806 1137 1877 κρεῖττον
1170 1791 1254 1861 ὃν
1286 1802 1592 1881 σωθῆναι
1624 1801 1886 1882 μυρίων
1919 1790 2264 1880 ὀμμάτων·

250 1886 437 1979 μόνω
458 1885 591 1976 γὰρ
614 1887 799 1981 αὐτῷ
819 1885 1103 1976 ἀλήθεια
1125 1888 1378 1975 ὁρᾶται.
1425 1887 1522 1971 οἷς
1556 1892 1682 1980 μὲν
1715 1884 1842 1980 ρύν
1873 1899 2080 1959 ταῦτα
2105 1895 2272 1972 ξυν-

254 1991 453 2072 δοκεῖ,
479 1986 834 2075 ἀμηχάνως
860 1986 948 2069 ῶς
980 1983 1059 2058 εὖ
1093 1990 1303 2071 δόξεις
1324 1996 1543 2078 λέγειν
1559 2017 1573 2032 ·
1612 1985 1763 2059 ὅσοῖ
1782 1993 1855 2060 δὲ
1873 1991 2119 2060 τούτου
2141 2018 2273 2078 μη-

255 2090 433 2173 δαμῇ
456 2084 827 2174 ᾐσθημένοι
841 2092 1029 2172 εἰσίν,
1053 2087 1321 2167 εἰκότως
1340 2085 1710 2175 ἡγήσονταί
1723 2110 1797 2157 σε
1820 2093 2035 2174 λέγειν
2050 2087 2268 2157 οὐδέν·

249 2182 463 2269 ἄλλην
482 2180 609 2267 γὰρ
633 2180 751 2252 ἀπ’
777 2185 1003 2253 αὐτῶν
1039 2183 1160 2272 οὐχ
1184 2184 1435 2273 ὁρῶσιν
1457 2183 1649 2268 άξίαν
1681 2186 1889 2272 λόγου
1927 2184 2270 2272 ὠφέλειαν.

251 2280 486 2349 σκόπει
508 2273 635 2347 οὖν
656 2279 975 2369 αὐτόθεν,
1000 2282 1167 2369 πρὸς
1201 2286 1524 2371 ποτέρους
1558 2287 1864 2371 διαλέγει,
1902 2282 1947 2372 ἢ
1981 2284 2064 2354 οὐ
2097 2283 2269 2369 πρὸς·
2305 2294 2407 2348 528

250 2374 660 2465 οὐδετέρους,
677 2378 846 2449 ἀλλὰ
869 2389 1125 2448 σαυτοῦ
1146 2383 1341 2451 ἕνεκα
1356 2380 1429 2451 τὸ
1452 2385 1763 2469 μέγιστον
1782 2396 1961 2451 ποιεῖ
1975 2379 2132 2462 τούς
2155 2380 2272 2451 λό-

248 2502 432 2562 γους,
457 2485 744 2561 φθονοῖς
771 2476 908 2563 μὴν
952 2475 1100 2545 οὐδ’
1149 2474 1235 2546 άν
1268 2477 1471 2568 ἄλλῳ,
1509 2489 1576 2547 εἴ
1602 2488 1698 2559 τίς
1738 2505 1802 2547 τι
1840 2478 2112 2547 δύναιτο
2149 2477 2268 2547 ἀπ’

249 2572 474 2641 αὐτῶν
494 2572 803 2643 ὄνασθαι.
852 2573 1107 2663 Οὕτως,
1132 2581 1280 2663 ἔφη,
1306 2582 1640 2665 αἱροῦμαι,
1668 2582 1957 2664 ἐμαυτοῦ
1976 2579 2171 2647 ἕνεκα
2194 2580 2268 2645 τὸ

252 2680 560 2742 πλεῖστον
582 2676 801 2759 λέγειν
819 2700 889 2743 τε
912 2677 1023 2743 καὶ
1044 2678 1304 2763 ἐρωτᾷν
1343 2677 1453 2743 καὶ
1487 2674 1988 2761 ἀποκρίνεσθαι.
2027 2675 2266 2761 ’Ἀναγε

249 2777 502 2858 τοίνυν,
526 2764 613 2857 ἦν
636 2768 702 2838 δ’
725 2769 877 2858 ε’γῶ,
904 2777 996 2850 εἰς
1018 2770 1312 2841 τούπίσω
1331 2798 1345 2812 ·
1378 2781 1508 2841 νῦν
1532 2773 1612 2859 δὴ
1637 2772 1768 2860 γὰρ
1790 2771 1916 2841 οὐκ
1940 2769 2166 2858 ὀρθῶς
2187 2772 2259 2840 τό

254 2868 400 2952 ἑξῆς
421 2868 745 2955 ἐλάβομεν
777 2877 860 2956 τῇ
892 2877 1273 2960 γεωμετρίᾳ.
1320 2878 1476 2949 Πῶς
1508 2871 1855 2958 λαβόντες;
1892 2876 2037 2958 ἔφη.
2077 2870 2268 2939 Μετὰ

255 2968 584 3052 ἐπίπεδον,
611 2960 697 3055 ἦν
721 2964 786 3035 δ’
812 2967 961 3055 ἐγώ,
988 2971 1062 3037 έν
1083 2977 1415 3057 περιφορᾷ
1445 2968 1528 3037 ὂν
1548 2969 1676 3057 ἤδη
1712 2967 1985 3056 στερεᾶν
2019 2968 2270 3057 λαβόν-

254 3087 380 3149 τες,
406 3066 562 3151 πρὶν
583 3061 744 3133 αὐτὸ
770 3064 1125 3136 καθ’·αὑτὸ
1155 3075 1385 3155 λαβεῖν
1401 3095 1414 3109 ·
1453 3064 1676 3153 ὀρθῶς
1699 3071 1770 3136 δὲ
1793 3073 1919 3154 ἔχει
1941 3070 2085 3154 ἑξῆς
2105 3065 2265 3154 μετὰ
2309 3092 2351 3142 Β

253 3165 571 3249 δευτέραν
588 3162 799 3252 αὔξην
820 3173 1048 3252 τρίτην
1070 3165 1455 3255 λαμβάνειν.
1496 3171 1632 3234 ἔστι
1655 3170 1732 3233 δέ
1746 3191 1879 3234 που
1897 3175 2096 3235 τοῦτο
2120 3172 2273 3250 περὶ

249 3285 372 3345 την
391 3269 527 3331 τῶν
547 3263 781 3351 κύβων
804 3264 1017 3351 αὔξην
1039 3267 1148 3333 καὶ
1168 3263 1242 3334 τό
1279 3266 1545 3353 βάθους
1578 3267 1867 3353 μετέχον.
1902 3265 2087 3333 ’Ἐστι
2119 3264 2269 3350 γάρ,

247 3368 406 3449 ἔφη
455 3354 623 3430 άλλοὶ
647 3362 856 3430 ταῦτά
878 3390 976 3450 γε,
1004 3357 1058 3431 ῶ
1082 3361 1460 3449 Σώκρατες,
1489 3369 1680 3433 δοκεῖ
1705 3362 1893 3432 ούπω
1920 3360 2267 3448 ευρῆσθαι.

243 3475 457 3533 Διττα
487 3457 635 3555 γάρ,
662 3444 751 3538 ἦν
772 3456 835 3527 δ’
864 3461 1017 3550 ἐγώ,
1040 3488 1118 3529 τα
1146 3470 1349 3530 αἴτια·
1397 3459 1497 3530 ὅτι
1528 3489 1600 3530 τε
1632 3458 1908 3584 οὐδεμία
1940 3461 2131 3537 πόλις
2163 3462 2268 3525 εν·-
