<?xml version="1.0" encoding="UTF-8"?>
<!DOCTYPE html PUBLIC "-//W3C//DTD XHTML 1.0 Transitional//EN"
    "http://www.w3.org/TR/xhtml1/DTD/xhtml1-transitional.dtd">
<html xmlns="http://www.w3.org/1999/xhtml" xml:lang="en" lang="en">
 <head>
  <title>
</title>
<meta http-equiv="Content-Type" content="text/html;charset=utf-8" />
  <meta name='ocr-system' content='tesseract 3.04.00' />
  <meta name='ocr-capabilities' content='ocr_page ocr_carea ocr_par ocr_line ocrx_word'/>
</head>
<body>
  <div class='ocr_page' id='page_1' title='image "./dialogisecundum07platgoog_0058.png"; bbox 0 0 2602 3928; ppageno 0'>
   <div class='ocr_carea' id='block_1_1' title="bbox 351 187 1625 252">
    <p class='ocr_par' dir='ltr' id='par_1_1' title="bbox 351 187 1625 252">
     <span class='ocr_line' id='line_1_1' title="bbox 351 187 1625 252; baseline -0.001 -1"><span class='ocrx_word' id='word_1_1' title='bbox 351 187 436 252; x_wconf 76' lang='lat'><strong><em>22</em></strong></span> <span class='ocrx_word' id='word_1_2' title='bbox 654 245 661 248; x_wconf 85' lang='lat'><strong>.</strong></span> <span class='ocrx_word' id='word_1_3' title='bbox 1062 191 1269 250; x_wconf 82' lang='grc' dir='ltr'><strong><em>ΠΛΑ</em></strong></span> <span class='ocrx_word' id='word_1_4' title='bbox 1289 191 1625 250; x_wconf 75' lang='grc' dir='ltr'><em>ΤΩΝΟΣ</em></span> 
     </span>
    </p>
   </div>
   <div class='ocr_carea' id='block_1_2' title="bbox 212 346 2360 3463">
    <p class='ocr_par' dir='ltr' id='par_1_2' title="bbox 212 346 2360 1314">
     <span class='ocr_line' id='line_1_2' title="bbox 352 346 2358 445; baseline 0.002 -29"><span class='ocrx_word' id='word_1_5' title='bbox 352 350 468 418; x_wconf 73' lang='grc' dir='ltr'><strong><em>δὲν</em></strong></span> <span class='ocrx_word' id='word_1_6' title='bbox 489 351 691 438; x_wconf 78' lang='grc' dir='ltr'><strong><em>ἐθέλῃ</em></strong></span> <span class='ocrx_word' id='word_1_7' title='bbox 714 346 938 429; x_wconf 78' lang='grc' dir='ltr'><strong><em>αὐτοῖς</em></strong></span> <span class='ocrx_word' id='word_1_8' title='bbox 959 347 1313 436; x_wconf 77' lang='grc' dir='ltr'><strong><em>ὑπηρετεῖν</em></strong></span> <span class='ocrx_word' id='word_1_9' title='bbox 1332 347 1511 435; x_wconf 77' lang='grc' dir='ltr'><strong><em>παρὰ</em></strong></span> <span class='ocrx_word' id='word_1_10' title='bbox 1533 349 1608 418; x_wconf 82' lang='grc' dir='ltr'><strong><em>τό</em></strong></span> <span class='ocrx_word' id='word_1_11' title='bbox 1633 354 1918 420; x_wconf 86' lang='grc' dir='ltr'><strong><em>δίκαιον·</em></strong></span> <span class='ocrx_word' id='word_1_12' title='bbox 1941 358 2034 445; x_wconf 77' lang='grc' dir='ltr'><strong><em>τῷ</em></strong></span> <span class='ocrx_word' id='word_1_13' title='bbox 2060 351 2129 420; x_wconf 74' lang='grc' dir='ltr'><strong><em>δὲ</em></strong></span> <span class='ocrx_word' id='word_1_14' title='bbox 2154 349 2358 442; x_wconf 80' lang='grc' dir='ltr'><strong><em>ἀδίκφ</em></strong></span> 
     </span>
     <span class='ocr_line' id='line_1_3' title="bbox 341 441 2355 537; baseline 0.001 -22.015"><span class='ocrx_word' id='word_1_15' title='bbox 341 441 568 515; x_wconf 74' lang='grc' dir='ltr'><strong><em>πάντα</em></strong></span> <span class='ocrx_word' id='word_1_16' title='bbox 595 446 857 515; x_wconf 89' lang='grc' dir='ltr'><strong><em>τούτων</em></strong></span> <span class='ocrx_word' id='word_1_17' title='bbox 879 444 1193 516; x_wconf 88' lang='grc' dir='ltr'><strong><em>τάναντία</em></strong></span> <span class='ocrx_word' id='word_1_18' title='bbox 1213 444 1508 532; x_wconf 77' lang='grc' dir='ltr'><strong><em>ὑπάρχει.</em></strong></span> <span class='ocrx_word' id='word_1_19' title='bbox 1544 448 1713 533; x_wconf 82' lang='grc' dir='ltr'><strong><em>λέγω</em></strong></span> <span class='ocrx_word' id='word_1_20' title='bbox 1739 444 1868 534; x_wconf 76' lang='grc' dir='ltr'><strong><em>γὰρ</em></strong></span> <span class='ocrx_word' id='word_1_21' title='bbox 1892 446 2099 533; x_wconf 79' lang='grc' dir='ltr'><strong><em>ὅνπερ</em></strong></span> <span class='ocrx_word' id='word_1_22' title='bbox 2123 455 2253 517; x_wconf 86' lang='grc' dir='ltr'><strong><em>νῦν</em></strong></span> <span class='ocrx_word' id='word_1_23' title='bbox 2275 454 2355 537; x_wconf 91' lang='grc' dir='ltr'><strong><em>δη</em></strong></span> 
     </span>
     <span class='ocr_line' id='line_1_4' title="bbox 212 539 2360 630; baseline 0 -17"><span class='ocrx_word' id='word_1_24' title='bbox 212 555 322 613; x_wconf 76' lang='lat'><strong><em>844</em></strong></span> <span class='ocrx_word' id='word_1_25' title='bbox 357 548 585 628; x_wconf 82' lang='grc' dir='ltr'><strong><em>ἔλεγον</em></strong></span> <span class='ocrx_word' id='word_1_26' title='bbox 599 592 619 629; x_wconf 93' lang='grc'><strong><em>,</em></strong></span> <span class='ocrx_word' id='word_1_27' title='bbox 659 543 780 611; x_wconf 81' lang='grc' dir='ltr'><strong><em>τόν</em></strong></span> <span class='ocrx_word' id='word_1_28' title='bbox 799 544 1054 629; x_wconf 88' lang='grc' dir='ltr'><strong><em>μεγάλα</em></strong></span> <span class='ocrx_word' id='word_1_29' title='bbox 1076 543 1457 630; x_wconf 77' lang='grc' dir='ltr'><strong><em>δυνάμενον</em></strong></span> <span class='ocrx_word' id='word_1_30' title='bbox 1478 552 1917 613; x_wconf 76' lang='grc' dir='ltr'><strong><em>πλεονεκτεῖν.</em></strong></span> <span class='ocrx_word' id='word_1_31' title='bbox 1965 553 2208 614; x_wconf 87' lang='grc' dir='ltr'><strong><em>τοῦτον</em></strong></span> <span class='ocrx_word' id='word_1_32' title='bbox 2230 539 2360 614; x_wconf 83' lang='grc' dir='ltr'><strong><em>οὖν</em></strong></span> 
     </span>
     <span class='ocr_line' id='line_1_5' title="bbox 354 637 2356 731; baseline 0 -22"><span class='ocrx_word' id='word_1_33' title='bbox 354 640 620 730; x_wconf 88' lang='grc' dir='ltr'><strong><em>σκόπει,</em></strong></span> <span class='ocrx_word' id='word_1_34' title='bbox 654 650 838 726; x_wconf 79' lang='grc' dir='ltr'><strong><em>εἴπερ</em></strong></span> <span class='ocrx_word' id='word_1_35' title='bbox 863 641 1094 728; x_wconf 78' lang='grc' dir='ltr'><strong><em>βούλει</em></strong></span> <span class='ocrx_word' id='word_1_36' title='bbox 1115 647 1404 727; x_wconf 88' lang='grc' dir='ltr'><strong><em>κρίνειν,</em></strong></span> <span class='ocrx_word' id='word_1_37' title='bbox 1430 637 1567 729; x_wconf 79' lang='grc' dir='ltr'><strong><em>οσφ</em></strong></span> <span class='ocrx_word' id='word_1_38' title='bbox 1590 648 1847 726; x_wconf 77' lang='grc' dir='ltr'><strong><em>μᾶλλον</em></strong></span> <span class='ocrx_word' id='word_1_39' title='bbox 1869 646 2188 730; x_wconf 77' lang='grc' dir='ltr'><strong><em>ξυμφέρει</em></strong></span> <span class='ocrx_word' id='word_1_40' title='bbox 2222 647 2356 731; x_wconf 78' lang='grc' dir='ltr'><strong><em>ἰδίᾳ</em></strong></span> 
     </span>
     <span class='ocr_line' id='line_1_6' title="bbox 353 732 2356 828; baseline 0 -23"><span class='ocrx_word' id='word_1_41' title='bbox 353 735 532 828; x_wconf 75' lang='grc' dir='ltr'><strong><em>αὐτῷ</em></strong></span> <span class='ocrx_word' id='word_1_42' title='bbox 574 737 812 807; x_wconf 73' lang='grc' dir='ltr'><strong><em>ἄδικον</em></strong></span> <span class='ocrx_word' id='word_1_43' title='bbox 847 737 1017 805; x_wconf 82' lang='grc' dir='ltr'><strong><em>εἶναι</em></strong></span> <span class='ocrx_word' id='word_1_44' title='bbox 1037 732 1082 822; x_wconf 77' lang='grc' dir='ltr'><strong><em>ἦ</em></strong></span> <span class='ocrx_word' id='word_1_45' title='bbox 1100 734 1173 805; x_wconf 84' lang='grc' dir='ltr'><strong><em>τὸ</em></strong></span> <span class='ocrx_word' id='word_1_46' title='bbox 1201 741 1477 805; x_wconf 88' lang='grc' dir='ltr'><strong><em>δίκαιον.</em></strong></span> <span class='ocrx_word' id='word_1_47' title='bbox 1522 735 1791 805; x_wconf 87' lang='grc' dir='ltr'><strong><em>πάντων</em></strong></span> <span class='ocrx_word' id='word_1_48' title='bbox 1807 737 1883 805; x_wconf 73' lang='grc' dir='ltr'><strong><em>δὲ</em></strong></span> <span class='ocrx_word' id='word_1_49' title='bbox 1905 740 2113 828; x_wconf 79' lang='grc' dir='ltr'><strong><em>ῥᾷστα</em></strong></span> <span class='ocrx_word' id='word_1_50' title='bbox 2129 739 2356 826; x_wconf 84' lang='grc' dir='ltr'><strong><em>μαθή-</em></strong></span> 
     </span>
     <span class='ocr_line' id='line_1_7' title="bbox 354 831 2358 923; baseline 0 -21"><span class='ocrx_word' id='word_1_51' title='bbox 354 855 487 920; x_wconf 88' lang='grc' dir='ltr'><strong><em>σει,</em></strong></span> <span class='ocrx_word' id='word_1_52' title='bbox 531 831 648 903; x_wconf 81' lang='grc' dir='ltr'><strong><em>ἐάν</em></strong></span> <span class='ocrx_word' id='word_1_53' title='bbox 681 837 785 904; x_wconf 82' lang='grc' dir='ltr'><strong><em>ἐπὶ</em></strong></span> <span class='ocrx_word' id='word_1_54' title='bbox 823 831 946 921; x_wconf 82' lang='grc' dir='ltr'><strong><em>τὴν</em></strong></span> <span class='ocrx_word' id='word_1_55' title='bbox 977 833 1385 920; x_wconf 79' lang='grc' dir='ltr'><strong><em>τελεωτάτην</em></strong></span> <span class='ocrx_word' id='word_1_56' title='bbox 1415 831 1678 902; x_wconf 75' lang='grc' dir='ltr'><strong><em>ἀδικίαν</em></strong></span> <span class='ocrx_word' id='word_1_57' title='bbox 1709 839 1946 923; x_wconf 75' lang='grc' dir='ltr'><strong><em>ἔλθῃς,</em></strong></span> <span class='ocrx_word' id='word_1_58' title='bbox 1999 832 2047 922; x_wconf 79' lang='grc' dir='ltr'><strong><em>ἢ</em></strong></span> <span class='ocrx_word' id='word_1_59' title='bbox 2081 833 2199 904; x_wconf 83' lang='grc' dir='ltr'><strong><em>τὰν</em></strong></span> <span class='ocrx_word' id='word_1_60' title='bbox 2233 836 2358 922; x_wconf 67' lang='grc' dir='ltr'><strong><em>μὲν</em></strong></span> 
     </span>
     <span class='ocr_line' id='line_1_8' title="bbox 353 928 2357 1019; baseline 0.001 -19"><span class='ocrx_word' id='word_1_61' title='bbox 353 930 760 1018; x_wconf 82' lang='grc' dir='ltr'><strong><em>ἀδικήσαντα</em></strong></span> <span class='ocrx_word' id='word_1_62' title='bbox 792 929 1387 1017; x_wconf 77' lang='grc' dir='ltr'><strong><em>εὐδαιμονέστατον</em></strong></span> <span class='ocrx_word' id='word_1_63' title='bbox 1409 943 1614 1013; x_wconf 84' lang='grc' dir='ltr'><strong><em>ποιεῖ,</em></strong></span> <span class='ocrx_word' id='word_1_64' title='bbox 1648 928 1804 1010; x_wconf 84' lang='grc' dir='ltr'><strong><em>τούς</em></strong></span> <span class='ocrx_word' id='word_1_65' title='bbox 1825 931 1896 1000; x_wconf 73' lang='grc' dir='ltr'><strong><em>δὲ</em></strong></span> <span class='ocrx_word' id='word_1_66' title='bbox 1918 929 2357 1019; x_wconf 76' lang='grc' dir='ltr'><strong><em>ἀδικηθέντας</em></strong></span> 
     </span>
     <span class='ocr_line' id='line_1_9' title="bbox 352 1024 2357 1116; baseline 0.001 -17"><span class='ocrx_word' id='word_1_67' title='bbox 352 1033 462 1100; x_wconf 87' lang='grc' dir='ltr'><strong><em>καὶ</em></strong></span> <span class='ocrx_word' id='word_1_68' title='bbox 503 1027 815 1116; x_wconf 85' lang='grc' dir='ltr'><strong><em>ἀδικῆσαι</em></strong></span> <span class='ocrx_word' id='word_1_69' title='bbox 856 1026 981 1096; x_wconf 84' lang='grc' dir='ltr'><strong><em>οὐκ</em></strong></span> <span class='ocrx_word' id='word_1_70' title='bbox 1023 1024 1112 1096; x_wconf 75' lang='grc' dir='ltr'><strong><em>ἀν</em></strong></span> <span class='ocrx_word' id='word_1_71' title='bbox 1151 1032 1508 1108; x_wconf 77' lang='grc' dir='ltr'><strong><em>ἐθέλοντας</em></strong></span> <span class='ocrx_word' id='word_1_72' title='bbox 1561 1026 2032 1110; x_wconf 88' lang='grc' dir='ltr'><strong><em>ἀθλιωτάτους.</em></strong></span> <span class='ocrx_word' id='word_1_73' title='bbox 2105 1038 2240 1101; x_wconf 76' lang='grc' dir='ltr'><strong><em>ἔστι</em></strong></span> <span class='ocrx_word' id='word_1_74' title='bbox 2283 1031 2357 1101; x_wconf 70' lang='grc' dir='ltr'><strong><em>δὲ</em></strong></span> 
     </span>
     <span class='ocr_line' id='line_1_10' title="bbox 352 1123 2355 1248; baseline 0.001 -50"><span class='ocrx_word' id='word_1_75' title='bbox 352 1135 548 1198; x_wconf 84' lang='grc' dir='ltr'><strong><em>τοῦτο</em></strong></span> <span class='ocrx_word' id='word_1_76' title='bbox 570 1135 917 1214; x_wconf 88' lang='grc' dir='ltr'><strong><em>τυραννίς,</em></strong></span> <span class='ocrx_word' id='word_1_77' title='bbox 949 1123 994 1214; x_wconf 78' lang='grc' dir='ltr'><strong><em>ἢ</em></strong></span> <span class='ocrx_word' id='word_1_78' title='bbox 1015 1153 1099 1195; x_wconf 91' lang='grc' dir='ltr'><strong><em>ου</em></strong></span> <span class='ocrx_word' id='word_1_79' title='bbox 1120 1155 1288 1196; x_wconf 88' lang='grc' dir='ltr'><strong><em>κατα</em></strong></span> <span class='ocrx_word' id='word_1_80' title='bbox 1314 1124 1599 1248; x_wconf 78' lang='grc' dir='ltr'><strong><em>σμικρὸν</em></strong></span> <span class='ocrx_word' id='word_1_81' title='bbox 1620 1127 1972 1217; x_wconf 87' lang='grc' dir='ltr'><strong><em>τάλλότρια</em></strong></span> <span class='ocrx_word' id='word_1_82' title='bbox 1996 1133 2108 1200; x_wconf 82' lang='grc' dir='ltr'><strong><em>καὶ</em></strong></span> <span class='ocrx_word' id='word_1_83' title='bbox 2132 1130 2355 1219; x_wconf 74' lang='grc' dir='ltr'><strong><em>λάθρα</em></strong></span> 
     </span>
     <span class='ocr_line' id='line_1_11' title="bbox 354 1222 2353 1315; baseline -0.001 -21"><span class='ocrx_word' id='word_1_84' title='bbox 354 1228 464 1295; x_wconf 87' lang='grc' dir='ltr'><strong><em>καὶ</em></strong></span> <span class='ocrx_word' id='word_1_85' title='bbox 483 1232 596 1315; x_wconf 85' lang='grc' dir='ltr'><strong><em>βία</em></strong></span> <span class='ocrx_word' id='word_1_86' title='bbox 619 1222 1011 1311; x_wconf 76' lang='grc' dir='ltr'><strong><em>ἀφαιρεῖται,</em></strong></span> <span class='ocrx_word' id='word_1_87' title='bbox 1034 1226 1143 1293; x_wconf 81' lang='grc' dir='ltr'><strong><em>καὶ</em></strong></span> <span class='ocrx_word' id='word_1_88' title='bbox 1161 1222 1306 1310; x_wconf 79' lang='grc' dir='ltr'><strong><em>ίερά</em></strong></span> <span class='ocrx_word' id='word_1_89' title='bbox 1324 1223 1482 1293; x_wconf 81' lang='grc' dir='ltr'><strong><em>καὶ“”</em></strong></span> <span class='ocrx_word' id='word_1_90' title='bbox 1457 1224 1606 1292; x_wconf 92' lang='grc' dir='ltr'><strong><em>όσια</em></strong></span> <span class='ocrx_word' id='word_1_91' title='bbox 1629 1229 1740 1294; x_wconf 86' lang='grc' dir='ltr'><strong><em>καὶ</em></strong></span> <span class='ocrx_word' id='word_1_92' title='bbox 1762 1231 1895 1295; x_wconf 73' lang='grc' dir='ltr'><strong><em>ἴδια</em></strong></span> <span class='ocrx_word' id='word_1_93' title='bbox 1917 1229 2027 1296; x_wconf 83' lang='grc' dir='ltr'><strong><em>καὶ</em></strong></span> <span class='ocrx_word' id='word_1_94' title='bbox 2050 1227 2353 1314; x_wconf 83' lang='grc' dir='ltr'><strong><em>δημόσια,</em></strong></span> 
     </span>
    </p>

    <p class='ocr_par' dir='ltr' id='par_1_3' title="bbox 275 1319 2356 2092">
     <span class='ocr_line' id='line_1_12' title="bbox 275 1319 2355 1412; baseline 0 -23"><span class='ocrx_word' id='word_1_95' title='bbox 275 1335 321 1389; x_wconf 82' lang='grc' dir='ltr'><strong><em>Β</em></strong></span> <span class='ocrx_word' id='word_1_96' title='bbox 356 1320 521 1392; x_wconf 79' lang='grc' dir='ltr'><strong><em>ἀλλὰ</em></strong></span> <span class='ocrx_word' id='word_1_97' title='bbox 552 1321 952 1408; x_wconf 78' lang='grc' dir='ltr'><strong><em>ξυλλήβδην·</em></strong></span> <span class='ocrx_word' id='word_1_98' title='bbox 1001 1347 1098 1391; x_wconf 92' lang='grc' dir='ltr'><strong><em>ων</em></strong></span> <span class='ocrx_word' id='word_1_99' title='bbox 1117 1319 1231 1406; x_wconf 76' lang='grc' dir='ltr'><strong><em>ἐφ’</em></strong></span> <span class='ocrx_word' id='word_1_100' title='bbox 1253 1321 1506 1412; x_wconf 69' lang='grc' dir='ltr'><strong><em>ἑκάστω</em></strong></span> <span class='ocrx_word' id='word_1_101' title='bbox 1535 1321 1773 1408; x_wconf 75' lang='grc' dir='ltr'><strong><em>μέρει“</em></strong></span> <span class='ocrx_word' id='word_1_102' title='bbox 1735 1350 1897 1392; x_wconf 91' lang='grc' dir='ltr'><strong><em>οταν</em></strong></span> <span class='ocrx_word' id='word_1_103' title='bbox 1919 1350 2017 1405; x_wconf 87' lang='grc' dir='ltr'><strong><em>τις</em></strong></span> <span class='ocrx_word' id='word_1_104' title='bbox 2038 1320 2355 1410; x_wconf 76' lang='grc' dir='ltr'><strong><em>ἀδικήσας</em></strong></span> 
     </span>
     <span class='ocr_line' id='line_1_13' title="bbox 352 1416 2356 1545; baseline 0.002 -58"><span class='ocrx_word' id='word_1_105' title='bbox 352 1416 441 1506; x_wconf 84' lang='grc' dir='ltr'><strong><em>μὴ</em></strong></span> <span class='ocrx_word' id='word_1_106' title='bbox 476 1419 690 1506; x_wconf 76' lang='grc' dir='ltr'><strong><em>λάθῃ,</em></strong></span> <span class='ocrx_word' id='word_1_107' title='bbox 735 1423 1080 1505; x_wconf 77' lang='grc' dir='ltr'><strong><em>ζημιοῦταί</em></strong></span> <span class='ocrx_word' id='word_1_108' title='bbox 1105 1445 1176 1486; x_wconf 89' lang='grc' dir='ltr'><strong><em>τε</em></strong></span> <span class='ocrx_word' id='word_1_109' title='bbox 1217 1420 1329 1487; x_wconf 86' lang='grc' dir='ltr'><strong><em>καὶ</em></strong></span> <span class='ocrx_word' id='word_1_110' title='bbox 1369 1416 1593 1506; x_wconf 83' lang='grc' dir='ltr'><strong><em>ὀνείδη</em></strong></span> <span class='ocrx_word' id='word_1_111' title='bbox 1627 1425 1756 1506; x_wconf 80' lang='grc' dir='ltr'><strong><em>ἔχει</em></strong></span> <span class='ocrx_word' id='word_1_112' title='bbox 1789 1420 1868 1488; x_wconf 83' lang='grc' dir='ltr'><strong><em>τά</em></strong></span> <span class='ocrx_word' id='word_1_113' title='bbox 1906 1423 2205 1545; x_wconf 79' lang='grc' dir='ltr'><strong><em>μέγιστα·</em></strong></span> <span class='ocrx_word' id='word_1_114' title='bbox 2242 1422 2356 1499; x_wconf 80' lang='grc' dir='ltr'><strong><em>καὶ</em></strong></span> 
     </span>
     <span class='ocr_line' id='line_1_14' title="bbox 351 1511 2356 1603; baseline 0.001 -20"><span class='ocrx_word' id='word_1_115' title='bbox 351 1514 481 1602; x_wconf 80' lang='grc' dir='ltr'><strong><em>γὰρ</em></strong></span> <span class='ocrx_word' id='word_1_116' title='bbox 499 1515 830 1599; x_wconf 74' lang='grc' dir='ltr'><strong><em>ἱερόσυλοι</em></strong></span> <span class='ocrx_word' id='word_1_117' title='bbox 847 1516 957 1584; x_wconf 85' lang='grc' dir='ltr'><strong><em>καὶ</em></strong></span> <span class='ocrx_word' id='word_1_118' title='bbox 977 1511 1495 1603; x_wconf 76' lang='grc' dir='ltr'><strong><em>ἀνδραποδισταὶ</em></strong></span> <span class='ocrx_word' id='word_1_119' title='bbox 1515 1518 1625 1586; x_wconf 84' lang='grc' dir='ltr'><strong><em>καὶ</em></strong></span> <span class='ocrx_word' id='word_1_120' title='bbox 1644 1517 2031 1603; x_wconf 82' lang='grc' dir='ltr'><strong><em>τοιχωρύχοι</em></strong></span> <span class='ocrx_word' id='word_1_121' title='bbox 2051 1518 2161 1586; x_wconf 82' lang='grc' dir='ltr'><strong><em>καὶ</em></strong></span> <span class='ocrx_word' id='word_1_122' title='bbox 2184 1514 2356 1586; x_wconf 86' lang='grc' dir='ltr'><strong><em>ἀπο-</em></strong></span> 
     </span>
     <span class='ocr_line' id='line_1_15' title="bbox 352 1612 2355 1702; baseline 0.001 -22"><span class='ocrx_word' id='word_1_123' title='bbox 352 1616 654 1699; x_wconf 80' lang='grc' dir='ltr'><strong><em>στερηταὶ</em></strong></span> <span class='ocrx_word' id='word_1_124' title='bbox 687 1615 796 1681; x_wconf 84' lang='grc' dir='ltr'><strong><em>καὶ</em></strong></span> <span class='ocrx_word' id='word_1_125' title='bbox 826 1613 1097 1682; x_wconf 85' lang='grc' dir='ltr'><strong><em>κλέπται</em></strong></span> <span class='ocrx_word' id='word_1_126' title='bbox 1128 1616 1198 1682; x_wconf 75' lang='lat' dir='ltr'><strong><em>oc</em></strong></span> <span class='ocrx_word' id='word_1_127' title='bbox 1224 1612 1391 1683; x_wconf 78' lang='grc' dir='ltr'><strong><em>κατὰ</em></strong></span> <span class='ocrx_word' id='word_1_128' title='bbox 1426 1619 1589 1702; x_wconf 89' lang='grc' dir='ltr'><strong><em>μέρη</em></strong></span> <span class='ocrx_word' id='word_1_129' title='bbox 1624 1613 2009 1694; x_wconf 82' lang='grc' dir='ltr'><strong><em>ἀδικοῦντες</em></strong></span> <span class='ocrx_word' id='word_1_130' title='bbox 2041 1622 2177 1683; x_wconf 71' lang='grc' dir='ltr'><strong><em>τῶν</em></strong></span> <span class='ocrx_word' id='word_1_131' title='bbox 2216 1640 2355 1683; x_wconf 92' lang='grc' dir='ltr'><strong><em>τοι-</em></strong></span> 
     </span>
     <span class='ocr_line' id='line_1_16' title="bbox 353 1709 2355 1799; baseline 0 -19"><span class='ocrx_word' id='word_1_132' title='bbox 353 1712 574 1780; x_wconf 88' lang='grc' dir='ltr'><strong><em>ούτων</em></strong></span> <span class='ocrx_word' id='word_1_133' title='bbox 608 1712 1177 1799; x_wconf 76' lang='grc' dir='ltr'><strong><em>κακουργημάτων</em></strong></span> <span class='ocrx_word' id='word_1_134' title='bbox 1211 1719 1604 1782; x_wconf 83' lang='grc' dir='ltr'><strong><em>καλοῦνται·</em></strong></span> <span class='ocrx_word' id='word_1_135' title='bbox 1649 1711 1920 1782; x_wconf 76' lang='grc' dir='ltr'><strong><em>ἐπειδὰν</em></strong></span> <span class='ocrx_word' id='word_1_136' title='bbox 1958 1713 2037 1780; x_wconf 87' lang='grc' dir='ltr'><strong><em>δέ</em></strong></span> <span class='ocrx_word' id='word_1_137' title='bbox 2061 1738 2159 1792; x_wconf 87' lang='grc' dir='ltr'><strong><em>τις</em></strong></span> <span class='ocrx_word' id='word_1_138' title='bbox 2192 1709 2355 1798; x_wconf 83' lang='grc' dir='ltr'><strong><em>πρὸς</em></strong></span> 
     </span>
     <span class='ocr_line' id='line_1_17' title="bbox 351 1807 2353 1897; baseline 0.001 -19"><span class='ocrx_word' id='word_1_139' title='bbox 351 1823 488 1890; x_wconf 82' lang='grc' dir='ltr'><strong><em>τοῖς</em></strong></span> <span class='ocrx_word' id='word_1_140' title='bbox 522 1816 658 1879; x_wconf 71' lang='grc' dir='ltr'><strong><em>τῶν</em></strong></span> <span class='ocrx_word' id='word_1_141' title='bbox 692 1817 980 1879; x_wconf 73' lang='grc' dir='ltr'><strong><em>πολιτῶν</em></strong></span> <span class='ocrx_word' id='word_1_142' title='bbox 999 1810 1286 1897; x_wconf 80' lang='grc' dir='ltr'><strong><em>χρήμασι</em></strong></span> <span class='ocrx_word' id='word_1_143' title='bbox 1305 1810 1414 1878; x_wconf 84' lang='grc' dir='ltr'><strong><em>καὶ</em></strong></span> <span class='ocrx_word' id='word_1_144' title='bbox 1436 1807 1681 1890; x_wconf 73' lang='grc' dir='ltr'><strong><em>αὐτοὺς</em></strong></span> <span class='ocrx_word' id='word_1_145' title='bbox 1701 1807 2353 1896; x_wconf 75' lang='grc' dir='ltr'><strong><em>ἀνδραποδισάμενος</em></strong></span> 
     </span>
     <span class='ocr_line' id='line_1_18' title="bbox 352 1903 2350 1995; baseline 0.001 -19"><span class='ocrx_word' id='word_1_146' title='bbox 352 1907 797 1995; x_wconf 74' lang='grc' dir='ltr'><strong><em>δουλώσηται,</em></strong></span> <span class='ocrx_word' id='word_1_147' title='bbox 832 1903 981 1976; x_wconf 83' lang='grc' dir='ltr'><strong><em>ἀντὶ</em></strong></span> <span class='ocrx_word' id='word_1_148' title='bbox 1001 1908 1260 1976; x_wconf 88' lang='grc' dir='ltr'><strong><em>τούτων</em></strong></span> <span class='ocrx_word' id='word_1_149' title='bbox 1278 1915 1416 1977; x_wconf 72' lang='grc' dir='ltr'><strong><em>τῶν</em></strong></span> <span class='ocrx_word' id='word_1_150' title='bbox 1437 1914 1727 1995; x_wconf 75' lang='grc' dir='ltr'><strong><em>αἰσχρῶν</em></strong></span> <span class='ocrx_word' id='word_1_151' title='bbox 1756 1905 2107 1994; x_wconf 86' lang='grc' dir='ltr'><strong><em>ὀνομάτων</em></strong></span> <span class='ocrx_word' id='word_1_152' title='bbox 2128 1904 2350 1977; x_wconf 83' lang='grc' dir='ltr'><strong><em>εὐδαί-</em></strong></span> 
     </span>
     <span class='ocr_line' id='line_1_19' title="bbox 350 2002 2352 2092; baseline 0.002 -21"><span class='ocrx_word' id='word_1_153' title='bbox 350 2029 549 2089; x_wconf 89' lang='grc' dir='ltr'><strong><em>μονες</em></strong></span> <span class='ocrx_word' id='word_1_154' title='bbox 571 2005 679 2072; x_wconf 84' lang='grc' dir='ltr'><strong><em>καὶ</em></strong></span> <span class='ocrx_word' id='word_1_155' title='bbox 702 2002 1015 2088; x_wconf 83' lang='grc' dir='ltr'><strong><em>μακάριοι</em></strong></span> <span class='ocrx_word' id='word_1_156' title='bbox 1037 2009 1417 2092; x_wconf 86' lang='grc' dir='ltr'><strong><em>κέκληνται,</em></strong></span> <span class='ocrx_word' id='word_1_157' title='bbox 1465 2005 1550 2074; x_wconf 84' lang='grc' dir='ltr'><strong><em>οὐ</em></strong></span> <span class='ocrx_word' id='word_1_158' title='bbox 1582 2006 1796 2092; x_wconf 90' lang='grc' dir='ltr'><strong><em>μόνον</em></strong></span> <span class='ocrx_word' id='word_1_159' title='bbox 1827 2002 1959 2073; x_wconf 78' lang='grc' dir='ltr'><strong><em>ὑπὸ</em></strong></span> <span class='ocrx_word' id='word_1_160' title='bbox 1992 2013 2128 2074; x_wconf 75' lang='grc' dir='ltr'><strong><em>τῶν</em></strong></span> <span class='ocrx_word' id='word_1_161' title='bbox 2163 2014 2352 2075; x_wconf 88' lang='grc' dir='ltr'><strong><em>πολι-</em></strong></span> 
     </span>
    </p>

    <p class='ocr_par' dir='ltr' id='par_1_4' title="bbox 278 2096 2355 2873">
     <span class='ocr_line' id='line_1_20' title="bbox 278 2096 2355 2188; baseline 0.001 -20"><span class='ocrx_word' id='word_1_162' title='bbox 278 2119 320 2174; x_wconf 80' lang='lat' dir='ltr'>c</span> <span class='ocrx_word' id='word_1_163' title='bbox 355 2107 492 2168; x_wconf 77' lang='grc' dir='ltr'><strong><em>τῶν</em></strong></span> <span class='ocrx_word' id='word_1_164' title='bbox 524 2096 693 2167; x_wconf 81' lang='grc' dir='ltr'><strong><em>ἀλλά</em></strong></span> <span class='ocrx_word' id='word_1_165' title='bbox 720 2100 830 2167; x_wconf 83' lang='grc' dir='ltr'><strong><em>καὶ</em></strong></span> <span class='ocrx_word' id='word_1_166' title='bbox 864 2096 997 2169; x_wconf 74' lang='grc' dir='ltr'><strong><em>ὑπὸ</em></strong></span> <span class='ocrx_word' id='word_1_167' title='bbox 1030 2110 1168 2170; x_wconf 72' lang='grc' dir='ltr'><strong><em>τῶν</em></strong></span> <span class='ocrx_word' id='word_1_168' title='bbox 1199 2100 1452 2188; x_wconf 73' lang='grc' dir='ltr'><strong><em>ἄλλων,</em></strong></span> <span class='ocrx_word' id='word_1_169' title='bbox 1496 2101 1643 2172; x_wconf 78' lang='grc' dir='ltr'><strong><em>ὅσοι</em></strong></span> <span class='ocrx_word' id='word_1_170' title='bbox 1664 2097 1750 2172; x_wconf 74' lang='grc' dir='ltr'><strong><em>ἀν</em></strong></span> <span class='ocrx_word' id='word_1_171' title='bbox 1770 2103 2127 2172; x_wconf 85' lang='grc' dir='ltr'><strong><em>πύθωνται</em></strong></span> <span class='ocrx_word' id='word_1_172' title='bbox 2148 2101 2355 2172; x_wconf 80' lang='grc' dir='ltr'><strong><em>αὐτὸν</em></strong></span> 
     </span>
     <span class='ocr_line' id='line_1_21' title="bbox 352 2193 2354 2286; baseline 0.002 -21"><span class='ocrx_word' id='word_1_173' title='bbox 352 2194 477 2284; x_wconf 73' lang='grc' dir='ltr'><strong><em>τὴν</em></strong></span> <span class='ocrx_word' id='word_1_174' title='bbox 509 2193 676 2282; x_wconf 80' lang='grc' dir='ltr'><strong><em>ὅλην</em></strong></span> <span class='ocrx_word' id='word_1_175' title='bbox 712 2194 977 2266; x_wconf 84' lang='grc' dir='ltr'><strong><em>ἀδικίαν</em></strong></span> <span class='ocrx_word' id='word_1_176' title='bbox 1010 2195 1398 2285; x_wconf 83' lang='grc' dir='ltr'><strong><em>ἠδικηκότα·</em></strong></span> <span class='ocrx_word' id='word_1_177' title='bbox 1444 2198 1529 2268; x_wconf 84' lang='grc' dir='ltr'><strong><em>ού</em></strong></span> <span class='ocrx_word' id='word_1_178' title='bbox 1561 2198 1692 2286; x_wconf 74' lang='grc' dir='ltr'><strong><em>γὰρ</em></strong></span> <span class='ocrx_word' id='word_1_179' title='bbox 1723 2199 1797 2268; x_wconf 79' lang='grc' dir='ltr'><strong><em>τὰ</em></strong></span> <span class='ocrx_word' id='word_1_180' title='bbox 1823 2214 2034 2271; x_wconf 76' lang='grc' dir='ltr'><strong><em>ποιεῖν</em></strong></span> <span class='ocrx_word' id='word_1_181' title='bbox 2056 2198 2136 2269; x_wconf 79' lang='grc' dir='ltr'><strong><em>τὰ</em></strong></span> <span class='ocrx_word' id='word_1_182' title='bbox 2156 2199 2354 2269; x_wconf 77' lang='grc' dir='ltr'><strong><em>ἄδικα</em></strong></span> 
     </span>
     <span class='ocr_line' id='line_1_22' title="bbox 353 2292 2355 2381; baseline 0.002 -19"><span class='ocrx_word' id='word_1_183' title='bbox 353 2292 520 2363; x_wconf 79' lang='grc' dir='ltr'><strong><em>ἀλλὰ</em></strong></span> <span class='ocrx_word' id='word_1_184' title='bbox 544 2292 617 2361; x_wconf 81' lang='grc' dir='ltr'><strong><em>τὸ</em></strong></span> <span class='ocrx_word' id='word_1_185' title='bbox 643 2294 921 2379; x_wconf 83' lang='grc' dir='ltr'><strong><em>πάσχειν</em></strong></span> <span class='ocrx_word' id='word_1_186' title='bbox 945 2295 1355 2381; x_wconf 85' lang='grc' dir='ltr'><strong><em>φοβούμενοι</em></strong></span> <span class='ocrx_word' id='word_1_187' title='bbox 1390 2294 1824 2377; x_wconf 77' lang='grc' dir='ltr'><strong><em>ὀνειδίζουσιν</em></strong></span> <span class='ocrx_word' id='word_1_188' title='bbox 1845 2301 1915 2367; x_wconf 75' lang='lat' dir='ltr'><strong><em>oc</em></strong></span> <span class='ocrx_word' id='word_1_189' title='bbox 1931 2296 2355 2380; x_wconf 76' lang='grc' dir='ltr'><strong><em>ὀνειδίζοντες</em></strong></span> 
     </span>
     <span class='ocr_line' id='line_1_23' title="bbox 350 2383 2355 2481; baseline 0.002 -22"><span class='ocrx_word' id='word_1_190' title='bbox 350 2418 476 2477; x_wconf 89' lang='grc' dir='ltr'><strong><em>την</em></strong></span> <span class='ocrx_word' id='word_1_191' title='bbox 499 2390 780 2460; x_wconf 88' lang='grc' dir='ltr'><strong><em>ἀδικίαν.</em></strong></span> <span class='ocrx_word' id='word_1_192' title='bbox 827 2390 1072 2475; x_wconf 77' lang='grc' dir='ltr'><strong><em>οὕτως,</em></strong></span> <span class='ocrx_word' id='word_1_193' title='bbox 1118 2383 1173 2460; x_wconf 71' lang='grc' dir='ltr'><em>ὦ</em></span> <span class='ocrx_word' id='word_1_194' title='bbox 1205 2392 1592 2480; x_wconf 75' lang='grc' dir='ltr'><strong><em>Σώκρατες,</em></strong></span> <span class='ocrx_word' id='word_1_195' title='bbox 1641 2396 1750 2464; x_wconf 85' lang='grc' dir='ltr'><strong><em>καὶ</em></strong></span> <span class='ocrx_word' id='word_1_196' title='bbox 1783 2396 2210 2481; x_wconf 80' lang='grc' dir='ltr'><strong><em>ἰσχυρότερον</em></strong></span> <span class='ocrx_word' id='word_1_197' title='bbox 2242 2396 2355 2464; x_wconf 86' lang='grc' dir='ltr'><strong><em>καὶ</em></strong></span> 
     </span>
     <span class='ocr_line' id='line_1_24' title="bbox 350 2487 2355 2579; baseline 0.001 -22"><span class='ocrx_word' id='word_1_198' title='bbox 350 2487 912 2575; x_wconf 72' lang='grc' dir='ltr'><strong><em>ἐλευθεριώτερον</em></strong></span> <span class='ocrx_word' id='word_1_199' title='bbox 945 2490 1055 2560; x_wconf 81' lang='grc' dir='ltr'><strong><em>καὶ</em></strong></span> <span class='ocrx_word' id='word_1_200' title='bbox 1090 2490 1651 2579; x_wconf 69' lang='grc' dir='ltr'><strong><em>δεσποτικώτερον</em></strong></span> <span class='ocrx_word' id='word_1_201' title='bbox 1686 2491 1909 2561; x_wconf 84' lang='grc' dir='ltr'><strong><em>ἀδικία</em></strong></span> <span class='ocrx_word' id='word_1_202' title='bbox 1933 2492 2355 2579; x_wconf 78' lang='grc' dir='ltr'><strong><em>δικαιοσύνης</em></strong></span> 
     </span>
     <span class='ocr_line' id='line_1_25' title="bbox 352 2588 2353 2679; baseline 0.003 -25"><span class='ocrx_word' id='word_1_203' title='bbox 352 2588 532 2656; x_wconf 75' lang='grc' dir='ltr'><strong><em>ἐστὶν</em></strong></span> <span class='ocrx_word' id='word_1_204' title='bbox 551 2590 801 2666; x_wconf 71' lang='grc' dir='ltr'><strong><em>ἱκαναῖς</em></strong></span> <span class='ocrx_word' id='word_1_205' title='bbox 820 2591 1199 2677; x_wconf 76' lang='grc' dir='ltr'><strong><em>γιγνομένη,</em></strong></span> <span class='ocrx_word' id='word_1_206' title='bbox 1223 2592 1334 2659; x_wconf 81' lang='grc' dir='ltr'><strong><em>καὶ</em></strong></span> <span class='ocrx_word' id='word_1_207' title='bbox 1357 2589 1523 2678; x_wconf 79' lang='grc' dir='ltr'><strong><em>ὅπερ</em></strong></span> <span class='ocrx_word' id='word_1_208' title='bbox 1546 2593 1610 2671; x_wconf 82' lang='grc' dir='ltr'><strong><em>ἐξ</em></strong></span> <span class='ocrx_word' id='word_1_209' title='bbox 1633 2588 1834 2677; x_wconf 84' lang='grc' dir='ltr'><strong><em>ἀρχῆς</em></strong></span> <span class='ocrx_word' id='word_1_210' title='bbox 1855 2596 2105 2679; x_wconf 80' lang='grc' dir='ltr'><strong><em>ἔλεγον,</em></strong></span> <span class='ocrx_word' id='word_1_211' title='bbox 2128 2589 2201 2659; x_wconf 79' lang='grc' dir='ltr'><strong><em>τὰ</em></strong></span> <span class='ocrx_word' id='word_1_212' title='bbox 2229 2592 2353 2677; x_wconf 76' lang='grc' dir='ltr'><strong><em>μὲν</em></strong></span> 
     </span>
     <span class='ocr_line' id='line_1_26' title="bbox 350 2686 2348 2774; baseline 0.001 -21"><span class='ocrx_word' id='word_1_213' title='bbox 350 2691 477 2753; x_wconf 81' lang='grc' dir='ltr'><strong><em>τοῦ</em></strong></span> <span class='ocrx_word' id='word_1_214' title='bbox 510 2689 882 2771; x_wconf 83' lang='grc' dir='ltr'><strong><em>κρείττονος</em></strong></span> <span class='ocrx_word' id='word_1_215' title='bbox 917 2689 1254 2774; x_wconf 78' lang='grc' dir='ltr'><strong><em>ξυμφέρον</em></strong></span> <span class='ocrx_word' id='word_1_216' title='bbox 1286 2686 1362 2756; x_wconf 82' lang='grc' dir='ltr'><strong><em>τὸ</em></strong></span> <span class='ocrx_word' id='word_1_217' title='bbox 1402 2691 1660 2756; x_wconf 81' lang='grc' dir='ltr'><strong><em>δίκαιον</em></strong></span> <span class='ocrx_word' id='word_1_218' title='bbox 1691 2687 2000 2774; x_wconf 76' lang='grc' dir='ltr'><strong><em>τυγχάνει</em></strong></span> <span class='ocrx_word' id='word_1_219' title='bbox 2024 2686 2140 2774; x_wconf 87' lang='grc' dir='ltr'><strong><em>ὅν,</em></strong></span> <span class='ocrx_word' id='word_1_220' title='bbox 2184 2687 2259 2755; x_wconf 84' lang='grc' dir='ltr'><strong><em>τὸ</em></strong></span> <span class='ocrx_word' id='word_1_221' title='bbox 2286 2688 2348 2756; x_wconf 88' lang='grc' dir='ltr'><strong><em>δ’</em></strong></span> 
     </span>
     <span class='ocr_line' id='line_1_27' title="bbox 352 2782 1832 2873; baseline 0.003 -23"><span class='ocrx_word' id='word_1_222' title='bbox 352 2782 590 2851; x_wconf 75' lang='grc' dir='ltr'><strong><em>ἄδικον</em></strong></span> <span class='ocrx_word' id='word_1_223' title='bbox 609 2782 824 2871; x_wconf 74' lang='grc' dir='ltr'><strong><em>ἑαυτῷ</em></strong></span> <span class='ocrx_word' id='word_1_224' title='bbox 842 2792 1234 2854; x_wconf 82' lang='grc' dir='ltr'><strong><em>λυσιτελοῦν</em></strong></span> <span class='ocrx_word' id='word_1_225' title='bbox 1253 2812 1324 2854; x_wconf 90' lang='grc' dir='ltr'><strong><em>τε</em></strong></span> <span class='ocrx_word' id='word_1_226' title='bbox 1344 2789 1455 2855; x_wconf 85' lang='grc' dir='ltr'><strong><em>καὶ</em></strong></span> <span class='ocrx_word' id='word_1_227' title='bbox 1476 2788 1832 2873; x_wconf 80' lang='grc' dir='ltr'><strong><em>ξυμφέρον.</em></strong></span> 
     </span>
    </p>

    <p class='ocr_par' dir='ltr' id='par_1_5' title="bbox 270 2881 2355 3463">
     <span class='ocr_line' id='line_1_28' title="bbox 270 2881 2349 2973; baseline 0.003 -27"><span class='ocrx_word' id='word_1_228' title='bbox 270 2893 318 2946; x_wconf 81' lang='lat' dir='ltr'>D</span> <span class='ocrx_word' id='word_1_229' title='bbox 518 2884 700 2948; x_wconf 82' lang='lat' dir='ltr'>XVII.</span> <span class='ocrx_word' id='word_1_230' title='bbox 750 2888 973 2950; x_wconf 86' lang='grc' dir='ltr'><strong><em>Ταῦτα</em></strong></span> <span class='ocrx_word' id='word_1_231' title='bbox 995 2881 1201 2952; x_wconf 70' lang='grc' dir='ltr'><strong><em>εἰπὼν</em></strong></span> <span class='ocrx_word' id='word_1_232' title='bbox 1236 2881 1272 2952; x_wconf 86' lang='grc' dir='ltr'><strong><em>ὁ</em></strong></span> <span class='ocrx_word' id='word_1_233' title='bbox 1298 2884 1737 2973; x_wconf 83' lang='grc' dir='ltr'><strong><em>Θρασύμαχος</em></strong></span> <span class='ocrx_word' id='word_1_234' title='bbox 1757 2885 1830 2954; x_wconf 80' lang='grc' dir='ltr'><strong><em>έν</em></strong></span> <span class='ocrx_word' id='word_1_235' title='bbox 1848 2890 1944 2973; x_wconf 75' lang='grc' dir='ltr'><strong><em>νῷ</em></strong></span> <span class='ocrx_word' id='word_1_236' title='bbox 1969 2883 2140 2970; x_wconf 79' lang='grc' dir='ltr'><strong><em>εἶχεν</em></strong></span> <span class='ocrx_word' id='word_1_237' title='bbox 2161 2883 2349 2952; x_wconf 84' lang='grc' dir='ltr'><strong><em>ἀπιέ-</em></strong></span> 
     </span>
     <span class='ocr_line' id='line_1_29' title="bbox 351 2974 2352 3070; baseline 0.003 -27"><span class='ocrx_word' id='word_1_238' title='bbox 351 3003 492 3061; x_wconf 91' lang='grc' dir='ltr'><strong><em>ναι,</em></strong></span> <span class='ocrx_word' id='word_1_239' title='bbox 541 2974 764 3063; x_wconf 59' lang='lat' dir='ltr'><strong><em>&amp;omo</em></strong></span> <span class='ocrx_word' id='word_1_240' title='bbox 783 2979 1113 3067; x_wconf 77' lang='grc' dir='ltr'><strong><em>βαλανεὺς</em></strong></span> <span class='ocrx_word' id='word_1_241' title='bbox 1132 2977 1326 3070; x_wconf 74' lang='grc' dir='ltr'><strong><em>ἡμῶν</em></strong></span> <span class='ocrx_word' id='word_1_242' title='bbox 1345 2979 1793 3068; x_wconf 82' lang='grc' dir='ltr'><strong><em>καταντλήσας</em></strong></span> <span class='ocrx_word' id='word_1_243' title='bbox 1814 2978 1978 3050; x_wconf 78' lang='grc' dir='ltr'><strong><em>κατὰ</em></strong></span> <span class='ocrx_word' id='word_1_244' title='bbox 2003 2989 2136 3050; x_wconf 78' lang='grc' dir='ltr'><strong><em>τῶν</em></strong></span> <span class='ocrx_word' id='word_1_245' title='bbox 2160 2980 2352 3050; x_wconf 70' lang='grc' dir='ltr'><strong><em>ὅτων</em></strong></span> 
     </span>
     <span class='ocr_line' id='line_1_30' title="bbox 350 3074 2355 3167; baseline 0.003 -23"><span class='ocrx_word' id='word_1_246' title='bbox 350 3074 610 3161; x_wconf 89' lang='grc' dir='ltr'><strong><em>ἀθρόον</em></strong></span> <span class='ocrx_word' id='word_1_247' title='bbox 642 3078 751 3145; x_wconf 87' lang='grc' dir='ltr'><strong><em>καὶ</em></strong></span> <span class='ocrx_word' id='word_1_248' title='bbox 784 3078 1001 3147; x_wconf 78' lang='grc' dir='ltr'><strong><em>πολύν</em></strong></span> <span class='ocrx_word' id='word_1_249' title='bbox 1027 3077 1147 3148; x_wconf 81' lang='grc' dir='ltr'><strong><em>τόν</em></strong></span> <span class='ocrx_word' id='word_1_250' title='bbox 1180 3080 1400 3164; x_wconf 85' lang='grc' dir='ltr'><strong><em>λόγον.</em></strong></span> <span class='ocrx_word' id='word_1_251' title='bbox 1444 3076 1529 3147; x_wconf 81' lang='grc' dir='ltr'><strong><em>οὗ</em></strong></span> <span class='ocrx_word' id='word_1_252' title='bbox 1550 3077 1686 3166; x_wconf 83' lang='grc' dir='ltr'><strong><em>μὴν</em></strong></span> <span class='ocrx_word' id='word_1_253' title='bbox 1704 3079 1936 3150; x_wconf 79' lang='grc' dir='ltr'><strong><em>εἴασάν</em></strong></span> <span class='ocrx_word' id='word_1_254' title='bbox 1956 3106 2034 3167; x_wconf 90' lang='grc' dir='ltr'><strong><em>γε</em></strong></span> <span class='ocrx_word' id='word_1_255' title='bbox 2056 3078 2266 3151; x_wconf 81' lang='grc' dir='ltr'><strong><em>αὐτὸν</em></strong></span> <span class='ocrx_word' id='word_1_256' title='bbox 2287 3083 2355 3150; x_wconf 76' lang='lat' dir='ltr'><strong><em>ol</em></strong></span> 
     </span>
     <span class='ocr_line' id='line_1_31' title="bbox 349 3172 2349 3267; baseline 0.004 -25"><span class='ocrx_word' id='word_1_257' title='bbox 349 3173 709 3262; x_wconf 88' lang='grc' dir='ltr'><strong><em>παρόντες,</em></strong></span> <span class='ocrx_word' id='word_1_258' title='bbox 750 3172 900 3245; x_wconf 84' lang='grc' dir='ltr'><strong><em>ἀλλ’</em></strong></span> <span class='ocrx_word' id='word_1_259' title='bbox 937 3173 1329 3263; x_wconf 86' lang='grc' dir='ltr'><strong><em>ἠνάγκασαν</em></strong></span> <span class='ocrx_word' id='word_1_260' title='bbox 1361 3174 1724 3264; x_wconf 76' lang='grc' dir='ltr'><strong><em>ὑπομεῖναί</em></strong></span> <span class='ocrx_word' id='word_1_261' title='bbox 1748 3205 1820 3248; x_wconf 90' lang='grc' dir='ltr'><strong><em>τε</em></strong></span> <span class='ocrx_word' id='word_1_262' title='bbox 1857 3180 1969 3247; x_wconf 87' lang='grc' dir='ltr'><strong><em>καὶ</em></strong></span> <span class='ocrx_word' id='word_1_263' title='bbox 1991 3195 2349 3267; x_wconf 71' lang='grc' dir='ltr'><strong><em>παρασχεῖν</em></strong></span> 
     </span>
     <span class='ocr_line' id='line_1_32' title="bbox 345 3273 2351 3360; baseline 0.004 -22"><span class='ocrx_word' id='word_1_264' title='bbox 345 3280 485 3339; x_wconf 73' lang='grc' dir='ltr'><strong><em>τῶν</em></strong></span> <span class='ocrx_word' id='word_1_265' title='bbox 509 3276 872 3359; x_wconf 81' lang='grc' dir='ltr'><strong><em>εἰρημένων</em></strong></span> <span class='ocrx_word' id='word_1_266' title='bbox 890 3274 1098 3358; x_wconf 83' lang='grc' dir='ltr'><strong><em>λόγον</em></strong></span> <span class='ocrx_word' id='word_1_267' title='bbox 1114 3299 1127 3313; x_wconf 92' lang='grc'><em>·</em></span> <span class='ocrx_word' id='word_1_268' title='bbox 1156 3274 1265 3341; x_wconf 85' lang='grc' dir='ltr'><strong><em>καὶ</em></strong></span> <span class='ocrx_word' id='word_1_269' title='bbox 1277 3273 1357 3360; x_wconf 84' lang='grc' dir='ltr'><strong><em>δὴ</em></strong></span> <span class='ocrx_word' id='word_1_270' title='bbox 1385 3279 1589 3360; x_wconf 70' lang='grc' dir='ltr'><strong><em>ἔγωγε</em></strong></span> <span class='ocrx_word' id='word_1_271' title='bbox 1610 3277 1719 3344; x_wconf 78' lang='grc' dir='ltr'><strong><em>καὶ</em></strong></span> <span class='ocrx_word' id='word_1_272' title='bbox 1742 3273 1942 3357; x_wconf 76' lang='grc' dir='ltr'><strong><em>αὐτὸς</em></strong></span> <span class='ocrx_word' id='word_1_273' title='bbox 1963 3277 2145 3347; x_wconf 84' lang='grc' dir='ltr'><strong><em>πάνυ</em></strong></span> <span class='ocrx_word' id='word_1_274' title='bbox 2166 3279 2351 3347; x_wconf 77' lang='grc' dir='ltr'><strong><em>ἐδεό-</em></strong></span> 
     </span>
     <span class='ocr_line' id='line_1_33' title="bbox 349 3364 2348 3463; baseline 0.005 -27"><span class='ocrx_word' id='word_1_275' title='bbox 349 3395 483 3457; x_wconf 88' lang='grc' dir='ltr'><strong><em>μην</em></strong></span> <span class='ocrx_word' id='word_1_276' title='bbox 504 3394 572 3437; x_wconf 89' lang='grc' dir='ltr'><strong><em>τε</em></strong></span> <span class='ocrx_word' id='word_1_277' title='bbox 594 3371 702 3439; x_wconf 82' lang='grc' dir='ltr'><strong><em>καὶ</em></strong></span> <span class='ocrx_word' id='word_1_278' title='bbox 724 3368 911 3439; x_wconf 79' lang='grc' dir='ltr'><strong><em>εἶπον</em></strong></span> <span class='ocrx_word' id='word_1_279' title='bbox 936 3364 1018 3442; x_wconf 78' lang='grc' dir='ltr'><em>Ὦ</em></span> <span class='ocrx_word' id='word_1_280' title='bbox 1051 3371 1350 3458; x_wconf 81' lang='grc' dir='ltr'><strong><em>δαιμόνιε</em></strong></span> <span class='ocrx_word' id='word_1_281' title='bbox 1384 3373 1815 3463; x_wconf 77' lang='grc' dir='ltr'><strong><em>Θρασύμαχε,</em></strong></span> <span class='ocrx_word' id='word_1_282' title='bbox 1859 3370 2005 3446; x_wconf 85' lang='grc' dir='ltr'><strong><em>οἷον</em></strong></span> <span class='ocrx_word' id='word_1_283' title='bbox 2039 3374 2348 3463; x_wconf 70' lang='grc' dir='ltr'><strong><em>ἐμβαλών</em></strong></span> 
     </span>
    </p>
   </div>
   <div class='ocr_carea' id='block_1_3' title="bbox 2592 2061 2595 2600">
    <p class='ocr_par' dir='ltr' id='par_1_6' title="bbox 2592 2061 2595 2600">
     <span class='ocr_line' id='line_1_34' title="bbox 2592 2061 2595 2600; baseline 0 0"><span class='ocrx_word' id='word_1_284' title='bbox 2592 2061 2595 2600; x_wconf 95' lang='lat' dir='ltr'><strong><em> </em></strong></span> 
     </span>
    </p>
   </div>
  </div>
 </body>
</html>
