2602 3928
368 196 452 258 66
1090 188 1658 249 ΠΛΑΤΩΝΟΣ

291 373 328 424 c
368 355 533 424 ὅταν
566 380 664 432 τις
683 359 954 420 τοιαῦτα
993 353 1152 437 λέγῃ
1185 350 1334 432 περὶ
1367 353 1587 432 θεῶν,
1631 352 2135 435 χαλεπανοῦμέν
2165 375 2236 417 τε
2269 353 2385 419 καὶ

368 450 574 540 χορὸν
610 447 695 519 οὐ
732 449 1056 567 δαίσομεν.Ι
1054 498 1074 534 ,
1126 446 1285 515 οὐδὲ
1319 444 1478 525 τούς
1502 444 1944 524 διδασκάλους
1971 446 2256 533 ἐάσομεν
2275 451 2382 517 ἐπὶ

369 553 633 638 παιδείᾳ
653 554 943 635 χρῆσθαι
964 572 1102 613 των
1121 547 1328 630 νέων,
1374 549 1437 612 εί
1452 548 1806 630 μέλλουσιν
1826 541 1983 630 ἡμῖν
1999 549 2069 612 οἰ
2086 544 2454 643 φύλακες

368 653 708 735 θεοσεβεῖς
748 670 820 712 τε
850 647 960 712 καὶ
994 652 1170 710 θεῖοι
1202 647 1591 729 γίγνεσθαι,
1633 641 1798 711 καθ’
1837 639 2002 710 οσον
2034 629 2452 733 ἀνθρώπῳ

369 749 474 815 ἐπὶ
495 755 802 814 πλεῖστον
825 739 970 813 οἷόν
986 768 1076 810 τε.
1141 742 1611 826 Παντάπασιν,
1639 749 1804 829 ἔφη,
1841 747 2045 828 ἔγωγε
2067 741 2225 823 τοὺς
2259 742 2379 810 τύ-

372 868 543 922 πους
563 843 845 922 τούτους
867 847 1191 927 συγχωρῶ
1211 842 1323 907 καὶ
1346 835 1435 918 ὥς
1455 838 1687 925 νόμοις
1706 834 1793 906 ἄν
1812 838 2100 928 χριόμην.

1315 1213 1385 1274 Γ.

233 1360 337 1417 335
541 1333 586 1395 1.
680 1332 775 1396 Τὰ
802 1332 924 1416 μὲν
952 1330 1032 1416 δὴ
1058 1332 1205 1416 περὶ
1222 1331 1459 1415 θεούς,
1497 1321 1586 1416 ἦν
1609 1326 1674 1395 δ’
1700 1327 1828 1414 ἐγώ
1845 1377 1864 1413 ,
1904 1328 2154 1397 τοιαῦτ’
2195 1330 2377 1413 ἄττα,

378 1425 466 1506 ὥς
493 1432 726 1509 ἔοικεν,
752 1424 1118 1497 ἀκουστέον
1136 1453 1206 1495 τε
1229 1429 1342 1496 καὶ
1362 1425 1487 1495 οὐκ
1510 1425 1875 1495 ἀκουστέον
1898 1422 2110 1506 εὐθὺς
2131 1431 2204 1496 ἐκ
2227 1432 2380 1494 παί-

375 1530 515 1593 δων
543 1538 677 1603 τοῖς
705 1523 911 1605 θεούς
930 1551 1000 1593 τε
1027 1525 1378 1614 τιμήσουσι
1410 1528 1522 1593 καὶ
1554 1525 1791 1610 γονέας
1826 1524 1951 1613 τήν
1983 1550 2053 1592 τε
2075 1521 2380 1613 ἀλλήλων

375 1628 604 1707 φιλίαν
625 1621 714 1708 μὴ
735 1624 884 1709 περὶ
905 1629 1190 1710 σμικροῦ
1213 1622 1687 1709 ποιησομένοις.
1735 1622 1866 1688 Καὶ
1893 1620 2079 1707 οἶμαί
2101 1620 2193 1709 γ’,
2227 1628 2378 1709 ἔφη,

376 1715 602 1805 ὀρθῶς
622 1717 780 1807 ἡμῖν
802 1728 1180 1806 φαίνεσθαι.
1244 1726 1328 1788 Τί
1344 1723 1417 1788 δὲ
1442 1718 1553 1807 δή;
1597 1728 1655 1787 εί
1689 1722 2042 1804 μέλλουσιν
2066 1718 2233 1788 εἶναι
2254 1718 2377 1787 ἀν-

373 1818 608 1905 δρεῖοι,
654 1812 767 1903 ἀρ’
804 1816 888 1885 οὐ
921 1817 1130 1885 ταῦτά
1162 1842 1233 1885 τε
1268 1822 1535 1885 λεκτέον
1571 1817 1682 1884 καὶ
1705 1810 1811 1884 οἷα
1845 1814 2091 1896 αὐτοὺς
2115 1826 2381 1904 ποιῆσαι

304 1939 342 1988 Β
375 1912 612 2001 ἥκιστα
634 1915 755 1982 τὸν
774 1912 1079 1984 θάνατον
1102 1917 1421 1983 δεδιέναι·
1403 1963 1423 1996 ,
1462 1909 1507 1999 ἦ
1527 1909 1678 2000 ἡγεῖ
1702 1912 1850 1983 τινά
1884 1912 2035 1983 ποτ’
2076 1941 2164 1983 αν
2193 1919 2381 2002 γενέ-

372 2022 534 2080 σθαι
558 2011 887 2098 ἀνδρεῖον,
926 2016 1158 2098 ἔχοντα
1180 2015 1254 2082 ἐν
1276 2010 1458 2103 αὑτῷ
1481 2020 1678 2081 τοῦτο
1712 2010 1786 2080 τὸ
1814 2016 2033 2099 δεῖμα;
2074 2012 2192 2081 Mo}
2225 2019 2378 2096 Δία,

371 2102 415 2197 ἦ
439 2106 503 2177 δ’
529 2106 634 2193 ὅς,
659 2107 784 2177 οὐκ
803 2114 1026 2195 ἔγωγε.
1088 2116 1172 2178 Τί
1190 2114 1294 2192 δέ;
1335 2107 1458 2178 τάν
1465 2108 1748 2179 Ἅιδου*
1714 2112 2091 2197 ηγούμενον
2123 2109 2297 2180 εἷναί
2310 2137 2380 2178 τε

372 2209 482 2275 καὶ
506 2204 689 2274 δεινά
714 2204 881 2274 εἶναι
903 2216 1027 2276 οἴει
1044 2205 1189 2275 τινὰ
1212 2205 1520 2277 θανάτου
1542 2203 1707 2296 ἀδεῆ
1727 2213 1999 2276 ἔσεσθαι
2017 2211 2127 2276 καὶ
2147 2211 2222 2277 ἐν
2242 2221 2382 2286 ταῖς

373 2302 607 2393 μάχαις
628 2305 1024 2390 αἶρήσεσθαι
1064 2305 1193 2394 πρὸ
1230 2306 1428 2394 ἥττης
1470 2334 1539 2376 τε
1571 2309 1683 2377 καὶ
1715 2311 2015 2387 δουλείας
2040 2308 2377 2389 &civatem

377 2401 722 2490 Οὐδαμῶς.
810 2412 941 2473 Δεῖ
959 2404 1042 2490 δή
1057 2455 1075 2488 ,
1120 2400 1207 2484 ὥς
1229 2409 1476 2490 ἔοικεν,
1516 2403 1688 2492 ἡμᾶς
1710 2407 2074 2473 ἐπιστατεῖν
2095 2407 2205 2473 καὶ
2232 2407 2380 2491 περὶ

375 2499 631 2570 τούτων
651 2510 785 2568 ταῖν
807 2502 1052 2588 μύθων
1085 2517 1218 2581 τοῖς
1252 2506 1654 2590 ἐπιχειροῦσι
1688 2506 1934 2588 λέγειν,
1980 2505 2090 2571 καὶ
2122 2507 2379 2572 δεῖσθαι

375 2596 465 2686 μὴ
508 2603 837 2685 λοιδορεῖν
878 2596 1100 2678 ἁπλῶς
1149 2599 1361 2680 οὕτως
1393 2597 1475 2668 τὰ
1511 2602 1585 2667 ἐν
1597 2598 1831 2669 ’Ἅιδου
1846 2652 1863 2685 ,
1911 2598 2079 2670 ἀλλά
2125 2608 2380 2687 μᾶλλον

296 2714 335 2766 G
374 2698 700 2784 ἐπαινεῖν,
727 2694 814 2777 ὥς
834 2697 974 2767 οὔτ’
1000 2695 1223 2786 ἀληθῆ
1243 2703 1556 2783 λέγοντας
1576 2696 1724 2766 οὔτ’
1751 2693 2049 2796 ᾥφέλιμα
2072 2713 2204 2779 τοῖς
2227 2706 2378 2767 ιιελ-

374 2803 565 2866 λουσι
585 2803 887 2881 μαχίμοις
909 2801 1196 2864 ἔσεσθαι.
1286 2805 1417 2865 Δεῖ
1435 2799 1691 2882 μέντοι,
1718 2802 1861 2882 ἔφη.
1925 2795 2379 2883 Ἐξαλείψομεν

375 2892 537 2979 ἀρα,
582 2886 668 2978 ἦν
691 2890 756 2960 δ’
782 2893 956 3004 576⁹.
988 2891 1116 2962 ἀπὸ
1150 2898 1350 2960 τοῦδε
1384 2902 1507 2962 τοῦ
1544 2900 1744 2974 ἔπους
1775 2891 2130 2980 ἀρξάμενοι
2165 2897 2378 2962 πάντα

374 3017 454 3060 τα
477 2996 777 3074 τοιαῦτα,

542 3092 911 3175 βουλοίμην
930 3114 971 3156 κ
979 3085 1390 3177 ’ἐπάρουρος
1411 3085 1541 3157 ἐών
1562 3091 1930 3177 θητευέμεν
1950 3087 2127 3182 αλλφ

543 3182 736 3272 ἀνδρὶ
756 3181 914 3264 παρ’
940 3181 1204 3278 ἀκλήρῳ
1232 3228 1308 3239 -
1332 3227 1416 3238 --

542 3277 587 3372 ἢ
608 3290 812 3353 παοἾιτ
832 3282 1144 3352 νεκύεσσι
1163 3288 1761 3371 καταφθιμένοισιν
1782 3282 2131 3356 ἀνάσσειν·

372 3383 481 3452 καὶ
513 3381 586 3452 vd
