2602 3928
939 195 1508 256 ΠΟΛΙΤΕΙΑΣ
1543 188 1616 254 δ.
2146 195 2268 259 103

1224 560 1312 618 Δ.

426 753 472 815 1.
539 748 669 815 Καὶ
691 743 727 813 6
762 746 1172 832 Ἀδείμαντος
1188 745 1552 833 ὑπολαβών
1581 752 1665 814 Τί
1680 739 1829 832 οὖν,
1854 754 2003 834 ἐφη,
2036 742 2091 816 οἶ
2112 748 2271 817 Σώ-

261 872 514 931 κρατες,
538 845 957 931 ἀπολογήσει,
993 844 1112 912 ἐάν
1131 852 1228 923 τίς
1249 863 1324 911 σε
1351 850 1448 931 φῇ
1475 841 1564 931 μὴ
1590 844 1770 911 πάνυ
1790 872 1853 912 τι
1875 842 2272 933 εὐδαίμονας

260 958 476 1012 ποιεῖν
508 942 794 1021 τούτους
825 940 985 1021 τοῦς
1022 942 1292 1029 ἄνδρας,
1326 945 1437 1010 καὶ
1468 949 1674 1009 ταῦτα
1706 941 1797 1010 δι’
1837 945 2138 1031 ἑαυτούς,
2174 938 2272 1014 ω”ν

259 1046 395 1109 ἔστι
427 1044 549 1127 μὲν
582 1038 625 1127 ἡ
661 1039 853 1119 πόλις
885 1046 969 1126 τῇ
1006 1038 1310 1128 ἀληθείᾳ,
1353 1043 1423 1106 οἱ
1459 1041 1532 1108 δὲ
1549 1106 1554 1113 ,
1572 1040 1780 1125 μηδὲν
1814 1038 2273 1111 ἀπολαύουσιν

260 1138 530 1226 ἀγαθὰν
550 1146 665 1225 τῆς
686 1138 959 1223 πόλεως,
985 1131 1132 1206 οἷον
1152 1136 1342 1205 ἄλλοι
1364 1137 1614 1221 ἀγρούς
1634 1163 1704 1205 τε
1739 1142 2128 1225 κεκτημένοι
2161 1143 2272 1208 καὶ

265 1243 479 1318 οἰκίας
524 1236 1075 1324 οἰκοδομούμενοι
1115 1235 1323 1314 καλὰς
1362 1237 1473 1302 καὶ
1515 1233 1803 1320 μεγάλας
1851 1240 1961 1305 καὶ
2005 1237 2273 1319 ταύταις

264 1339 650 1419 πρέπουσαν
670 1331 1088 1418 κατασκευὴν
1114 1331 1440 1418 κτώμενοι
1474 1333 1584 1399 καὶ
1615 1339 1861 1450 θυσίας
1888 1343 2076 1413 θεοῖς
2109 1340 2277 1415 ἰδίας

260 1431 548 1509 θύοντες
568 1457 676 1499 και
657 1434 1218 1515 ξενοδοκοῦντες,
1238 1432 1349 1498 καὶ
1370 1427 1451 1515 δὴ
1476 1425 1634 1496 καὶ
1604 1428 1649 1496 α’
1667 1438 1797 1497 νῦν
1819 1428 1900 1516 δὴ
1926 1430 2013 1499 σὺ
2035 1438 2272 1518 ἔλεγες,

263 1528 513 1619 χρυσόν
548 1554 619 1596 τε
653 1527 828 1596 καὶ”
784 1554 1085 1616 αργυρον
1114 1529 1501 1614 κεκτημένοι
1537 1515 1647 1594 καὶ
1675 1528 1894 1595 πάντα
1931 1527 2056 1596 ὅσα
2084 1536 2274 1616 νομί-

268 1634 438 1708 ζεται
459 1639 594 1705 τοῖς
613 1630 929 1711 μέλλουσι
959 1630 1307 1711 μακαρίοις
1335 1623 1536 1704 alvan
1576 1621 1723 1692 ἀλλ’
1761 1622 2065 1713 ἀτεχνῶς,
2112 1633 2274 1714 φαίη

267 1754 375 1809 αν,
403 1722 626 1808 ὥσπερ
648 1725 991 1811 ἐπίκουροι
1011 1724 1339 1810 μισθωτοὶ
1360 1726 1431 1790 ἐν
1466 1729 1547 1811 τῇ
1568 1723 1759 1790 πόλει
1779 1729 2133 1842 φαίνονται
2157 1750 2279 1791 κα·-
2310 1744 2414 1801 420

262 1831 528 1911 θῆσθαι
548 1818 747 1890 οὐδὲν
769 1819 933 1890 αλλο
970 1818 1017 1907 ἦ
1053 1826 1531 1907 φρουροῦντες.
1576 1825 1732 1905 Ναί,
1765 1813 1852 1906 ἦν
1881 1818 1944 1887 δ’
1978 1822 2128 1907 ἐγώ,
2166 1824 2274 1889 καὶ

264 1919 472 1993 ταῦτά
499 1946 574 2007 γε
600 1922 902 1990 ἐπισίτιοι
933 1922 1043 1989 καὶ
1066 1918 1223 1989 οὐδὲ
1244 1916 1496 2006 μισθὸν
1516 1915 1682 2002 πρὸς
1702 1932 1838 1998 τοῖς
1859 1926 2086 1998 σιτίοις
2106 1927 2275 2007 λαμ-

238 2020 585 2106 βαίνοντες
610 1995 833 2102 ὥσπερ
855 2022 926 2085 οἰ
941 2016 1149 2102 αλλοι,
1177 2014 1345 2084 ὥστε
1369 2015 1518 2084 οὐδ’
1556 2010 1645 2083 ἀν
1664 2013 2087 2103 ἀποδημῆσαι
2107 2019 2276 2104 βού-

268 2127 509 2187 λωνται
550 2120 706 2204 ἰδίᾳ,
745 2116 994 2195 ἐξέσται
1027 2111 1271 2198 αὐτοῖς,
1309 2110 1460 2182 οὐδ’
1499 2115 1782 2199 ἑταίραις
1823 2115 2087 2183 διδόναι
2121 2112 2269 2184 οὐδ’

267 2212 698 2282 ἀναλίσκειν’
666 2213 754 2281 ἀν
776 2236 891 2281 ποι
911 2213 1288 2300 βούλωνται
1310 2212 1568 2298 ἄλλοσε,
1601 2207 1707 2280 οἷα
1742 2213 1821 2298 δή
1860 2216 1928 2279 οἱ
1960 2210 2273 2299 εὐδαίμο-

264 2340 375 2393 νες
394 2317 749 2390 δοκοῦντες
769 2309 939 2379 εἶναι
960 2307 1410 2380 ἀναλίσκουσι.
1453 2319 1661 2380 ταῦτα
1682 2313 1791 2380 καὶ
1814 2309 1982 2381 ἄλλα
2003 2320 2275 2381 τοιαῦτα

269 2408 479 2497 συχνὰ
492 2416 609 2496 τῆς
628 2417 1025 2497 κατηγορίας
1045 2409 1436 2490 ἀπολείπεις.
1476 2405 1647 2478 ’Λλλ’
1654 2461 1673 2495 ,
1698 2403 1742 2497 ἦ
1766 2408 1828 2477 δ’
1859 2408 1954 2492 ὅς,
1975 2416 2141 2479 ἔστω
2166 2413 2344 2575 καὶΒ

266 2520 471 2580 ταῦτα
505 2511 1024 2597 κατηγορημένα.
1100 2517 1184 2577 Τί
1210 2536 1341 2577 ουν
1376 2511 1457 2596 δὴ
1491 2507 2071 2629 ἀπολογησόμεθα,
2106 2511 2268 2629 φήῃ

267 2617 420 2680 Ναί.
471 2607 621 2677 Τόν
642 2604 854 2675 αυτὸν
876 2599 1167 2693 οἷμον,”
1122 2634 1208 2694 ην
1241 2607 1305 2675 δ’
1344 2606 1496 2693 ἐγώ,
1527 2608 1969 2694 πορευόμενοι
1993 2526 2344 2695 εὑρήσω-Β

266 2735 411 2796 μεν,
441 2703 529 2785 ὥς
564 2698 902 2794 ἐγῷμαι,
876 2703 920 2772 οὶ
953 2709 1199 2773 λεκτέα.
1247 2709 1529 2791 ἐροῦμεν
1561 2706 1713 2791 γάρ,
1747 2704 1848 2774 ὅτι
1880 2703 2278 2791 θαυμαστὸν

269 2806 392 2892 μὲν
433 2831 522 2872 αν
563 2800 766 2872 οὐδὲν
808 2812 931 2890 εἴη,
981 2809 1043 2872 εί
1081 2805 1190 2874 καὶ
1232 2794 1422 2871 οὗτοι
1458 2802 1672 2882 οὕτως
1704 2801 2285 2888 εὐδαιμονέστατοί

268 2910 457 2989 εἰσιν,
483 2900 568 2971 ού
589 2900 727 2989 μὴν
747 2899 914 2987 πρὸς
930 2908 1129 2970 τοῦτο
1153 2904 1510 2989 βλέποντες
1541 2898 1663 2989 τὴν
1697 2900 1894 2969 πόλιν
1927 2905 2275 2987 οἰκίζομεν,

270 2999 450 3080 ὅπως
472 3002 548 3068 ἕν
570 3027 632 3068 τι
650 2997 808 3087 ἡμῖν
830 3005 1029 3088 ἔθνος
1052 3007 1233 3068 ἔσται
1267 2997 1718 3086 διαφερόντως
1749 2998 2090 3085 εὔδαιμον,
2125 2996 2271 3067 ἀλλ’

269 3097 448 3176 ὅπως
483 3095 521 3165 6
556 3124 619 3164 τι
653 3098 936 3183 μαλιστα
967 3096 1091 3184 ὅλη
1125 3125 1167 3183 η
1194 3098 1401 3177 πόλις.
1448 3093 1768 3186 ᾠήθημεν
1787 3094 1920 3183 γὰρ
1942 3099 2014 3164 ἐν
2036 3103 2116 3183 τῇ
2141 3120 2272 3163 τοι-

269 3192 438 3282 αύτῃ
476 3195 756 3279 μάλιστα
800 3221 887 3261 αν
923 3190 1143 3279 εὑρεῖν
1187 3194 1621 3280 δικαιοσύνην
1657 3197 1767 3263 καὶ
1801 3185 1890 3261 αὖ
1927 3196 2001 3262 ἐν
2035 3203 2116 3282 τῇ
2155 3194 2280 3261 κά·-

268 3311 457 3360 κιστα
478 3296 831 3381 οἰκουμένῃ
856 3291 1138 3378 ἀδικίαν,
1164 3291 1541 3372 κατιδόντες
1556 3295 1627 3361 δὲ
1643 3306 1867 3380 κρῖναι
1884 3318 1993 3377 αν,
2019 3288 2055 3359 6
2078 3289 2279 3359 πάλαι
2316 3299 2355 3349 0

270 3395 607 3477 ζητοῦμεν.
633 3399 764 3459 νῦν
784 3395 905 3478 μὲν
929 3384 1077 3477 οὖν,
1105 3388 1192 3470 ὡς
1214 3391 1517 3479 οἰόμεθα,
1541 3389 1669 3475 τὴν
1690 3387 2050 3475 εὐδαίμονα
2074 3384 2281 3455 πλάτ-
