2602 3928
1036 275 1507 331 PRAEFATIO.
2258 297 2333 336 av

179 403 536 478 μεταστροφὴ
574 408 671 462 καὶ
706 402 769 461 ἔκ
803 409 904 461 τοῦ
931 410 1228 478 καταγείου
1257 405 1339 468 εἰς
1373 406 1474 462 τὸν
1508 402 1670 477 ἥλιον
1700 403 1997 472 ἐπάνοδος.
2027 444 2099 455 -
2138 419 2196 469 Ρ.
2229 420 2332 471 524

179 483 219 533 Ε
250 475 496 549 πότερον
523 484 638 532 Par.
676 497 782 533 sec.
822 482 991 546 praef.
1029 483 1151 536 Tur.
1193 496 1247 547 p,
1277 481 1449 541 XXII,
1488 475 1739 546 ποτέρων
1772 483 1942 534 VBST
1971 494 2021 535 et
2056 485 2331 540 Schneide-

180 568 290 609 rus3
332 550 399 600 ci.
432 553 501 602 ad
535 551 793 601 Phaedon.
825 567 877 616 p.
909 551 981 602 78
1012 552 1069 600 Β.
1104 580 1164 589 --
1205 553 1262 605 Ρ.
1297 553 1400 602 525
1432 553 1478 601 Α
1514 547 1645 617 περὶ
1674 543 1736 601 τὸ
1773 543 1910 602 aito
1938 555 1977 605 P
2011 564 2062 606 et
2096 556 2161 617 V,
2198 553 2331 622 περὶ

178 612 312 671 αὐτὸ
350 619 473 670 BST
507 630 557 671 et
598 620 938 671 Schneiderus
974 634 1088 670 mm
1123 621 1304 686 paucis
1350 620 1523 686 libris,
1571 620 1767 671 scilicet
1801 624 1871 673 ad
1910 614 1977 672 ἓν
2022 624 2328 685 referentem

183 700 236 740 at
270 679 408 754 ὄφις
443 705 546 739 non
573 691 642 741 ad
669 681 735 739 ἓν
767 690 861 743 soc
894 690 961 740 ad
994 691 1162 755 ipsum
1183 681 1390 739 ταύτὸν
1418 692 1670 754 pertinet,
1703 692 1844 753 quod
1867 699 1924 741 ut
1949 707 2109 743 unum
2138 696 2331 759 pariter

178 775 238 810 ac
273 759 435 809 multa
471 763 609 810 cerni
643 761 880 824 proxima
916 759 1051 809 clare
1085 768 1312 811 narrant.
1383 759 1512 809 Ibid.
1549 755 1726 827 τούτῳ
1763 761 1800 809 Ρ
1836 775 1929 826 pro
1964 759 2156 823 τοῦτο,
2193 767 2332 828 quod

131 828 135 830 ⁷
178 832 223 879 si
259 831 333 879 ita
368 828 523 881 Schn.
565 837 758 887 tuetur,
794 837 851 878 ut
887 842 989 879 non
1026 829 1249 892 miidvis,
1289 829 1385 879 sed
1418 836 1609 880 certum
1644 829 1932 892 quoddam,
1961 833 2199 882 universo
2232 849 2325 884 nu-

178 913 317 949 mero
353 899 546 964 pariter
575 906 728 962 atque
756 899 848 947 uui
872 898 1103 950 accidere
1131 906 1333 964 arguat,
1371 898 1425 948 id
1451 899 1621 964 ipsum
1649 899 1803 949 etiam
1836 898 2038 950 dativus
2075 901 2325 953 declarat:

177 975 227 1018 et
259 968 709 1018 mercimonia-2⁶
741 967 1245 1034 eaquuaeundoe
1277 983 1437 1018 cazoea
1471 975 1568 1018 est.
1604 995 1670 1004 —
1705 966 1762 1021 P.
1802 968 1904 1020 525
1941 968 1982 1018 E
2018 961 2153 1036 δύο,
2192 972 2329 1034 quod

174 1038 289 1092 Par.
330 1051 447 1086 cum
487 1036 686 1087 duobus
722 1035 835 1086 aliis
869 1036 1050 1097 habet,
1099 1038 1197 1086 etsi
1233 1053 1329 1088 nec
1364 1037 1618 1102 enlicare
1652 1051 1747 1089 nec
1784 1037 2053 1088 emendare
2096 1054 2328 1105 possum,

56 1150 65 1155 .
174 1118 342 1156 tamen
357 1143 371 1165 ,
405 1120 472 1155 ne
507 1113 741 1156 vetustae
772 1105 1008 1157 lectionis
1045 1107 1264 1171 vestigia
1297 1108 1548 1171 perirent,
1588 1121 1705 1156 cum
1740 1105 1978 1157 cancellis
2013 1109 2222 1163 inserui.
2258 1137 2324 1147 -

174 1176 227 1224 P.
256 1177 361 1226 527
386 1174 431 1223 D
467 1165 651 1239 ἔμοιγ’
685 1160 789 1224 οὖν
823 1177 866 1225 v
900 1182 952 1225 «t
985 1175 1356 1242 samiam,
1391 1166 1516 1239 spot
1550 1172 1687 1240 γοῦν
1712 1174 1854 1239 ssu
1893 1185 1946 1226 at
1981 1177 2085 1226 mis
2121 1188 2171 1227 οι
2206 1177 2329 1230 libri

171 1246 381 1311 plurimi
418 1252 469 1294 et
504 1246 755 1295 sententia
782 1244 947 1303 favet,
985 1259 1117 1308 quae
1148 1244 1535 1295 affirmationem
1567 1245 1742 1310 potius
1774 1260 1926 1307 qnam
1961 1247 2327 1299 restrictionem

173 1314 426 1379 postulat;
460 1313 530 1364 cf.
554 1329 607 1379 p.
630 1312 733 1365 335
750 1315 810 1370 E.
829 1314 974 1365 -Ρ,
998 1313 1101 1367 529,
1117 1313 1159 1362 Β
1187 1303 1288 1363 ἐὰν
1314 1306 1381 1362 δέ
1405 1329 1491 1371 τις
1509 1315 1586 1377 Η,
1620 1304 1720 1364 ἐάν
1748 1307 1811 1365 τό
1831 1328 1920 1371 τις
1940 1312 2128 1375 VBST‚
2154 1318 2249 1367 sed
2272 1326 2327 1367 ut

173 1383 330 1435 Bekk.
353 1384 466 1447 ipse
491 1398 611 1434 mox
641 1382 757 1438 cod.
778 1384 916 1434 Mon.
937 1390 1139 1433 secutus
1161 1397 1348 1434 novam
1368 1384 1668 1434 sententiam
1692 1384 1756 1434 ab
1777 1384 1972 1434 iteratis
1994 1374 2095 1433 ἐὰν
2125 1377 2187 1434 δὲ
2205 1376 2324 1435 ἄνω

173 1467 283 1502 που
318 1445 571 1516 κεχηνὼς
603 1452 852 1512 ordiatur3
896 1467 1046 1517 quem
1083 1452 1179 1502 etsi
1212 1459 1347 1502 recte
1377 1450 1717 1502 Schneiderus
1749 1453 2186 1518 interpolationem
2219 1470 2325 1505 am-

172 1523 378 1585 plexum
408 1536 526 1571 esse
563 1522 954 1581 demonstravit,
994 1535 1151 1572 causa
1185 1528 1356 1571 tamea
1392 1521 1728 1586 interpolandi
1765 1530 1941 1571 nostra
1977 1522 2180 1572 demum
2217 1539 2325 1574 me-

173 1589 552 1651 dela-tollitur3
594 1591 680 1639 cui
716 1606 779 1640 ne
819 1591 934 1653 quis
978 1590 1078 1640 hoc
1125 1590 1365 1654 objiciat,
1413 1591 1552 1654 quod
1586 1605 1706 1640 mox
1742 1579 1863 1639 ἅνω
1898 1585 2121 1659 βλέπειν
2157 1593 2324 1643 solum

171 1661 420 1711 refutatur
434 1697 449 1721 ‚
489 1660 739 1709 sententia
782 1659 912 1709 haec
957 1667 1060 1718 est,
1106 1666 1370 1709 externum
1409 1668 1611 1725 gestum
1647 1658 1775 1709 nihil
1813 1660 1880 1710 ad
1916 1663 2324 1725 cognoscendam

170 1731 436 1780 veritatem
472 1727 674 1778 efficere
690 1765 704 1787 ‚
751 1743 845 1778 nec
879 1729 968 1790 qui
1005 1743 1208 1778 sursum
1247 1728 1423 1778 oculos
1458 1727 1633 1786 tollat,
1671 1728 1788 1792 plus
1826 1727 2009 1779 lucrari
2045 1744 2197 1792 quam
2235 1732 2323 1794 qui

170 1800 370 1863 obstipo
419 1799 623 1862 capite,
674 1807 731 1847 ut
775 1799 937 1848 Persii
976 1799 1127 1848 verbo
1164 1806 1308 1862 utar,
1345 1806 1536 1846 terram
1576 1796 1727 1863 θεαῖς
1772 1788 1922 1845 κάτω
1957 1792 2324 1862 ουμμεμυκῶς

169 1870 327 1932 igitur
362 1868 545 1917 eodem
584 1867 738 1916 modo
773 1868 1077 1917 sententiam
1112 1868 1401 1919 universam
1437 1867 1621 1926 reddit,
1662 1882 1763 1929 quo
1786 1857 1932 1931 ῥητὰ
1963 1861 2061 1916 καὶ
2086 1857 2319 1932 ἄρρητα,

167 1933 403 1994 δικαίως
433 1926 699 1997 κάδίκως,
733 1935 992 2000 multaque
1026 1936 1127 1988 alia
1158 1937 1290 1987 iuter
1321 1951 1378 1987 se
1413 1937 1668 1987 contraria
1700 1936 1768 1988 ad
1798 1935 2202 2001 qualemcunque
2238 1953 2322 1989 ca-

167 2023 277 2057 sum
322 2006 713 2072 significandum
753 2007 1065 2071 junguntur-3
1109 2005 1175 2059 cf.
1216 2006 1392 2073 Lange
1431 2006 1591 2060 vind.
1634 2014 1766 2072 trag.
1817 2020 2014 2059 roman.
2063 2020 2117 2071 p.
2153 2007 2223 2057 49
2273 2015 2322 2058 et

168 2078 351 2140 Haupt.
391 2074 630 2154 in'Verh.
674 2075 724 2125 d.
757 2075 933 2156 Leipz.
972 2074 1244 2126 Gesellscla.
1278 2076 1329 2125 d.
1371 2076 1529 2126 Wiss.
1565 2074 1729 2134 1849,
1762 2090 1814 2140 p.
1857 2073 1977 2128 173.
2015 2104 2085 2114 —
2120 2076 2179 2130 Ρ.
2218 2075 2321 2127 530

167 2145 204 2196 G
227 2136 368 2194 ἀλλὰ
403 2157 510 2207 γαρ
552 2158 607 2192 τι
640 2144 712 2204 Η,
749 2137 889 2192 ἄλλα
921 2136 1028 2208 γὰρ
1062 2142 1122 2193 τί
1155 2145 1270 2194 libri
1308 2151 1357 2194 et
1398 2145 1521 2194 editi
1556 2153 1606 2194 et
1640 2145 1817 2208 scripti
1851 2151 2053 2210 praeter
2085 2145 2239 2195 Vind.
2281 2145 2319 2195 F·

167 2224 214 2265 et
247 2214 388 2263 Mon.
427 2214 497 2273 B,
535 2228 664 2276 quos
700 2221 870 2264 tamen
903 2213 990 2263 hic
1022 2222 1158 2264 recte
1189 2214 1486 2265 emendatos
1521 2214 1762 2273 arbitron
1799 2210 1860 2261 τί
1888 2216 2024 2263 enim
2058 2204 2227 2263 οὐδὲν
2266 2215 2318 2262 in

284 2261 432 2334 cuso.
445 2283 722 2349 flagitaret,
760 2291 816 2332 ut
848 2283 942 2336 IX.
971 2286 1022 2344 2,
1049 2298 1101 2348 Ρ.
1131 2282 1233 2333 573
1265 2286 1329 2334 Α.
1367 2309 1436 2320 --
1469 2283 1527 2334 P.
1566 2281 1668 2333 532
1700 2283 1746 2332 Α
1778 2268 1886 2365 κᾶξν
1914 2274 1997 2362 μὴ
2032 2273 2252 2349 ἀποστῇ
2276 2283 2320 2331 H

50 2422 55 2426 ῃ
166 2371 208 2404 c.
285 2367 512 2401 ommero
547 2352 601 2400 in
631 2351 869 2405 Zeitschr.
901 2351 940 2406 1.
972 2354 1024 2403 d.
1062 2352 1162 2402 Alt.
1199 2351 1362 2412 1835,
1390 2366 1445 2417 Ρ.
1484 2350 1615 2410 987,
1646 2346 1744 2401 καὶ
1774 2366 1859 2432 yn
1894 2349 2113 2418 αποστῇ
2146 2349 2316 2402 VBST

166 2430 213 2471 et
249 2420 619 2481 Schneider-us,
664 2419 749 2469 hic
791 2429 964 2471 tamen
999 2424 1283 2487 praemisso
1320 2436 1435 2471 cnm
1472 2421 1617 2470 Astio
1652 2412 1866 2489 ὁρμςιν,
1919 2437 2019 2485 quo
2066 2422 2163 2471 etsi
2199 2435 2316 2471 sen-

163 2491 434 2542 tentiarum
456 2491 693 2554 ¹iunctura
713 2491 1027 2551 emendatur,
1060 2493 1326 2542 verborum
1352 2497 1606 2540 structura
1632 2490 1712 2541 vel
1743 2491 2037 2555 impeditior
2063 2490 2148 2548 flt;
2184 2504 2319 2540 nunc

164 2575 324 2623 aeque
370 2559 475 2609 leni
516 2558 718 2609 medela
762 2560 934 2610 omnia
977 2561 1028 2610 in
1074 2568 1265 2610 rectam
1299 2560 1438 2610 viam
1485 2559 1690 2612 abeunt.
1729 2587 1800 2597 --
1835 2561 1891 2609 P.
1928 2558 2032 2610 532
2067 2560 2107 2608 B
2145 2559 2316 2609 locum

158 2630 265 2692 jam
301 2644 333 2679 a
366 2627 594 2693 Rettigio
629 2626 833 2687 Quaest.
859 2628 988 2678 Plat.
1020 2628 1200 2680 Gissae
1228 2627 1382 2689 1831,
1421 2644 1471 2693 p.
1509 2630 1572 2679 17
1608 2642 1710 2679 non
1744 2627 2013 2679 infeliciter
2045 2636 2316 2678 tractatum

161 2698 425 2763 praeclara
449 2696 838 2762 Naegelsbachii
860 2699 1147 2764 conjectura
1182 2699 1215 2748 l.
1242 2715 1289 2749 c.
1315 2713 1368 2763 p.
1404 2697 1469 2748 18
1501 2690 1586 2748 ἔτ’
1609 2688 1897 2761 ἀδυναμία
1930 2712 2023 2762 pro
2054 2687 2152 2746 ἐπ’
2181 2688 2314 2746 α’δυ.

162 2764 339 2834 ναμίᾳ
362 2766 518 2831 plane
542 2767 768 2827 sanavit3
806 2782 860 2831 p.
890 2767 993 2819 533
1018 2767 1062 2817 Ε
1084 2777 1282 2832 autem,
1321 2766 1410 2817 ubi
1434 2766 1592 2832 vulgo
1621 2757 1738 2817 ἀλλ’
1762 2754 1795 2817 ὃ
1830 2753 1903 2815 ἂν
1935 2760 2117 2829 μόνον
2148 2763 2322 2830 δηλοῖ

160 2828 303 2905 πρᾷς
331 2829 445 2900 τὴν
468 2829 618 2897 λέξιν
655 2833 938 2905 σαφηνείᾳ
969 2836 1260 2903 legebatur,
1292 2836 1529 2903 graviore
1554 2837 1807 2887 medicina
1836 2850 1966 2901 opus
1993 2843 2115 2895 erat,
2153 2849 2315 2898 quan-

161 2921 313 2970 quam
356 2905 766 2970 interpolamenti
810 2907 1034 2972 vestigia
1077 2922 1192 2957 cum
1239 2905 1415 2957 Stallb.
1457 2913 1506 2955 et
1542 2903 1852 2957 Schneider-0
1890 2905 2128 2968 equidem
2174 2904 2310 2955 nulla

161 2972 504 3040 deprehendo.
543 2974 702 3024 Immo
740 2974 1044 3025 emendandi
1069 2978 1203 3027 viam
1233 2977 1343 3041 jam
1376 2977 1497 3025 Tur.
1529 2975 1852 3026 muniverunt
1886 2967 2007 3036 ἕξιν
2034 2989 2126 3039 pro
2160 2966 2312 3036 λέξιν

160 3059 224 3095 ex
270 3043 418 3095 libris
461 3042 571 3094 fere
619 3043 853 3095 omnibus
899 3052 1138 3096 revocato
1156 3089 1170 3112 ‚
1207 3045 1345 3095 unde
1386 3045 1433 3094 si
1469 3059 1671 3095 mecum
1706 3035 1814 3107 τὴν
1850 3035 1956 3105 ἔξω
1994 3035 2311 3107 σαφήνειαν

160 3113 486 3167 extricaveris
504 3149 518 3171 ,
566 3115 670 3163 vim
717 3122 852 3164 certe
891 3112 1053 3164 literis
1089 3127 1192 3165 non
1225 3122 1420 3165 tantam
1458 3114 1687 3164 attuleris
1719 3120 1961 3176 quantam
1998 3113 2308 3164 Winckelm.

158 3184 205 3232 in
244 3180 487 3233 Zeltschr.
522 3182 561 3232 f.
597 3182 646 3232 d.
688 3182 791 3232 Ait.
833 3181 985 3245 1840,
1018 3199 1073 3249 Ρ.
1109 3183 1246 3235 1282
1281 3174 1428 3247 πρὸς
1456 3174 1563 3247 τὴν
1597 3173 1845 3244 ἐξέτασιν
1878 3182 2177 3241 scribendo;
2217 3198 2311 3233 nec

156 3251 255 3301 nisi
303 3250 402 3301 hoc
436 3257 619 3310 restat,
655 3259 713 3302 ut
752 3253 865 3317 ipsa
900 3254 1149 3303 sententia
1184 3260 1303 3318 apto
1344 3254 1497 3303 verbo
1533 3251 1893 3315 concludatur,
1945 3268 2045 3315 quo
2086 3266 2309 3302 commo-

156 3320 272 3370 dius
317 3318 515 3369 nnllum
562 3322 731 3372 inveni
781 3336 932 3385 quam
979 3321 1116 3385 quod
1163 3321 1408 3373 facillime
1452 3330 1570 3373 aute
1615 3312 1836 3386 ἀρέσκει
1876 3320 2110 3372 excidere
2145 3322 2311 3384 potuit

152 3381 405 3451 ἀρκέσεις
442 3388 682 3440 confusas
719 3406 749 3439 a
776 3390 995 3441 librariis
1028 3392 1185 3442 habes
1219 3393 1371 3442 etiam
1402 3389 1636 3456 Xenoph.
1676 3390 1787 3458 Cyr.
1820 3391 1954 3440 VIII.
1988 3389 2038 3453 3,
2075 3388 2165 3443 46.
2205 3388 2311 3438 Hoc

153 3460 310 3524 igitur
347 3471 412 3510 ex
449 3461 667 3523 conject.
703 3460 920 3516 inserui:
966 3460 1164 3523 reliqua
1208 3468 1405 3521 autem,
1454 3461 1757 3523 quibuscum
1793 3457 2026 3510 conferas
2061 3456 2225 3521 Legg.
2265 3457 2306 3503 Ι.
