2602 3928
904 206 1482 266 ΠΟΛΙΤΕΙΑΣ
1510 200 1579 266 δ’.
2129 207 2249 271 121

236 369 488 450 μείζονί
518 392 652 433 τινι
680 372 815 432 τῶν
861 365 1151 451 ἐχόντων
1195 364 1633 450 δικαιοσύνην
1676 365 2002 455 πρότερον
2034 371 2247 438 ἐκεῖνο

236 463 764 550 ἐπιχειρήσαιμεν
776 462 1182 546 θεάσασθαι,
1197 464 1369 550 ῥᾷον
1403 457 1490 529 ἂν
1510 465 1584 530 ἐν
1607 463 1706 530 ἑνὶ
1730 460 2074 555 άνθρώπφ
2087 492 2252 536 κατ--

241 565 410 629 ιδεῑν
439 556 583 628 οἶόν
626 562 782 646 ἐστι,
804 562 917 628 καὶ
947 564 1128 640 ἔδοξε
1152 557 1233 646 δὴ
1266 556 1429 646 ἡμῖν
1464 568 1661 628 τοῦτο
1694 558 1863 628 εἶναι
1889 560 2098 649 πόλις,
2136 563 2328 632 καὶΕ

238 657 453 736 ούτως
475 655 864 748 ῷκίζομεν“
815 684 906 737 ως
925 658 1314 777 ἐδυνάμεθα
1336 652 1632 745 άρίστην,
1668 652 1746 726 εὖ
1770 659 2079 738 scedras-⁹
2039 681 2141 726 οτι
2178 665 2252 728 ἔν

236 780 314 840 γε
336 763 418 842 τῇ
438 753 666 843 ἀγαθῇ
692 782 779 822 αν
801 763 920 841 εἴη.
967 751 1006 823 ὃ
1027 780 1155 822 ουν
1185 752 1346 841 ἡμῖν
1380 758 1517 823 ἐκεῖ
1544 755 1785 842 ἐφάνη,
1818 759 2253 844 ἐπαναφέρω-

237 878 364 938 μεν
388 859 480 931 εἰς
502 851 624 920 τὸν
646 853 787 936 ἕνα,
810 851 943 920 κᾶν
965 853 1086 939 μὲν
1119 849 1538 938 ὁμολογῆται,
1575 861 1794 932 καλως
1829 857 1985 934 ἕξει·
2026 856 2144 922 ἐὰν
2179 859 2254 922 δέ

240 978 303 1019 τι
330 949 490 1019 ἄλλο
516 954 590 1017 ἐν
621 958 716 1039 τῷ
749 950 851 1017 ἑνὶ
883 951 1300 1036 ἐμφαίνηται,
1338 949 1540 1019 πάλιν
1577 952 1958 1032 ἐπανιόντες
1995 956 2100 1020 ἐπὶ
2132 949 2255 1037 τὴν

241 1047 439 1117 πόλιν
460 1054 934 1135 βασανιοῦμεν,
957 1049 1069 1115 καὶ
1097 1045 1242 1134 τάχ’
1267 1074 1357 1114 αν
1389 1074 1522 1134 παρ
1534 1045 1825 1143 ’άλληλα
1849 1056 2255 1128 σκοποῦντες
2279 1063 2390 1117 435

239 1149 353 1215 καὶ
371 1152 710 1233 τρίβοντες
731 1140 954 1233 ωσπερ
979 1149 1051 1214 ἐκ
1073 1152 1367 1230 πυρείων
1389 1147 1714 1233 ἐκλάμψαι
1726 1146 2120 1235 ποιήσαιμεν
2130 1142 2258 1233 τὴν

248 1242 704 1366 δικαιοσύνην,
730 1244 840 1311 καὶ
865 1242 1172 1329 φανερὰν
1206 1242 1575 1329 γενόμένην
1610 1241 2131 1330 βεβαιωσαιμεθ’
2168 1240 2257 1310 ἂν

245 1340 457 1427 αὐτὴν
479 1340 639 1428 παρ’
667 1338 821 1428 ἡμῖν
842 1338 1084 1464 αυτοῖς.
1123 1339 1292 1410 Ἀλλ’
1300 1349 1499 1428 ,ἔφη,
1532 1339 1699 1410 καθ’
1740 1340 1908 1411 ὁδόν
1944 1369 2016 1411 τε
2050 1345 2259 1428 λέγεις

245 1442 356 1510 καὶ
387 1452 602 1507 ποιεῖν
626 1438 749 1525 χρὴ
774 1436 1029 1517 οὕυώς.
1058 1432 1198 1524 Ap'
1233 1431 1383 1521 οὖν,
1420 1432 1508 1524 ἦν
1544 1436 1603 1505 δ’
1644 1440 1797 1526 ἐγώ,
1843 1438 1884 1508 ό
1901 1466 1979 1531 γε
1995 1437 2257 1508 ταύτὸν

242 1536 329 1605 ἄν
349 1562 446 1615 τις
469 1542 815 1621 προσείποι
836 1534 1058 1622 μεῖζόν
1079 1561 1149 1603 τε
1164 1539 1275 1605 καὶ
1298 1532 1644 1621 ἔλαττον,’
1605 1536 1930 1621 ανόμοιον
1950 1535 2260 1623 τυγχάνει

246 1630 329 1703 ὂν
351 1634 577 1721 ταύτῃ,
610 1625 659 1721 ᾗ
690 1631 935 1702 ταύτὸν
963 1627 1628 1722 προσαγορεύεται,νῆ
1662 1658 1931 1719 ομοιον;
1966 1632 2257 1721 Ὅμοιον,

245 1735 390 1817 ἔφη.
434 1734 570 1798 Καὶ
594 1735 847 1810 δίκαιος
869 1730 1000 1818 ἄρα
1021 1728 1193 1817 ἀνὴρ
1231 1734 1486 1807 δικαίας
1512 1728 1775 1810 πόλεως
1802 1728 1951 1798 κατ’
1983 1728 2145 1799 αὐτὰ
2182 1729 2256 1798 τό
2298 1746 2338 1795 Β

249 1836 366 1915 τῆς
398 1826 824 1914 δικαιοσύνης
860 1826 1033 1906 εἶδος
1067 1824 1271 1895 οὐδὲν
1307 1830 1560 1913 διοίσει,
1611 1825 1759 1895 ἀλλ’
1796 1827 2024 1916 ὅμοιος
2059 1834 2259 1895 ἔσται.

228 1926 520 2014 ’Όμοιος,
548 1932 695 2013 ἔφη.
735 1924 931 1994 Ἀλλά
954 1930 1180 2014 μέντοι
1215 1924 1407 2004 πόλις
1437 1950 1514 2012 γε
1548 1930 1775 2007 ἔδοξεν
1808 1925 1975 1996 εἶναι
2020 1931 2260 2012 δικαία,

246 2027 359 2096 ὅτε
380 2030 453 2094 ἐν
477 2023 646 2113 αὐτῇ
667 2027 891 2113 τριττὰ
904 2031 1062 2113 γένη
1080 2027 1355 2113 φύσεων
1377 2026 1615 2094 ἐνόντα
1636 2024 1709 2094 τὸ
1736 2024 1960 2095 αὑτών
1981 2029 2262 2095 ἕκαστον

244 2133 551 2213 ἔπραττε·
605 2125 898 2212 σώφρων
929 2127 1002 2194 δὲ
1035 2119 1272 2193 αὗκαὶ
1313 2121 1584 2209 ἀνδρεία
1618 2126 1729 2194 καὶ
1766 2123 1941 2211 σοφὴ
1979 2125 2090 2192 διὰ
2126 2132 2263 2194 τῶν

248 2224 474 2295 αὐτῶν
487 2224 748 2292 τούτων
759 2232 981 2311 γενῶν
1005 2221 1142 2293 ἄλλ’
1164 2224 1330 2293 ἅττα
1352 2224 1541 2311 πάθη
1564 2249 1635 2292 τε
1659 2226 1767 2292 καὶ
1791 2227 1971 2304 ἕξεις.
1991 2220 2259 2311 Ἀληθῆ,

254 2330 402 2409 ἔφη.
449 2326 582 2389 Καὶ
600 2319 723 2390 τόν
745 2324 865 2390 ἕνα
884 2324 1036 2409 ἄρα,
1064 2316 1119 2391 ώ
1141 2331 1320 2409 φίλε,-
1343 2320 1557 2402 οῧτως
1581 2319 1967 2409 ἀξιώσομεν,
1991 2323 2071 2391 τὰ
2096 2320 2263 2390 αὐτοὶ

252 2431 459 2491 ταῦτα
486 2426 625 2508 εἴδη
649 2425 726 2491 ἐν
747 2431 829 2509 τῇ
861 2421 1072 2491 αὑτοῦ
1106 2429 1285 2508 ψυχῇ
1321 2427 1574 2508 ἔχοντα,
1612 2422 1720 2488 διὰ
1751 2419 1830 2488 τὰ
1872 2418 2039 2489 αὐτὰ
2076 2419 2265 2507 πάθη
2304 2438 2341 2489 G

251 2526 526 2599 ἐκείνοις
547 2529 685 2588 ταῖν
708 2518 934 2589 αὐτῶν
959 2517 1311 2606 ὀνομάτων
1334 2517 1562 2605 ὀρθῶς
1576 2517 1931 2599 ἀξιοῦσθαι
1950 2528 2033 2606 τῇ
2054 2519 2263 2587 πόλει.

250 2626 450 2685 Πᾶσα
472 2617 752 2705 ἀνάγκη,
776 2625 923 2705 ἔφη.
959 2624 1081 2697 Εἰς
1103 2618 1371 2704 φαῦλόν
1390 2643 1465 2701 γε
1495 2610 1607 2703 αὖ,
1630 2610 1716 2704 ἦν
1741 2616 1806 2684 δ’
1832 2617 1984 2704 ἐγώ,
2009 2610 2063 2685 ώ
2084 2628 2267 2685 θαυ-

251 2714 469 2802 μάσιε,
518 2720 774 2802 σκέμμα
808 2716 1327 2802 ἐμπεπτώκαμεν
1365 2716 1519 2798 περὶ
1562 2722 1795 2832 ψυχῆς,
1840 2723 1969 2782 εἴτε
2014 2720 2145 2800 ἔχει
2182 2711 2265 2781 τὰ

250 2819 402 2903 τρία
433 2816 575 2898 εἴδη
593 2820 801 2879 ταῦτα
824 2815 899 2881 ἐν
922 2810 1094 2899 αυτῇ
1121 2822 1248 2880 εἴτε
1270 2812 1380 2899 μή.
1430 2808 1534 2878 Ού
1556 2809 1741 2878 πάνυ
1763 2835 1877 2896 μοι
1911 2813 2263 2897 δοκοῦμεν,

254 2916 407 2995 ἔφη,
446 2915 537 2988 εἰς
571 2917 852 2995 φαῦλον.
915 2919 1072 2989 ἴσως
1105 2911 1256 2995 γάρ,
1295 2902 1348 2975 ὦ
1382 2907 1757 2995 Σώκρατες,
1795 2907 1868 2975 τὰ
1906 2906 2270 2994 λεγόμενον

254 3005 599 3093 ἀληθές,”’
558 3032 661 3075 οτι
696 3006 948 3094 χαλεπά
985 3005 1067 3074 τὰ
1101 3006 1291 3074 καλά.
1363 3011 1700 3091 Φαίνεται,
1732 3031 1823 3093 ην
1867 3003 1926 3073 δ’
1957 3006 2115 3091 ἐγώ·
2156 3005 2268 3074 καὶ

255 3130 335 3173 ευ
356 3130 398 3190 γ
407 3102 612 3188 ’ἴσθι,
638 3131 689 3171 ω
718 3105 1065 3189 Γλαύκων,
1094 3101 1186 3183 ὡς
1205 3101 1247 3190 ἡ
1272 3101 1394 3190 ἐμὴ
1421 3102 1599 3187 δόξα,
1615 3100 1908 3190 άκριβως
1921 3102 2045 3190 μὲν
2064 3110 2262 3170 τοῦτο
2297 3129 2341 3181 ι)

255 3207 329 3270 ἐκ
349 3199 673 3270 τοιούτων
694 3202 1031 3289 μεθόδων,
1055 3205 1221 3281 οἵαις
1241 3211 1374 3270 νῦν
1411 3206 1486 3269 ἐν
1506 3216 1644 3279 τοῖς
1674 3202 1895 3287 λόγοις
1931 3200 2268 3288 χρώμεθα,

258 3297 342 3370 ού
371 3298 464 3386 μή
503 3321 660 3367 ποτε
695 3299 1004 3386 λάβωμεν
1021 3326 1034 3338 ·
1088 3298 1252 3385 ἄλλη
1288 3296 1420 3386 γὰρ
1457 3302 1831 3386 μακροτέρα
1875 3301 1985 3365 καὶ
2024 3303 2270 3363 πλείων

255 3393 477 3483 6δόςὴ
501 3397 603 3465 ἐπὶ
626 3404 824 3465 τοῦτο
851 3396 1138 3484 ἄγουσα·
1165 3406 1324 3475 ἴσως
1343 3401 1569 3483 μέντοι
1606 3402 1741 3464 τῶν
1763 3421 1841 3481 γε
1875 3401 2271 3479 προειρημέ-
