2602 3928
881 207 1454 266 ΠΟΛΙΤΕΙΑΣ
1488 201 1557 268 δ’.
2090 211 2209 278 111

192 373 507 434 τοιοῦτον
526 375 704 453 ποιῇ,
737 361 862 433 οὐκ
885 370 1230 434 ἐπαινέσει.
1275 364 1322 452 ἦ
1343 365 1428 433 ού
1463 374 1824 453 φαίνονταί
1838 390 1942 441 σοι
1964 371 2211 443 ταύτὸν

194 463 591 549 ἐργάζεσθαι
615 462 876 541 τούτοις
895 472 1033 531 τῶν
1053 456 1378 532 πόλεων
1338 486 1490 532 οσαι
1526 474 1744 546 κακῶς
1779 471 2210 558 πολιτευόμε-

198 588 311 630 ναι
335 560 867 648 προαγορεύουσι
889 575 1024 639 τοῖς
1044 566 1339 639 πολίταις
1357 558 1481 647 τὴν
1500 564 1623 646 μὲν
1658 564 2062 634 κατάστασιν
2095 577 2211 655 τῆς
2244 583 2281 635 c

196 657 452 736 πόλεως
472 654 638 743 ὅλην
663 657 752 743 μὴ
774 671 1005 741 κινεῖν,
1039 653 1128 736 ὥς
1150 655 1883 744 ἀποθανουμένους,ος
1903 689 1991 731 αν
2010 672 2209 733 τοῦτο

198 761 360 845 δρᾷ·
404 751 477 835 ὃς
503 752 562 822 δ’
601 782 688 822 αν
722 761 900 840 σφᾶς
931 780 1109 822 ουτω
1145 760 1695 842 πολιτευομένους
1726 757 1962 845 ήδιστα
1997 770 2211 849 θερα-

197 853 372 942 πεύῃ
409 856 519 922 καὶ
568 858 900 940 χαρίζηται
942 849 1328 938 ὑποτρέχων
1369 857 1478 921 καὶ
1529 856 2051 951 προγιγνώσκων
2092 861 2208 940 τὰς

197 954 522 1038 σφετέρας
561 952 912 1038 βουλήσεις
962 953 1073 1018 καὶ
1113 949 1357 1029 ταύτας
1400 951 1620 1032 δεινός
1661 948 1707 1041 ᾗ
1750 951 2206 1044 ἀποπληροῦν,

196 1040 396 1127 οὗτος
419 1073 550 1135 αρα
565 1045 825 1133 ἀγαθός
843 1073 913 1115 τε
937 1053 1117 1115 ἔσται
1138 1044 1315 1134 ἀνὴρ
1344 1051 1453 1116 καὶ
1474 1048 1688 1136 σοφός
1716 1079 1798 1120 τα
1825 1053 2078 1140 μεγάλα
2098 1057 2207 1123 καὶ

195 1145 535 1233 τιμήσεται
558 1142 689 1212 ὑπὸ
727 1151 954 1230 σφων;
1006 1141 1270 1212 Ταῦτόν
1307 1144 1429 1230 μὲν
1461 1139 1609 1232 οὖν,
1645 1154 1794 1235 ἔφη,
1831 1157 2049 1237 ἔμοιγε
2088 1157 2207 1220 δο-

197 1253 396 1313 κοῦσι
422 1247 614 1332 δρᾶν,
640 1243 750 1311 καὶ
778 1238 926 1309 οὐδ’
962 1238 1342 1310 ὁπωστιοῦν
1360 1246 1626 1313 ἐπαινω.
1719 1255 1803 1316 Τί
1825 1246 1892 1316 δ’
1925 1241 2015 1317 αὖ
2049 1249 2206 1329 τούς
2238 1253 2283 1303 Ι)

200 1345 521 1420 θέλοντας
543 1339 949 1425 θεραπεύειν
967 1338 1085 1419 τὰς
1103 1339 1415 1421 τοιαύτας
1434 1343 1656 1424 πόλεις
1676 1348 1786 1413 καὶ
1808 1356 2207 1434 προθυμου-

200 1444 439 1518 ιιένους
459 1437 585 1506 οὐκ
607 1437 848 1524 ἄγασαι
869 1444 985 1524 τῆς
1006 1435 1317 1523 ἀνδρείας
1336 1466 1405 1507 τε
1428 1443 1536 1508 καὶ
1549 1438 1909 1529 εὐχερείας·
1892 1494 1909 1526 ,
1937 1444 2180 1533 ’‘’Eymy
2184 1499 2205 1533 ‚

198 1546 348 1625 ἔφη,
372 1536 546 1623 πλήν
567 1534 635 1621 γ’
659 1532 806 1605 οσοι
832 1536 1321 1624 ἐξηπάτηνται
1285 1536 1400 1605 υπ’
1437 1536 1664 1608 αὐτων
1697 1543 1808 1610 καὶ
1849 1552 2101 1612 οἴονται
2129 1554 2209 1636 τῇ

197 1636 481 1724 ἀληθεία
516 1638 837 1703 πολιτικοὶ
872 1634 1142 1721 εἶναι,“
1102 1663 1204 1703 οτι
1236 1641 1664 1705 ἐπαινοῦνται
1700 1636 1834 1706 ὑπὸ
1869 1649 2006 1708 τῶν
2041 1638 2207 1709 πολ·-

199 1742 356 1802 λων.
421 1740 576 1812 Πως
596 1736 836 1818 λέγεις·
816 1783 836 1815 ,
883 1758 969 1801 ου
991 1733 1530 1820 συγγιγνώσκεις,
1552 1728 1639 1822 ἦν
1661 1734 1725 1804 δ’
1750 1738 1902 1823 ἐγώ,
1926 1753 2060 1817 τοῖς
2082 1736 2206 1806 ἀν-

198 1833 469 1920 δράσιν;
513 1827 558 1917 ἢ
579 1840 700 1899 οἴει
723 1826 948 1899 οἷόν’
887 1858 926 1899 τ
979 1830 1144 1900 εἶναι
1167 1829 1362 1919 ἀνδρὶ
1383 1831 1471 1919 μὴ
1498 1837 1904 1922 ἐπισταμένῳ
1920 1851 2203 1922 μετρεῖν,

160 1950 179 1959 “
199 1933 440 2015 ἑτέρων
459 1927 784 1998 τοιούτων
804 1937 1074 1999 πολλῶν
1094 1930 1428 2016 λεγόντων
1452 1930 1554 2000 ὅτι
1577 1932 1984 2020 τετράπηχύς
2004 1934 2201 2018 ἐστιν,

198 2026 407 2096 αὐτὸν
421 2035 630 2096 ταῦτα
652 2025 1068 2115 μὴῂγεῖσθαι
1089 2032 1238 2113 περὶ
1261 2027 1503 2113 αὐτοῦς
1528 2028 1675 2099 Οὐκ
1699 2023 1808 2115 αὖ,
1834 2037 1980 2118 ἔφη,
2004 2033 2204 2102 τοῦτο’
2236 2044 2277 2094 E

196 2152 291 2213 γε.
329 2125 451 2213 Μὴ
472 2130 705 2194 τοίνυν
724 2130 1099 2213 χαλέπαινε·
1120 2131 1229 2196 καὶ
1252 2127 1382 2214 γάρ
1398 2131 1532 2197 πού
1558 2136 1682 2199 εἰσι
1695 2129 1969 2198 πάντων
1988 2135 2204 2216 χαριέ-

198 2246 424 2294 στατοι
447 2228 517 2292 οί
530 2232 842 2310 τοιοῦτοι,
867 2229 1392 2311 νομοθετοῦντές
1414 2253 1483 2294 τε
1519 2221 1624 2295 οἶα
1660 2227 1809 2312 ἄρτι
1842 2228 2208 2315 διήλθομεν

197 2324 309 2393 καὶ
336 2326 872 2408 ἐπανορθοῦντες
907 2320 1008 2392 ἀεὶ
1044 2323 1347 2411 οἰόμενοί
1381 2352 1442 2393 τι
1476 2330 1680 2408 πέρας
1715 2322 2026 2411 εὑρήσειν
2057 2327 2208 2412 περὶ

196 2420 280 2490 τά
303 2426 378 2490 ἐν
399 2435 533 2500 τοῖς
556 2426 978 2508 ξυμβολαίοις
1000 2422 1515 2508 κακουργήματα
1547 2427 1658 2491 καὶ
1693 2426 1842 2506 περὶ
1875 2419 1917 2491 ἃ
1951 2430 2084 2491 νῦν
2125 2420 2206 2509 δὴ

198 2519 328 2606 ἐγώ
352 2526 599 2605 ἔλεγον,
625 2516 1025 2604 ἀγνοοῦντες
1046 2519 1150 2588 ὅτι
1173 2530 1266 2610 τῷ
1292 2519 1439 2589 ὄντι
1463 2511 1684 2604 ὥσπερ
1698 2520 1915 2606 ὕδραν
1927 2525 2209 2607 τέμνου-

198 2637 329 2685 σιν.
373 2621 505 2684 Καὶ
548 2617 701 2703 μήν.
747 2621 894 2703 ἔφη,
942 2615 1067 2684 οὐκ
1111 2616 1271 2687 ἄλλο
1308 2625 1377 2686 τί
1402 2644 1478 2703 γε
1517 2626 1844 2686 ποιοῦσιν.
1891 2616 2052 2704 Ἐγώ
2085 2619 2209 2702 μὲν
2240 2630 2337 2689 42¹1

200 2723 454 2798 τοίνυν,
479 2708 566 2802 ἦν
589 2712 649 2784 δ’
677 2715 829 2801 ἐγώ,
850 2712 926 2783 τό
950 2724 1259 2785 τοιοῦτον
1282 2714 1455 2794 εἶδος
1488 2717 1719 2803 νόμων
1752 2719 1901 2801 πέρι
1937 2716 2048 2784 καὶ
2083 2739 2209 2783 πο-
2299 2730 2306 2736 ’

198 2819 438 2892 λιτείας
457 2811 600 2880 οὔτ’
626 2815 702 2880 ἐν
723 2821 942 2892 κακῶς
954 2809 1099 2880 οὔτ’
1122 2816 1199 2882 ἐν
1221 2807 1300 2881 εὖ
1322 2816 1801 2901 πρλιτευομέυῃ
1812 2813 2000 2882 πόλει
2021 2809 2210 2903 ᾤμην

104 2927 107 2930 ’
200 2906 288 2978 ἀν
311 2915 451 2977 δεῖν
475 2907 594 2976 τὸν
614 2906 948 2994 ἀληθινὸν
968 2915 1345 2997 νομοθέτην
1379 2910 1984 3000 πραγματεύεσθαι,
2022 2913 2096 2977 ἐν
2127 2916 2209 2996 τῇ

200 3008 325 3096 μὲν
347 3005 450 3075 ὅτι
473 3005 787 3094 ἀνωφελῆ
807 3010 919 3075 καὶ
940 3012 1142 3077 πλέον
1162 3009 1386 3093 ὸύδέν,
1411 3011 1485 3076 ἐν
1508 3009 1578 3078 δὲ
1591 3016 1693 3098 τῇ,
1712 3005 1813 3075 ὅτι
1833 3005 1913 3075 τά
1936 3005 2059 3093 μὲν
2082 3003 2209 3074 αὐ-

201 3113 340 3175 τῶν
378 3100 507 3173 κᾶν
537 3102 853 3173 ὁστισοῦν
885 3103 1093 3189 εὕροι,
1126 3105 1318 3175 τὰδὲ
1353 3103 1456 3174 ὅτι
1487 3104 1826 3191 αύτόματα
1851 3111 2103 3174 ἔπεισιν
2134 3106 2206 3172 ἐκ

200 3212 338 3272 τῶν
360 3210 742 3291 ἔμπροσθεν
761 3204 1314 3290 ἐπιτηδευμάτων.
1381 3211 1466 3273 Τί
1483 3196 1630 3291 οὖν,
1654 3211 1804 3290 ἔφη,
1828 3208 1920 3271 ἔτι
1942 3198 2030 3269 ἀν
2049 3198 2209 3289 ἡμῖν
2243 3227 2283 3278 B

203 3300 441 3374 λοιπὸν
471 3308 587 3388 τῆς
606 3307 1009 3387 νομοθεσίας
1042 3311 1178 3388 εἴης
1220 3304 1329 3370 καὶ
1361 3302 1487 3388 ἐγω
1525 3301 1713 3370 εἶπον
1747 3300 1849 3368 ὅτι
1872 3295 2065 3385 Ἡμῖν
2091 3297 2214 3382 μὲν

200 3399 426 3485 οὐδέν,
447 3407 539 3490 τῷ
563 3402 787 3486 μέντοι
802 3396 1167 3469 Ἀπόλλωνι
1187 3409 1283 3488 τῷ
1305 3403 1381 3469 έν
1401 3407 1694 3486 Δελφοῖς
1723 3397 1806 3465 τά
1841 3421 1909 3463 τε
1943 3396 2212 3481 μέγιστα
