2602 3928
863 244 1441 302 ΠΟΛΙΤΕΙΑΣ
1482 238 1544 315 ζ’.
2086 242 2213 306 213

133 478 136 481 ,
193 415 378 493 χθαι,
405 405 514 471 καὶ
536 405 977 489 παραγγέλλει
998 408 1079 488 τῇ
1106 409 1284 489 ψυχῇ
1313 398 1399 480 ὡς
1428 399 1677 470 ταύτὸν
1700 403 1981 489 σκληρόι
2015 429 2084 472 τε
2104 407 2215 473 καὶ

198 501 503 590 μαλακὸν
528 501 1015 585 αἰσθανομένης
1062 498 1318 583 Οὕτως,
1345 505 1489 585 ἔφη.
1534 498 1830 586 Οὐκοῦν,
1857 494 1944 587 ἦν
1965 499 2031 569 δ’
2061 501 2212 588 ἐγώ,

194 599 560 686 ἀναγκαῖον
574 601 795 677 ἐν“τοῖς
811 597 1139 676 τοιούτοις
1152 591 1241 664 αὖ
1261 595 1387 683 τὴν
1408 596 1627 685 ψυχὴν
1649 597 1946 683 ἀπορεῖν,
1970 606 2037 666 τί
2055 624 2215 667 ποτε

195 706 501 787 σημαίνει
525 696 691 784 αὕτη
717 695 759 783 ἡ
789 706 1098 782 αἴσθησις
1120 694 1193 764 τὸ
1222 698 1538 783 σκληρόν,
1576 707 1760 783 εἴπερ
1794 697 1868 765 τὸ
1903 696 2064 766 αὐτὸ
2104 699 2215 766 καὶ

193 794 498 884 μαλακὸν
519 798 714 881 λέγει,
740 791 911 880 καὶὴ
934 802 1056 862 τοῦ
1076 795 1345 879 κούφου
1381 792 1553 880 καὶὴ
1587 804 1710 862 τοῦ
1742 798 1999 881 βαρέος,
2038 802 2105 863 τί
2136 796 2210 863 τό

194 903 462 981 κοῦφον
495 895 607 962 καὶ
639 892 838 981 βαρύ,
871 897 932 960 εἰ
960 891 1037 961 τό
1071 917 1141 960 τε
1173 890 1349 979 βαρὺ
1386 902 1651 979 κοῦφον
1682 896 1794 962 καὶ
1831 894 1906 962 τὸ
1950 902 2214 980 κοῦφον

188 992 368 1083 βαρὺ
391 998 728 1079 σημαίνεις
761 991 894 1059 Καὶ
921 991 1072 1083 γᾴρ,
1095 995 1246 1076 ἔφη,
1274 981 1474 1058 αὗταί
1490 1017 1566 1077 γε
1587 990 1822 1060 ἄτοποι
1842 1000 1922 1079 τῇ
1945 1001 2123 1080 ψυχῇ
2146 997 2218 1060 αί
2243 1017 2282 1067 Β

189 1098 527 1180 ἑρμηνεῖαι
548 1093 656 1160 καὶ
691 1092 1092 1170 ἐπισκέψεως
1133 1087 1458 1175 δεόμεναι.
1512 1089 1805 1168 Εἰκότως
1842 1089 1992 1174 ἄρα,
2023 1083 2110 1178 ἦν
2145 1088 2207 1158 δ’

188 1191 343 1278 ἐγώ,
364 1194 438 1259 ἐν
457 1204 592 1268 τοῖς
625 1188 950 1267 τοιούτοις
983 1195 1252 1273 πρῶτον
1287 1186 1409 1273 μὲν
1448 1195 1748 1271 πειρᾶται
1783 1187 2104 1275 λογισμόν
2141 1215 2212 1257 τε

189 1293 299 1359 καὶ
315 1289 553 1375 νόησιν
572 1284 751 1373 ψυχὴ
774 1294 1252 1371 παρακαλοῦσα
1274 1290 1673 1373 ἐπισκοπεῖν,
1691 1296 1819 1355 εἴτε
1844 1289 1917 1354 ἓν
1939 1296 2065 1355 εἴτε
2091 1288 2213 1355 δύο

194 1390 375 1457 ἐστὶν
398 1390 639 1455 ἕκαστα
660 1393 798 1455 των
818 1390 1439 1472 εἰσαγγελλομένων.
1486 1393 1642 1463 Πῶς
1674 1382 1739 1451 δ’
1776 1383 1893 1465 οὕς
1939 1386 2213 1454 Οὐκοῦν

59 1572 65 1575 V
192 1485 311 1555 έαν
351 1486 477 1554 δύο
512 1490 851 1571 φαίνηται,
886 1482 1119 1571 ἕτερόν
1147 1510 1215 1551 τε
1249 1487 1362 1552 καὶ
1405 1487 1480 1552 ἓν
1523 1484 1838 1568 ἑκατερον
1874 1490 2209 1569 φαίνεται;

195 1589 350 1652 Ναί.
398 1588 485 1651 Εἰ
515 1581 644 1667 ἄρα
680 1585 756 1650 ἓν
790 1582 1124 1667 ἑκάτερον,
1164 1581 1509 1668 ἀμφότερα
1554 1582 1627 1649 δὲ
1671 1582 1816 1668 δύο,
1850 1582 1933 1649 τα’
1980 1609 2056 1669 γε
2084 1582 2207 1650 δύο

195 1682 644 1767 κεχωρισμένα
680 1680 934 1765 νοήσει·
981 1678 1065 1747 οὐ
1097 1706 1226 1766 γαρ
1261 1676 1348 1747 ἄν
1383 1679 1713 1767 (ἔχω’ριστα
1746 1705 1824 1766 γε
1856 1680 1980 1747 δύο
2017 1679 2208 1762 ἐνόει,

195 1776 347 1848 αλλ’
375 1805 467 1846 εν.
506 1777 780 1866 Ὀρθως.
834 1781 1024 1863 Μέγα
1047 1804 1181 1864 μην
1219 1778 1330 1845 καὶ
1365 1777 1517 1858 ὄψις
1550 1779 1659 1846 καὶ
1699 1774 1978 1864 σμικρὰν
2014 1777 2282 1861 ἑώρα,ο

199 1882 441 1966 φαμέν,
480 1874 633 1945 ἄλλ’
669 1875 753 1945 οὐ
786 1878 1273 1999 κεχωρισμένον
1310 1874 1476 1945 ἄλλα
1509 1879 2003 1962 συγκεχυμένον
2043 1902 2122 1943 τι.
2166 1869 2213 1962 ἦ

191 1977 355 2063 γάρς
407 1983 562 2044 Ναί.
604 1973 741 2044 Δια
787 1975 860 2046 δὲ
902 1974 1028 2062 τὴν
1070 1976 1315 2044 τούτου
1356 1976 1729 2062 σαφήνειαν
1770 1978 1935 2061 μέγα
1973 1968 2061 2041 αὖ
2104 1977 2215 2043 καὶ

198 2073 484 2161 σμικρὸν
504 2072 544 2161 ἡ
569 2073 799 2162 νόησις
819 2071 1219 2160 ήναγκασθη
1243 2078 1430 2160 ἰδεῖν,
1459 2070 1540 2141 ού
1566 2078 2022 2160 συγκεχυμένα
2045 2070 2211 2142 αλλὰ

204 2173 624 2257 διωρισμένα,
662 2169 1061 2239 τούναντίον
1081 2166 1126 2257 ἦ
1156 2168 1382 2257 ’κείνη.
1447 2167 1716 2256 Ἀληθῆ.
1785 2167 2062 2237 Οὐκοῦν
2101 2174 2215 2238 ἐν-

200 2272 445 2338 τεῦθέν
493 2278 711 2337 ποθεν
754 2276 1021 2353 πρῶτον
1063 2272 1398 2355 ἐπέρχεται
1445 2269 1717 2352 ἐρέσθαι
1751 2263 1930 2354 ἡμῖν,
1966 2274 2035 2336 τί
2088 2260 2214 2335 οὖν

200 2367 352 2436 ποτ’
375 2368 508 2435 ἐστὶ
526 2366 600 2435 τό
626 2371 790 2453 μέγα
812 2360 902 2434 αὖ
923 2370 1032 2435 καὶ
1054 2367 1126 2436 τὸ
1152 2368 1470 2455 σμικρόν;
1504 2368 1899 2435 Παντάπασι
1922 2367 2043 2453 μὲν
2064 2360 2210 2436 οὖν.
2283 2415 2289 2424 ·

196 2470 327 2533 Καὶ
364 2464 542 2533 οὕτω
589 2463 669 2553 δὴ
715 2464 788 2533 τὸ
834 2465 957 2551 μὲν
999 2467 1262 2552 νοητόν,
1289 2464 1366 2534 τὰ
1402 2464 1470 2533 δ’
1504 2462 1751 2549 ὁρατὸν
1794 2466 2211 2551 ἐκαλέσαμεν.

188 2561 558 2652 Ὀρθότατ’,
584 2568 731 2651 ἔφη.
1047 2597 1052 2604 ·
2241 2591 2282 2639 1)

139 2687 169 2706 ⁶
365 2666 520 2729 vlll.
572 2668 797 2730 Ταῦτα
818 2669 1050 2730 τοίνυν
1063 2664 1172 2730 καὶ
1187 2662 1336 2747 ἄρτι
1356 2666 1739 2749 ἐπεχείρουν
1760 2665 1998 2749 λέγειν,
2026 2660 2111 2742 ὡς
2134 2661 2213 2731 τὰ

198 2761 317 2846 μὲν
337 2760 789 2847 παρακλητικὰ
814 2769 927 2846 τῆς
951 2764 1245 2839 διανοίας
1268 2762 1423 2846 ἐστί,
1449 2759 1527 2828 τοὶ
1554 2757 1618 2827 δ’
1643 2757 1748 2846 οὔ,
1773 2757 1817 2827 ἃ
1840 2760 1966 2846 μὲν
1988 2765 2079 2838 εἰς
2091 2758 2212 2846 τὴν

203 2870 517 2946 αἴσθησιν
540 2856 676 2945 ἅμα
700 2872 836 2937 τοῖς
868 2862 1190 2939 ἐναντίοις
1225 2862 1483 2939 ἑαυτοῖς
1515 2861 1833 2945 ἐμπίπτει,
1869 2867 2214 2944 παρακλη-

197 2957 342 3025 τικὰ
388 2956 786 3043 ὁριζόμενος,
826 2955 952 3025 ὅσα
989 2957 1062 3026 δὲ
1100 2958 1212 3045 μή,
1249 2958 1373 3029 οὐκ
1408 2956 1706 3045 ἐγερτικὰ
1750 2965 1866 3044 τῆς
1900 2957 2209 3045 νοήσεως.

198 3054 561 3122 Μανθάνω
582 3061 816 3123 τοίνυν
847 3055 997 3142 ἤδη,
1021 3060 1167 3142 ἔφη,
1192 3058 1301 3123 καὶ
1324 3059 1514 3124 δοκεῖ
1529 3081 1642 3142 μοι
1674 3054 1903 3135 οὕτως.
1950 3063 2031 3125 Τί
2049 3050 2211 3138 οὖν;

199 3150 486 3240 ἆροθμός
528 3168 598 3220 τε
638 3157 748 3221 καὶ
787 3151 859 3221 τὸ
907 3153 1287 3237 ἓνπότερον
1314 3158 1514 3246 οδοκεῖ
1546 3152 1746 3236 εἷναι;
1796 3152 1898 3222 Οὐ
1927 3159 2211 3239 ξυννοω,

202 3259 343 3339 ἔφη.
389 3247 562 3319 Ἀλλ’
592 3254 664 3318 ἐκ
706 3259 843 3318 τῶν
878 3257 1399 3338 προειρημένων,
1446 3259 1639 3338 ἔφην,
1688 3252 2098 3337 ἀναλογίζου.
2157 3256 2218 3317 εἰ

201 3349 317 3435 μὲν
348 3346 478 3436 γὰρ
513 3354 761 3427 ἱκανῶς
794 3346 955 3417 αὐτὸ
993 3348 1155 3418 καθ’
1185 3348 1344 3417 αὑτὰ
1385 3349 1620 3433 ὁρᾶται
1649 3346 1693 3436 ἢ
1731 3350 1895 3437 ἄλλῃ
1939 3352 2066 3417 τινὶ
2109 3353 2214 3415 αἰ·-

202 3447 436 3535 σθήσει
468 3445 873 3537 λαμβάνεται
907 3445 981 3516 τὸ
1016 3451 1112 3538 ἓν,
1144 3446 1269 3519 οὐκ
1307 3448 1393 3518 ἄν
1429 3447 1633 3518 ὁλκὸν
1667 3459 1765 3535 εἴη
1803 3450 1906 3516 ἐπὶ
1930 3446 2052 3533 τὴν
2089 3446 2208 3514 οὐ·
2239 3470 2278 3519 Ε
