2602 3928
394 264 517 328 132
1126 253 1697 315 ΠΛΑΤῼΝΟΣ

392 452 477 512 τι,
503 422 701 511 οἶμαι,
727 419 1035 507 δόξαιμεν
1067 415 1457 498 ψεύδεσθαι.
1514 413 1636 481 Mo}
1677 419 1813 481 Δία
1846 410 1931 480 ού
1965 415 2211 499 μέντοι,
2253 416 2401 498 ἔφη.

397 530 638 608 Φῶμεν
671 546 837 604 αρα;
882 523 1145 602 Φῶμεν.

560 621 767 686 XVIII.
793 615 1004 684 Ἔστω
1026 613 1129 699 δή,
1151 605 1241 697 ἦν
1263 609 1328 678 δ’
1350 609 1510 696 ἐγώ·
1536 607 1696 695 μετὰ
1708 606 1836 693 γὰρ
1848 616 2045 676 τοῦτο
2062 610 2401 691 σκεπτέον,

394 717 591 805 οἶμαι,
614 713 896 782 ἀδικίαν.
941 718 1172 798 Δῆλον
1193 707 1315 775 ο’τι.
1370 707 1643 775 Οὐκοῦν
1666 705 1900 772 στάσιν
1918 705 2068 774 τινὰ
2092 697 2181 772 αὖ
2199 712 2405 791 τριῶν

322 830 363 884 Β
397 815 615 883 όντων
637 812 897 880 τούτων
921 814 1026 877 δεῖ
1039 805 1253 893 αὐτὴν
1276 803 1446 873 εἶναι
1470 805 1581 870 καὶ
1615 802 2273 890 πολυπραγμοσύνην
2296 803 2405 869 καὶ

394 906 1182 994 ἀλλοτριοπραγμοσύνην
1205 904 1317 972 καὶ
1351 900 1796 970 ἐπανάστασιν
1822 904 2064 986 μέρους
2097 898 2278 979 τινος
2310 906 2402 988 τῶ

396 1007 531 1099 ολφ
552 1015 667 1092 τῆς
687 1008 974 1092 ψυχῆς,“
943 1002 1035 1072 ιν’
1058 1003 1229 1090 ἄρχῃ
1252 1005 1327 1068 ἐν
1350 995 1521 1085 αὐτῇ
1549 995 1632 1066 ού
1656 1006 2020 1086 προσῆκον,
2055 995 2222 1066 ἀλλά
2264 1023 2406 1064 τοι-

399 1105 606 1173 ούτου
628 1130 821 1181 οντος
839 1103 1057 1186 φύσει,
1084 1104 1230 1167 οἵου
1251 1100 1528 1183 πρέπειν
1561 1094 1743 1186 αὐτῶ
1782 1094 2126 1164 δουλεύειν
2155 1102 2247 1184 τῷ
2280 1104 2406 1163 τοῦ

399 1200 679 1320 ἀρχικοῦ
709 1199 1007 1286 γένους’
983 1201 1160 1279 όντι;
1203 1194 1459 1264 τοιαῦτ’
1502 1195 1684 1280 ἄττα,
1723 1193 1923 1281 οἶμαι,
1962 1193 2264 1280 φήσομεν
2295 1195 2406 1261 καὶ

395 1300 521 1385 τὴν
547 1297 804 1366 τούτων
824 1295 1114 1383 ταραχὴν
1134 1297 1244 1363 καὶ
1265 1294 1527 1380 πλάνην
1552 1292 1721 1362 εἶναι
1741 1290 1865 1378 τήν
1897 1317 1969 1360 τε
1998 1289 2262 1360 ἀδικίαν
2294 1293 2407 1360 καὶ
2501 1293 2505 1296 ⁴

400 1395 765 1463 ἀκολασίαν
784 1396 894 1462 καὶ
919 1398 1186 1514 δειλίαν
1190 1393 1299 1460 καὶ
1335 1389 1636 1477 ἀμαθίαν
1656 1392 1767 1458 καὶ
1791 1390 2162 1478 ξυλληβδην
2184 1396 2407 1456 πᾶσαν

326 1510 366 1561 c
400 1497 655 1559 κακίαν.
709 1487 932 1558 Ταύτά
955 1491 1077 1576 μὲν
1100 1481 1229 1556 οὖν
1249 1495 1479 1574 ταῦτα,
1502 1493 1650 1574 ἔφη.
1701 1485 1995 1572 Οὐκοῦν,
2030 1479 2118 1572 ἦν
2154 1484 2219 1555 δ’
2252 1484 2404 1573 graf,

398 1591 508 1657 καὶ
529 1587 602 1656 τὰ
630 1588 825 1656 αδικα
846 1589 1277 1673 πράττεινκαὶ
1292 1584 1367 1654 τὸ
1390 1584 1644 1654 ἀδικεῖν
1663 1585 1775 1653 καὶ
1798 1577 1890 1651 αὖ
1908 1582 1983 1651 τὰ
2017 1589 2236 1652 δίκαια
2256 1609 2408 1651 που·

403 1700 520 1771 εῖν,
563 1695 769 1754 ταῦτα
807 1686 1021 1755 πάντα
1054 1684 1365 1772 τυγχάνει
1400 1682 1562 1751 ὄντα
1607 1683 1944 1769 κατάδηλα
1981 1681 2109 1769 ἤδη
2151 1687 2404 1767 σαφῶς,

401 1791 585 1869 εἴπερ
607 1787 719 1853 καὶ
740 1783 783 1872 ἡ
804 1784 1023 1853 ἀδικία
1038 1810 1109 1852 τε
1144 1786 1254 1850 καὶ
1288 1779 1712 1866 δικαιοσύνῃ
1762 1787 1921 1858 Πῶς
1954 1780 2071 1866 δή;
2122 1777 2283 1865 Ὅτι,
2318 1773 2407 1866 ἦν

401 1877 464 1947 δ’
491 1883 641 1964 ἐγώ,
665 1882 973 1968 τυγχάνει
1007 1881 1207 1949 οὐδὲν
1245 1881 1646 1964 διαφέροντα
1679 1887 1814 1946 τῶν
1848 1874 2159 1963 ὑγιεινῶν
2190 1902 2261 1945 τε
2298 1881 2408 1945 καὶ

401 1984 744 2061 νοσωδῶν,
770 1977 859 2057 ῶς
880 1984 1097 2047 ἐκεῖνα
1119 1984 1190 2044 ἐν
1213 1978 1486 2063 σώματι,
1510 1986 1717 2045 ταῦτα
1740 1981 1812 2046 ἐν
1836 1986 2033 2065 ψυχῇ.
2082 1984 2194 2064 Πῇ
2206 2005 2223 2056 ;
2258 1982 2405 2062 ἔφη.

411 2075 507 2141 To}
531 2076 653 2160 μέν
675 2098 809 2142 που
829 2071 1085 2159 ὖγιεινά
1114 2071 1373 2160 ὑγίειαν
1389 2078 1661 2162 ἐμποιεῖ,
1693 2073 1774 2143 τὰ
1798 2078 1871 2143 δὲ
1892 2075 2155 2160 νοσῶδη
2178 2075 2407 2142 νόσον.

404 2177 556 2239 Ναί.
602 2171 877 2239 Οὐκοῦν
917 2174 1024 2240 καὶ
1067 2172 1140 2239 τὸ
1188 2174 1312 2259 μὲν
1358 2177 1575 2241 δίκαια
1620 2174 1932 2258 πράττειν
1974 2172 2410 2259 δικαιοσύνην

322 2289 366 2339 D
405 2273 676 2356 ἐμποιεῖ,
700 2269 773 2337 τό
800 2265 864 2337 δ’
900 2268 1095 2337 ἄδικα
1134 2266 1429 2352 ἀδικίαν;
1487 2270 1792 2357 Ἀνάγκη.
1815 2267 2032 2339 υΈστι
2070 2271 2142 2340 δὲ
2175 2270 2250 2338 τὰ
2287 2269 2411 2356 μὲν

403 2363 662 2452 ὑγίειαν
692 2381 906 2442 ποιεῖν
938 2367 1017 2435 τὰ
1050 2372 1122 2435 ἐν
1153 2376 1248 2457 τῶ
1282 2368 1535 2455 σῶματι
1567 2369 1732 2437 κατὰ
1768 2368 1978 2453 φύσιν
2009 2366 2415 2437 καθιστάναι

404 2478 672 2550 κρατεῖν
691 2489 762 2531 τε
782 2465 892 2532 καὶ
913 2474 1303 2550 κρατεῖσθαι
1324 2462 1442 2532 ὑπ’
1468 2462 1792 2560 ἀλλήλων,
1816 2463 1889 2533 τὸ
1907 2469 1981 2533 δὲ
1998 2492 2075 2535 νο
2062 2466 2207 2534 ’σον
2228 2463 2412 2586 παρά

408 2560 617 2648 φύσιν
645 2558 872 2648 α’ρχειν
888 2589 960 2630 τε
980 2564 1090 2631 καὶ
1110 2561 1434 2649 άρχεσθαι
1454 2563 1615 2630 άλλο
1639 2588 1735 2630 υπ
1746 2562 2010 2632 ἀλλου.
2045 2562 2226 2631 ”Edu
2259 2564 2409 2649 γάρ.

409 2655 686 2727 Οὔκουν
707 2686 816 2746 αυ,
839 2664 1031 2746 ἔφην,
1053 2659 1128 2727 τὸ
1155 2653 1588 2746 δικαιοσύνην
1610 2663 1904 2747 ἐμποιεῖν
1924 2658 2005 2728 τὰ
2029 2664 2101 2727 ἐν
2122 2668 2201 2747 τῇ
2232 2668 2413 2783 ψυχῇ

410 2753 576 2824 κατὰ
612 2755 826 2840 φύσιν
861 2761 1259 2825 καθιστάναι
1291 2772 1557 2843 κρατεῖν
1598 2783 1669 2825 τε
1711 2759 1824 2826 καὶ
1867 2767 2253 2843 κρατεῖσθαι
2288 2755 2412 2824 ὑπ’

406 2850 730 2939 ἀλλήλων,
754 2852 828 2920 τὸ
856 2854 927 2921 δὲ
951 2852 1212 2923 ἀδικίαν
1244 2855 1424 2939 παρὰ
1464 2854 1673 2941 φύσιν
1711 2854 1940 2942 ἄρχειν
1971 2881 2041 2922 τε
2073 2859 2184 2924 καὶ
2216 2854 2414 2943 ἄρχε-

407 2964 570 3021 σθαι
591 2952 753 3021 ἄλλο
775 2950 893 3020 ὑπ’
917 2952 1157 3036 ἄλλους
1201 2958 1480 3040 Κομιδῇ,
1511 2959 1656 3040 ἔφη.
1716 2952 1937 3040 Ἀρετὴ
1975 2958 2096 3040 μὲν
2135 2952 2287 3037 ἄρα,
2325 2952 2414 3033 ῶς

331 3074 373 3124 Ε
410 3056 642 3136 ἔοικεν,
667 3047 880 3135 ὑγίειά
902 3053 978 3119 τέ
992 3078 1090 3131 τις
1110 3047 1195 3119 ἀν
1234 3062 1335 3138 εἴη
1373 3054 1484 3120 καὶ
1517 3051 1758 3130 κάλλος
1791 3054 1902 3119 καὶ
1937 3046 2151 3131 εὐεξία
2175 3058 2409 3138 ψυχῆς,

408 3155 606 3216 κακία
630 3149 699 3217 δὲ
724 3148 925 3227 νόσος
943 3174 1012 3216 τε
1040 3150 1151 3217 καὶ
1172 3149 1393 3236 αἶσχος
1423 3152 1531 3218 καὶ
1566 3147 1903 3217 ἀσθένεια.
1953 3146 2179 3217 Ἔστιν
2212 3148 2411 3217 οὕτω.

399 3236 540 3334 Ἆρ’
566 3240 694 3315 οὖν
720 3246 805 3316 ού
826 3249 937 3316 καὶ
957 3246 1038 3316 τά
1060 3248 1182 3336 μὲν
1204 3247 1372 3317 καλὰ
1386 3248 1864 3336 ἐπιτηδεύματα
1885 3254 1977 3328 εἰς
1996 3245 2231 3337 ἀρετῆς
2250 3259 2414 3336 κτῆ-

408 3365 516 3413 σιν
538 3351 743 3433 φέρει,
765 3346 846 3415 τὰ
870 3345 937 3414 δ’
963 3346 1194 3435 αἰσχρὰ
1220 3354 1312 3427 είς
1332 3355 1591 3427 κακίας;
1630 3346 1930 3435 Ἀνάγκη.

574 3446 727 3513 XIX.
779 3446 870 3512 T6
895 3443 976 3532 δὴ
1001 3445 1237 3514 λοιπόν
1254 3443 1405 3533 ἤδη,
1430 3444 1518 3524 ῶς
1537 3450 1773 3532 ἔοικεν,
1806 3442 1967 3533 ἡμῖν
2000 3449 2137 3515 ἐστὶ
2160 3449 2419 3528 σκέψα·
