2602 3928
273 205 338 262 17
1082 203 1543 263 ΤΙΜΑΙΟΣ.
2161 181 2286 265 335

268 360 685 448 παράδειγμα
726 364 1372 448 δεδημιουργημένος
1424 367 1620 430 ἔσται.
1687 360 1760 430 τὸ
1803 363 1933 449 γὰρ
1977 364 2280 449 περιέχον

264 457 502 545 πάντα,
537 458 753 529 ὁπόσα
798 457 1005 548 νοητὰ
1041 465 1191 544 ζωα,
1226 456 1389 545 μεθ’
1422 462 1649 545 ἑτέρου
1682 461 1994 548 δεύτερον
2030 459 2156 530 οὐκ
2192 489 2278 530 αν

265 555 409 624 ποτ’
438 567 574 644 εἴη·
618 559 823 627 πάλιν
849 557 981 645 γὰρ
1003 586 1091 627 αν
1120 561 1350 643 ἕτερον
1384 557 1552 626 εἶναι
1581 558 1659 628 τὰ
1695 563 1845 649 περὶ
1877 565 2105 629 ἐκείνω
2142 565 2278 629 δέοι

263 663 458 742 ζῶον,
483 648 569 724 οὗ
589 663 788 744 μέρος
821 683 907 724 αν
940 666 1122 743 εἴτην
1149 660 1401 742 ἐκείνω,
1439 660 1550 726 καὶ
1582 657 1708 727 οὐκ
1743 687 1831 727 αν
1867 666 1961 728 ἔτι
1994 662 2279 728 ἐκείνοιν

266 751 411 822 ἀλλ’
439 759 666 845 ἐκείνω
686 781 778 845 τω
800 757 1165 839 περιέχοντι
1182 754 1330 822 τόδ’
1353 754 1440 824 ἂν
1472 754 2004 844 ἀφωμοιωμένον
2025 762 2277 842 λέγοιτο

265 850 654 941 ὀρθότερον.
697 858 808 921 ἵνα
829 846 956 937 οὖν
975 852 1129 920 τόδε
1163 851 1332 921 κατὰ
1362 851 1488 941 τὴν
1521 856 1819 941 μόνωσιν
1850 854 2086 943 ὅμοιον
2117 850 2161 946 ᾖ
2185 864 2277 947 τῷ
2311 878 2350 928 Β

263 962 577 1022 παντελεῖ
588 953 754 1042 ζώω,
781 950 890 1020 διὰ
913 957 1121 1019 ταῦτα
1145 950 1301 1019 οὔτε
1325 952 1448 1021 δύο
1472 952 1615 1022 οὔτ’
1643 953 1955 1041 ἀπείρους
1976 959 2283 1042 ἐποίησεν

263 1050 300 1119 ὁ
322 1060 536 1120 ποιῶν
569 1052 885 1138 κόσμους,
912 1048 1059 1118 ἀλλ’
1097 1043 1191 1128 εἷς
1217 1049 1334 1120 ὅδε
1366 1053 1734 1140 μονογενὴς
1766 1051 2057 1139 οὐρανὸς
2084 1079 2282 1139 γεγο-

266 1150 397 1231 νώς
427 1157 565 1220 ἔστι
584 1177 654 1219 τε
686 1152 798 1219 καὶ
818 1147 909 1217 ἔτ’
938 1153 1134 1220 ἔσται.

427 1253 556 1316 vn.
598 1249 1057 1336 Σωματοειδὲς
1091 1253 1163 1317 δὲ
1190 1246 1270 1335 δὴ
1306 1246 1479 1317 καὶ“
1447 1247 1693 1370 ορατὸν
1727 1247 1939 1318 ἁπτόν
1971 1276 2043 1318 τε
2073 1254 2177 1319 δεῖ
2203 1244 2277 1318 τὰ

262 1351 629 1436 γενόμενον
652 1348 857 1418 εἶναι·
902 1349 1237 1436 χωρισθὲν
1259 1350 1332 1418 δὲ
1353 1346 1568 1436 πυρὸς
1598 1347 1866 1417 οὐδὲν”
1822 1376 1908 1417 αν
1931 1373 2088 1417 ποτε
2116 1348 2283 1437 ὁρα-

264 1449 381 1518 τὸν
410 1452 692 1536 γένοιτο,
727 1436 886 1517 οὐδὲ
923 1444 1138 1517 ἁπτὸν
1167 1447 1338 1516 ἄνευ
1370 1446 1553 1526 τινὸς
1585 1456 1881 1535 στερεοῦ,
1913 1446 2184 1535 στερεὸν
2207 1452 2280 1517 δὲ

260 1547 387 1617 οὐκ
410 1548 579 1616 ἄνευ
608 1554 761 1633 γῆς·
802 1545 971 1615 ὅθεν
1000 1550 1073 1615 ἐκ
1096 1544 1310 1667 πυρὸς
1330 1550 1442 1614 καὶ
1463 1552 1586 1631 γῆς
1617 1545 1691 1614 τό
1726 1555 1850 1615 τοῦ
1884 1544 2135 1627 παντὸς
2155 1545 2282 1635 ἀρ·-

260 1647 540 1732 χόμενος
561 1645 942 1726 ξυνιστάναι
971 1651 1162 1730 σωμα
1183 1642 1217 1712 ὁ
1244 1642 1421 1733 θεος
1433 1648 1652 1711 ἐποίει.
1699 1645 1821 1713 δύο
1845 1645 1918 1714 δὲ
1946 1646 2132 1730 μόνω
2156 1670 2280 1711 κα-

262 1752 392 1823 λῶς
411 1748 844 1825 ξυνίστασθαι
863 1750 1091 1827 τρίτου
1111 1746 1308 1830 χωρὶς
1330 1741 1414 1812 οὐ
1433 1744 1725 1812 δυνατόν
1743 1770 1756 1783 ·
1782 1741 2029 1830 δεσμὸν
2050 1742 2179 1828 γὰρ
2203 1746 2277 1811 ἐν
2312 1768 2351 1820 c

259 1846 438 1932 μέσῳ
476 1846 582 1909 δεῖ
605 1839 751 1909 τινὰ
782 1840 1036 1927 ἀμφοῖν
1069 1840 1458 1929 ξυναγωγόν
1490 1849 1868 1928 γίγνεσθαι·
1916 1844 2178 1927 δεσμῶν
2205 1843 2279 1910 δὲ

257 1941 607 2023 κάλλιστος
626 1935 700 2021 ὃς
721 1933 808 2007 ἀν
831 1935 1039 2007 αὐτόν
1060 1967 1129 2009 τε
1164 1939 1376 2010 καὶτὰ
1400 1941 1818 2029 ξυνδούμενα
1840 1937 1879 2009 ὅ
1899 1968 1962 2008 τι
1998 1938 2278 2026 μάλιστα

259 2044 335 2109 ἓν
354 2048 530 2127 ποιῇ.
574 2048 772 2108 τοῦτο
796 2040 869 2110 δὲ
891 2041 1191 2126 πέφυκεν
1220 2038 1540 2124 ἀναλογία
1560 2039 1876 2107 κάλλιστα
1899 2036 2274 2106 ἀποτελεῖν·

259 2136 510 2206 ὁπόταν
555 2136 683 2221 γὰρ
726 2134 1039 2224 ἀριθμων
1074 2164 1281 2223 τριων
1320 2148 1448 2208 εἴτε
1485 2164 1708 2224 ογκων
1748 2147 1877 2206 εἴτε
1921 2136 2275 2223 δυνάμεων

262 2232 691 2328 ωντινωνοῦν
724 2227 771 2323 ᾖ
804 2232 877 2302 τὸ
912 2240 1139 2321 μέσον,
1178 2264 1215 2304 ο
1251 2242 1322 2305 τί
1347 2259 1471 2322 περ
1490 2235 1564 2305 τό
1605 2261 1871 2323 πρωτον
1891 2236 2058 2322 πρὸς
2087 2232 2273 2321 αὐτό,
2309 2249 2378 2305 32

257 2337 455 2400 τοῦτο
479 2329 641 2399 αὐτὰ
665 2331 832 2417 πρὸς
850 2330 926 2400 τὸ
952 2338 1248 2419 ἔσχατον,
1264 2336 1375 2402 καὶ
1389 2335 1590 2402 πάλιν
1603 2327 1827 2419 αὖθις,
1843 2332 1882 2402 ὅ
1902 2360 1965 2401 τι
1985 2332 2059 2402 τὰ
2085 2338 2278 2419 ἔσχα-

255 2455 377 2497 τον
402 2426 569 2514 πρὸς
589 2426 663 2496 τό
689 2433 917 2516 μέσον.
951 2427 1027 2498 τὰ
1057 2432 1265 2518 μέσον
1284 2432 1454 2518 πρὸς
1478 2430 1554 2500 τό
1581 2456 1867 2517 πρωτον,
1890 2429 2038 2500 τότε
2058 2428 2131 2499 τὸ
2157 2434 2273 2517 μέ-

257 2547 381 2594 σον
418 2525 538 2611 μὲν
573 2549 841 2613 πρωτον
871 2529 982 2595 καὶ
1015 2532 1291 2614 ἔσχατον
1322 2527 1743 2616 γνγνόμενον,
1770 2526 1846 2596 τό
1893 2527 1958 2596 δ’
2001 2534 2278 2614 ἔσχατον

258 2625 369 2690 καὶ
388 2619 464 2690 τὸ
490 2630 755 2707 πρῶτον
782 2617 872 2691 αὖ
894 2626 1061 2710 μέσα
1083 2623 1449 2712 ἀμφότερα,
1473 2624 1689 2694 πάνθ’
1718 2623 1928 2705 οὕτως
1958 2629 2025 2706 ἐξ
2063 2623 2278 2711 ἀνάγ-

258 2746 381 2807 κης
401 2717 483 2788 τὰ
510 2717 680 2788 αὐτὰ
706 2719 875 2789 εἶναι
897 2724 1410 2809 ξυμβήσεται,τά
1433 2720 1602 2791 αὐτὰ
1626 2722 1700 2790 δὲ
1721 2722 2052 2809 γενόμενα
2067 2719 2276 2808 ἀλλή-

255 2828 395 2899 λοις
420 2822 498 2886 ἓν
528 2819 747 2887 πάντα
769 2825 969 2888 ἔσται.
1028 2827 1091 2890 εί
1116 2822 1240 2908 μὲν
1272 2813 1400 2889 οὖν
1433 2824 1745 2890 ἐπίπεδον
1778 2822 1922 2907 μέν,
1955 2819 2171 2908 βάθος
2207 2820 2278 2888 δὲ

254 2918 463 3002 μηδὲν
483 2922 637 3001 ἔχον
663 2921 795 2985 ἔδει
815 2924 1167 3003 γίγνεσθαι
1186 2917 1260 2987 τό
1282 2927 1408 2987 τοῦ
1428 2917 1676 2997 παντὸς
1699 2925 1911 3005 σῶμα,
1935 2924 2053 3005 μία
2071 2916 2278 3003 μεσό-

255 3039 370 3099 της
391 3008 477 3081 ἀν
504 3014 759 3101 ἐξήρκει
777 3014 859 3084 τά
888 3042 958 3085 τε
981 3014 1142 3102 μεθ’
1166 3017 1401 3104 ἑαυτῆς
1429 3021 1692 3098 ξυνδεῖν
1713 3019 1821 3084 καὶ
1842 3018 2086 3102 ἑαυτήν
2101 3045 2114 3058 ·
2137 3022 2271 3084 νῦν
2308 3032 2347 3081 Β

257 3112 335 3179 δέ
350 3151 439 3164 --
456 3116 831 3198 στερεοειδῆ
850 3111 978 3198 γὰρ
1001 3109 1212 3181 αὐτὸν
1229 3119 1568 3199 προσῆκεν
1606 3112 1795 3198 εἶναι,
1827 3113 1908 3180 τὰ
1945 3112 2016 3181 δὲ
2042 3110 2272 3195 στερεὰ

253 3214 372 3295 μία
392 3211 517 3297 μὲν
548 3208 885 3297 οὐδέποτε,
914 3211 1039 3279 δύο
1065 3211 1137 3280 δὲ
1167 3209 1268 3280 ἀεὶ
1300 3211 1652 3300 μεσότητες
1674 3211 2242 3299 ξυναρμόττουσιν
2258 3236 2274 3251 ·

253 3306 431 3376 οὕτω
454 3307 535 3396 δὴ
567 3309 778 3392 πυρός
797 3334 868 3376 τε
901 3310 1014 3377 καὶ
1044 3317 1166 3397 γῆς
1196 3307 1385 3393 ὕδωρ
1419 3308 1583 3397 ἀέρα
1614 3336 1684 3378 τε
1718 3306 1755 3379 6
1790 3309 1951 3389 θεὸς
1988 3312 2061 3376 ἐν
2094 3309 2273 3395 μέσῳ

249 3415 417 3492 θείς,
439 3408 549 3475 καὶ
572 3404 739 3494 πρὸς
758 3406 1012 3495 ἄλληλα
1046 3406 1207 3476 καθ’
1245 3408 1412 3477 ὅσον
1432 3401 1518 3496 ἦν
1541 3406 1834 3477 δυνατὸν
1856 3405 1985 3474 ἀνά
2007 3404 2131 3475 τὸν
2148 3401 2270 3472 αὖ·
