2602 3928
347 206 472 272 138
1080 210 1289 268 ΠΛΑ
1311 209 1654 269 ΤΩΝΟΣ

264 402 307 451 ι)
345 380 599 461 πρῶτοι
617 372 742 459 μὲν
759 377 1035 456 Κρῆτες,
1061 376 1281 437 ἔπειτα
1303 369 1838 457 Λακεδαιμόνιοι,
1877 374 2030 457 ἐξῆν
2050 384 2187 448 τοῖς
2208 371 2360 438 τότε

348 469 630 549 ἀστείοις
668 469 888 538 πάντα
941 475 1149 536 ταῦτα
1197 472 1569 557 κωμῳδεῖν·
1635 462 1678 553 ἢ
1718 465 1843 536 ούκ
1885 478 2044 550 οἴεις
2080 465 2357 554 ”Εγωγε.

348 566 517 636 Αλλ’
563 567 810 654 ἐπειδή,
855 565 1054 652 οἶμαι,
1096 569 1455 652 χρωμένοις
1500 565 1776 652 ἄμεινον
1822 563 1897 635 τὰ
1941 564 2358 634 ἀποδύεσθαι

347 671 472 734 τοῦ
494 665 984 751 συγκαλύπτειν
1007 662 1225 729 πάντα
1246 659 1327 728 τὰ
1349 670 1620 730 τοιαῦτα
1643 663 1881 751 ἐφάνη,
1906 667 2017 732 καὶ
2027 661 2100 731 τὸ
2128 665 2200 731 έν
2220 676 2361 741 τοῖς

350 762 723 850 ὀφθαλμοῖς
765 764 847 847 δὴ
889 769 1154 847 γελοῖον
1191 760 1462 846 ἐξερρύη
1509 757 1640 827 ὑπὸ
1682 768 1805 829 τοῦ
1846 764 1921 830 έν
1962 775 2097 840 τοῖς
2135 760 2356 845 λόγοις

350 863 766 947 μηνυθέντος
790 857 1085 943 ἀρίστου,
1109 859 1438 925 καὶτοῦτο
1461 861 1843 943 ἐνεδείξατο,
1867 855 1968 926 ὅτι
1992 857 2264 945 μάταιος
2285 851 2382 934 ὃς·

347 969 610 1044 γελοῖον
633 957 794 1025 ἄλλο
829 983 893 1023 τι
922 953 1174 1041 ἡγεῖται
1201 951 1244 1040 ἦ
1277 953 1352 1022 τὸ
1390 954 1626 1039 κακόν,
1656 957 1767 1023 καὶ
1802 953 1862 1040 [ὁ
1896 967 2360 1041 γελωτοποιεῖν

351 1061 695 1143 ἑπιχειρων
724 1051 891 1137 πρὸς
925 1052 1135 1139 ἀλλην
1163 1050 1314 1120 τινὰ
1351 1051 1508 1135 ὄψιν
1539 1050 1939 1140 ἀποβλέπων
1972 1079 2060 1132 ως
2091 1059 2356 1138 γελοίου

269 1178 310 1227 Ε
347 1149 392 1240 ἦ
417 1152 542 1240 τὴν
561 1160 684 1219 τοῦ
704 1148 1006 1238 ἄφρονός
1026 1175 1096 1216 τε
1117 1152 1228 1218 καὶ
1250 1158 1483 1235 κακοῦ,
1507 1152 1639 1234 καὶ]
1663 1157 1873 1219 καλοῦ
1897 1175 1984 1216 αυ
1960 1141 2361 1228 σπουδάζει

351 1248 519 1334 πρὸς
541 1248 749 1317 ἀλλον
768 1246 916 1316 τινὰ
951 1250 1204 1316 σκοπόν
1240 1248 1650 1334 στησάμενος
1683 1243 1728 1334 ἢ
1759 1245 1881 1316 τόν
1912 1256 2034 1316 τοῦ
2066 1245 2351 1333 ἀγαθοῦ.

349 1347 744 1415 Παντάπασι
764 1346 887 1433 μὲν
908 1338 1054 1431 οὖν,
1090 1351 1236 1432 ἔφη.

520 1451 616 1512 Ν.
653 1435 787 1533 Ἆρ’
814 1437 941 1513 οὖν
970 1443 1054 1511 ού
1079 1451 1345 1529 πρῶτον
1371 1446 1495 1530 μὲν
1527 1453 1723 1513 τοῦτο
1759 1449 1906 1530 περὶ
1936 1443 2159 1512 αὐτῶν
2192 1440 2356 1510 ἀνο-

354 1546 776 1630 μολογητέον,
814 1549 873 1611 εί
911 1540 1163 1611 δυνατὰ
1200 1538 1245 1628 ἦ
1282 1541 1388 1630 οὔ,
1425 1546 1536 1612 καὶ
1573 1546 1804 1611 δοτέον
1844 1542 2355 1629 ἀμφισβήτησιν,

350 1654 481 1713 εἴτε
501 1670 598 1722 τις
620 1649 1083 1730 φιλοπαίσμων
1105 1652 1233 1710 εἴτε
1255 1641 1738 1719 σπουδαστικὸς
1778 1645 1991 1710 ἐθέλει
2021 1637 2357 1726 ἀμφισβηε-

213 1760 317 1815 453
349 1748 560 1827 τῆσαι,
599 1740 883 1827 πότερον
913 1738 1162 1826 δυνατὴ
1198 1740 1399 1825 φύσις
1428 1737 1470 1825 ἡ
1506 1737 1904 1827 ἀνθρωπίνη
1935 1735 1977 1824 ἡ
2009 1737 2247 1824 θήλεια
2278 1743 2358 1823 τῇ

349 1847 472 1909 τοῦ
505 1839 786 1928 άρρενος
822 1843 1061 1925 γένους
1103 1845 1505 1923 κοινωνῆσαι
1548 1842 1639 1915 είς
1665 1835 1929 1906 ἅπαντα
1965 1835 2045 1904 τά
2087 1841 2267 1921 ἔργα,
2311 1830 2355 1919 ἢ

351 1936 499 2007 οὐδ’
529 1940 672 2017 είς
645 1942 739 2023 έν,
770 1933 814 2023 ἢ
854 1942 946 2014 εἰς
972 1933 1052 2003 τά
1076 1936 1197 2021 μὲν
1221 1939 1327 2003 οια
1348 1960 1439 2021 τε,
1467 1942 1559 2014 εἰς
1581 1937 1653 2003 δὲ
1680 1935 1760 2003 τὰ
1785 1933 1889 2021 ού,
1912 1936 2021 2003 καὶ
2053 1939 2248 2001 τοῦτο
2273 1929 2354 2017 δὴ

350 2035 424 2104 τὸ
469 2037 617 2120 περὶ
650 2033 770 2101 τὸν
806 2033 1096 2119 πόλεμον
1126 2037 1423 2120 ποτέρων
1462 2038 1675 2116 ἐστίν;
1722 2028 1832 2120 ἀρ’
1873 2031 1995 2121 οὐχ
2030 2030 2240 2110 οὕτως
2271 2027 2359 2098 ἀν

351 2131 671 2202 κάλλιστά
692 2158 790 2209 τις
809 2128 1169 2218 ἀρχόμενος
1195 2127 1281 2210 ὡς
1318 2130 1388 2200 τὸ
1427 2133 1601 2211 εἰκὸς
1637 2135 1747 2200 καὶ
1778 2132 2354 2200 κάλλιστατελευ-

350 2232 642 2319 τήσειεν;
667 2229 856 2297 Πολύ
877 2254 981 2315 γε,
1000 2234 1146 2315 ἔφη.
1177 2230 1420 2298 Βούλει
1440 2223 1587 2315 οὖν,
1608 2222 1697 2316 ἦν
1720 2226 1786 2298 δ’
1810 2231 1960 2316 ε’γεό,
1990 2226 2175 2317 ἡμεῖς
2197 2227 2361 2311 πρὸς

350 2328 523 2416 ἡμᾶς
554 2324 801 2405 αὐτοὺς
832 2323 1000 2413 ὑπὲρ
1041 2336 1176 2396 τῶν
1209 2328 1432 2397 ἄλλων
1468 2328 2092 2416 ἀμφισβητήσωμεν,
2126 2331 2236 2395 ἵνα
2267 2323 2355 2412 μὴ

273 2455 314 2503 Β
353 2432 561 2512 ἔρημα
583 2425 661 2493 τὰ
688 2434 811 2493 τοῦ
833 2427 1061 2512 ἑτέρου
1085 2427 1290 2512 λόγου
1311 2434 1770 2514 πολιορκῆται;
1798 2425 2036 2510 Οὐδέν,
2053 2432 2201 2511 ἔφη,
2224 2449 2362 2492 κω-

353 2524 514 2592 λύει.
569 2527 889 2610 Λέγωμεν
923 2523 1003 2611 δὴ
1044 2523 1211 2608 ὑπὲρ
1251 2523 1477 2593 αὐτῶν
1515 2523 1616 2593 ὅτι
1661 2517 1716 2592 ὦ
1759 2524 2111 2609 Σώκρατές
2137 2547 2207 2591 τε
2248 2525 2360 2590 καὶ

352 2621 704 2706 Γλαύκων,
730 2620 930 2690 οὐδὲν
955 2627 1060 2690 δεῖ
1081 2620 1239 2709 ὑμῖν
1262 2621 1508 2701 ἄλλους
1529 2620 1967 2708 ἀμφισβητεῖν
1984 2646 1999 2661 ·
2024 2617 2211 2688 αὐτοὶ
2227 2618 2357 2705 γὰρ

354 2722 428 2788 ἐν
463 2718 628 2808 ἀρχῇ
663 2726 778 2806 τῆς
816 2728 1258 2806 κατοικίσεως,
1294 2717 1385 2806 ἢν
1419 2718 1676 2809 ᾠκίζετε
1712 2721 1929 2802 πόλιν,
1966 2717 2359 2806 ὡμολογεῖτε

355 2823 496 2886 δεῖν
521 2817 686 2886 κατά
710 2819 918 2903 φύσιν
941 2820 1220 2887 ἕκαστον
1243 2821 1362 2886 ἕνα
1387 2821 1460 2886 ἓν
1481 2818 1555 2885 τό
1573 2816 1781 2886 αὑτοῦ
1803 2818 2131 2905 πράττειν.
2154 2814 2361 2900 ‘sauo-

353 2915 749 3003 λογήσαμεν,
774 2914 952 3000 οἶμαι
972 2942 985 2957 ·
1010 2923 1148 2995 πῶς
1167 2916 1293 3002 γὰρ
1318 2916 1436 2998 οὔ,
1420 2947 1436 2961 ·
1465 2916 1693 2983 ’Ἑστιν
1714 2909 1844 2984 οὖν
1867 2915 2046 2993 ὅπως
2073 2911 2156 2983 οὐ
2179 2913 2361 2998 πάμ-

352 3024 527 3082 πολυ
550 3015 849 3099 διαφέρει
869 3012 1042 3099 γυνὴ
1077 3011 1327 3102 ἀνδρὸς
1359 3040 1483 3100 την
1514 3014 1754 3101 φύσιν;
1799 3019 1956 3093 Πως
1990 3012 2053 3081 δ’
2093 3010 2176 3079 οὐ
2212 3015 2363 3078 δια-

355 3114 575 3196 φέρει;
628 3109 901 3180 Οὐκοῦν
924 3111 1085 3179 ἄλλο
1109 3114 1218 3179 καὶ
1250 3112 1506 3198 ἔργον
1472 3116 1754 3201 εκατέρω
1792 3110 2114 3198 προσήκει
2161 3133 2366 3195 προς-

279 3231 318 3282 c
355 3209 617 3277 τάττειν
637 3206 711 3277 τὸ
739 3207 906 3277 κατὰ
929 3208 1051 3293 τὴν
1074 3206 1281 3277 αὑτοῦ
1317 3209 1560 3294 φύσιν;
1604 3217 1685 3277 Τί
1702 3209 1870 3295 μήν·
1852 3257 1871 3289 ,
1912 3215 2069 3286 Πως
2091 3200 2218 3273 οὖν
2241 3201 2365 3289 οὐχ

355 3305 760 3395 ἁμαρτάνετε
799 3317 929 3377 νῦν
973 3310 1083 3377 καὶ
1127 3306 1441 3377 τάναντία
1484 3306 1644 3394 ὑμῖν
1685 3307 1908 3385 αὐτοῖς
1950 3310 2188 3391 λέγετε,
2228 3302 2367 3388 φά-

358 3422 627 3485 σκοντες
660 3399 751 3473 αὖ
790 3405 949 3486 τούς
981 3406 1229 3493 ἄνδρας
1265 3408 1376 3475 καὶ
1411 3404 1527 3485 τάς
1558 3419 1881 3493 γυναῖκας
1904 3408 2043 3472 δεῖν
2078 3402 2158 3471 τὰ
2191 3396 2361 3468 αὐτὰ
