2602 3928
899 222 1478 307 ΠοΛΙΤΕΙΑΣ
1515 241 1585 308 ὅ.
2126 243 2247 314 127

236 403 473 493 τούτῳ,
499 401 651 484 ὦς’
606 430 737 492 αρα
757 404 1129 485 Λεόντιος
1096 433 1132 476 ο
1154 404 1601 492 Ἀγλαϊωνος’
1566 407 1775 476 ανιων
1793 412 1869 478 ἐκ
1890 414 2249 499 Πειραιέως

238 498 370 569 ὑπὸ
391 501 464 570 τὸ
490 503 760 590 βόρειον
779 518 987 591 τεῖχος
1007 504 1213 587 ἐκτός,
1235 505 1636 590 αἰσθόμενος
1655 506 1935 593 νεκροὺς
1955 508 2135 591 παρὰ
2154 517 2249 599 τῷ

239 604 454 690 δημίῳ
474 602 908 689 κειμένους,”
863 629 999 689 αμα
1019 604 1144 688 μὲν
1163 607 1333 672 ἰδεῖν
1352 602 1747 690 έπιθυμοῐ,’
1716 603 1852 692 άμα
1886 604 1950 675 δ’
1977 633 2065 674 αυ
2042 599 2247 686 δυς-

235 704 528 785 χεραίνοι
557 703 668 768 καὶ
701 698 1061 786 ἀποτρέποι
1094 701 1359 786 ἑαυτόν,
1394 704 1503 769 καὶ
1545 705 1705 782 τέως
1737 703 2007 790 μάχοιτό
2036 730 2106 773 τε
2138 708 2250 774 καὶ

236 797 841 885 παρακαλύπτοιτο,
864 798 1318 884 κρατούμενος
1338 797 1407 865 δ’
1427 791 1558 866 οὖν
1578 796 1711 868 ὑπὸ
1733 809 1848 887 τῆς
1870 804 2246 888 ἐπιθυμίας,
2280 815 2384 872 440

236 895 590 975 διελκύσας
621 894 779 975 τοὺς
813 893 1235 984 ὀφθαλμούς,
1272 897 1723 986 προσδραμών
1755 899 1923 985 πρὸς
1942 898 2101 982 τοὺς
2134 927 2248 970 νε-

237 993 462 1078 κρούς,
490 990 640 1060 ἰδοὺ
660 990 843 1081 ὑμῖν,
869 1000 1020 1080 ἔφη,
1059 986 1115 1061 ὦ
1138 1000 1635 1082 κακοδαίμονες,
1672 998 2092 1086 ἐμπλήσθητε
2124 1005 2248 1066 τοῦ

235 1097 449 1156 καλοῦ
481 1090 832 1177 θεάματος.
886 1091 1209 1176 Ἤκουσα,
1245 1097 1394 1180 ἔφη,
1430 1096 1541 1161 καὶ
1575 1093 1793 1174 αὐτός.
1847 1086 2059 1176 Οὗτος
2085 1100 2251 1183 μέν·

236 1207 359 1271 τοι,
372 1191 563 1273 ἔφην,
583 1185 619 1257 6
644 1187 839 1273 λόγος
861 1197 1164 1275 σημαίνει
1181 1183 1308 1275 τὴν
1320 1185 1533 1276 ὀργὴν
1547 1199 1858 1277 πολεμεῖν
1881 1196 2089 1261 ἐνίοτε
2108 1206 2250 1273 ταῖς

239 1288 618 1373 ἐπιθυμίαις
641 1285 728 1368 ὡς
751 1287 915 1356 ἄλλο
936 1282 1021 1356 ὃν
1040 1287 1238 1378 ἄλλῳ.
1293 1296 1620 1375 Σημαίνει
1645 1290 1797 1376 γάρ,
1823 1296 1969 1378 ἔφη.

407 1391 532 1453 XV.
583 1384 860 1453 Οὐκοῦν
877 1388 987 1454 καὶ
1020 1385 1284 1470 ἄλλοθι,
1323 1390 1514 1472 ἔφην,
1550 1395 1889 1473 πολλαχοῦ
1918 1391 2249 1458 αἰσθανό-

241 1482 495 1570 μεθα,
467 1482 632 1551 όταν
653 1483 1012 1571 βιάζωνταί
1026 1509 1175 1552 τινα
1197 1480 1375 1569 παρὰ
1397 1481 1517 1551 τὸν
1538 1484 1858 1570 λογισμὸν
1878 1487 2245 1574 ἐπιθυμίαι,

244 1581 678 1672 λοιδοροῦντά
699 1607 769 1650 τε
804 1578 1014 1650 αὑτὸν
1043 1583 1153 1649 καὶ
1173 1580 1615 1667 θυμούμενον
1644 1607 1737 1671 τω
1776 1585 2136 1675 βιαζομένω
2171 1587 2247 1653 ἐν
2280 1612 2321 1662 Β

239 1674 441 1766 αὐτῷ,
466 1681 576 1746 καὶ
597 1677 820 1764 ωσπερ
844 1682 1037 1746 δυοῖν
1057 1679 1556 1759 στασιαζόντοιν
1575 1678 1914 1766 ξύμμαχον
1944 1689 2039 1769 τῷ
2069 1682 2245 1771 λόγω

237 1775 640 1861 γιγνόμενον
658 1775 779 1845 τὸν
799 1776 1030 1864 θυμὸν
1062 1785 1187 1845 τοῦ
1218 1774 1557 1855 τοιούτου;
1597 1790 1737 1856 ταῖς
1767 1774 1832 1844 δ’
1866 1747 2247 1865 ἐπιθυμίαις

239 1870 450 1940 αὐτὸν
469 1874 991 1960 κοινωνήσαντα,
1012 1877 1362 1958 αἱροῦντος
1379 1874 1587 1959 λόγου
1606 1872 1695 1960 m)
1715 1873 1927 1960 δεῖν,’
1887 1876 2250 1974 αντιπράτ-

239 1999 399 2059 τειν,
428 1972 616 2061 οἶμαί
629 1994 702 2042 σε
727 1973 851 2042 οὐκ
862 1971 962 2043 ’ἂν
983 1974 1193 2062 φάναι
1210 1978 1578 2060 γενομένου
1598 1974 1755 2043 ποτὲ
1787 1977 1860 2043 ἐν
1881 1983 2107 2063 σαυτῷ
2127 1981 2249 2043 τοῦ

141 2111 145 2118 ·
238 2072 553 2140 τοιούτου
587 2075 969 2158 αἰσθέσθαι,
1005 2072 1185 2159 οἶμαι
1210 2073 1273 2139 δ’
1303 2069 1450 2140 οὐδ’
1491 2076 1565 2140 ἐν
1597 2067 1797 2162 άλλῳ.
1867 2071 1970 2140 Οὐ
2002 2070 2093 2160 μὰ
2130 2070 2250 2142 τὸν

238 2175 394 2254 Δία,
425 2173 572 2255 ἔφη.
636 2177 718 2238 Τι’
732 2174 834 2249 δέ;
875 2196 963 2255 ην
988 2166 1053 2236 δ’
1079 2168 1209 2255 ἐγώ
1227 2193 1241 2209 ·
1260 2166 1450 2237 -ὅταν
1469 2196 1565 2249 τις
1591 2179 1806 2257 οἴηται
1825 2168 2102 2255 άδικεῖν,
2125 2168 2247 2257 οὐχ
2283 2185 2321 2238 c

238 2268 379 2356 ὅσῳ
415 2263 503 2336 ἂν
536 2269 995 2355 γενναιότερος
1027 2261 1092 2357 ᾗ,
1130 2268 1425 2358 τοσούτῳ
1457 2260 1661 2354 ἦττον
1696 2269 1975 2337 δύναται
1998 2267 2252 2354 ὀργίζε-

242 2375 409 2433 σθαι
432 2367 542 2434 καὶ
562 2373 814 2435 πεινῶν
836 2368 946 2434 καὶ
968 2370 1177 2456 ῥιγῶν
1198 2367 1310 2434 καὶ
1333 2366 1496 2434 ἄλλο
1520 2362 1749 2435 ὁτιοῦν
1768 2373 1906 2434 τῶν
1925 2364 2250 2434 τοιούτων

243 2465 518 2550 πάσχων
556 2462 677 2532 ὑπ’
713 2468 997 2551 ἐκείνου,
1032 2460 1115 2533 ὃν
1153 2462 1240 2533 ἂν
1282 2474 1498 2551 οἴηται
1531 2468 1794 2543 δικαίως
1818 2471 2026 2531 ταῦτα
2054 2468 2247 2551 δρᾷν,

242 2569 373 2648 καί,
409 2557 450 2629 6
477 2564 669 2648 λέγω,
693 2559 818 2631 οὐκ
848 2564 1066 2631 ἐθέλει
1090 2560 1258 2648 πρὸς
1275 2569 1518 2630 τοῦτον
1551 2559 1765 2629 αὐτου
1793 2565 2169 2649 ἐγείρεσθαι
2212 2556 2248 2626 6

244 2660 496 2745 θυμόςς
528 2658 796 2780 Ἀληθῆ,
825 2665 971 2747 ἔφη.
1023 2668 1096 2727 Τί
1115 2664 1216 2729 δέ·
1201 2690 1218 2742 ;
1261 2658 1427 2727 όταν
1460 2657 1842 2728 ἀδικεῖσθαί
1866 2685 1964 2738 τις
1995 2654 2252 2745 ἥγηται,

243 2781 371 2824 ουκ
406 2760 476 2823 ἐν
510 2756 724 2847 τούτω
760 2762 854 2837 ζεῖ
884 2784 951 2825 τε
986 2760 1095 2825 καὶ
1123 2750 1501 2843 χαλεπαίνει
1523 2760 1632 2825 καὶ
1654 2762 1977 2846 ξυμμαχετ
2003 2781 2094 2844 τω
2134 2759 2252 2821 δο-
2317 2817 2323 2823 .

249 2862 482 2922 κοῦντι
517 2860 746 2945 δικαίω
779 2855 892 2924 καὶ
928 2855 1036 2924 διὰ
1068 2855 1145 2925 τὰ
1190 2847 1427 2945 πεινῆν
1443 2857 1572 2924 καὶ
1606 2854 1715 2924 διὰ
1761 2851 1833 2923 τὸ
1870 2848 2108 2942 ῥιγοῦν
2142 2855 2253 2922 καὶ

247 2954 462 3021 πάντα
484 2951 563 3020 τὰ
584 2962 858 3022 τοιαῦτα
875 2955 1150 3040 πάσχειν
1170 2953 1527 3041 ὑπομένων
1547 2955 1656 3021 καὶ
1668 2979 1822 3042 νικᾳ
1798 2953 1955 3021 ‘ocal
1968 2950 2052 3020 οὐ
2070 2949 2255 3038 λήγει
2289 2962 2333 3013 D

249 3059 385 3118 τῶν
421 3060 772 3136 γενναίων,
831 3052 988 3136 πρὶν
1029 3047 1117 3119 ι’ἱν
1160 3048 1205 3138 ἦ
1249 3052 1682 3140 διαπράξηται
1719 3045 1774 3137 ἦ
1803 3050 2163 3137 τελευτήσῃ
2211 3043 2258 3134 ἢ

251 3146 473 3233 ὥσπερ
496 3150 684 3230 κύων
708 3145 844 3218 ὑπὸ
870 3152 1124 3237 νομέως
1158 3148 1290 3218 ὑπὸ
1327 3158 1451 3219 τοῦ
1482 3148 1691 3236 λόγου
1713 3156 1838 3216 τοῦ
1876 3144 2038 3234 παρ’·
2074 3145 2257 3238 αὐτῷ

249 3243 647 3331 ἀνακληθεὶς
681 3256 1027 3335 πραϋνθῇς
1082 3248 1282 3316 Πάνυ
1320 3250 1442 3334 μὲν
1478 3241 1626 3335 οὖν,
1648 3252 1799 3333 ἔφη,
1834 3251 2009 3314 ἔοικε
2039 3243 2253 3334 τούτῳ

250 3334 305 3435 ᾧ
327 3347 555 3431 λέγεις,
578 3351 790 3413 καίτοι
810 3343 883 3431 γ’
918 3349 991 3414 έν
1011 3353 1093 3435 τῇ
1115 3341 1402 3436 ἡμετέρα
1443 3346 1631 3415 πόλει
1669 3342 1824 3423 τοὺς
1857 3342 2258 3427 ἐπικούρους

252 3441 473 3531 ὥσπερ
511 3443 724 3525 κύνας
757 3447 1051 3534 ἐθέμεθα
1093 3443 1437 3533 ὑπηκόους
1476 3452 1614 3513 τοῖν
1646 3441 1990 3529 ἀρχόντων
2033 3437 2254 3521 ὥσπερ
