2602 3928
918 198 1496 258 ΠοΛῙΤΕιΑΣ
1529 193 1604 276 η’.
2137 197 2266 264 2³0

249 361 635 447 φιλόθηρος.
673 358 858 428 Ἔστι
888 359 1040 443 γάρ,
1085 363 1235 444 ἔφη,
1278 364 1480 425 τοῦτο
1522 355 1596 426 τὸ
1638 351 1811 445 ἦθος
1852 364 2106 447 ἐκείνης
2143 367 2263 451 τῆς

247 465 594 537 πολιτείας.
632 454 909 526 Οὐκοῦν
929 456 1040 524 καὶ
1065 455 1440 541 χρημάτων,
1463 448 1555 542 ἦν
1590 455 1658 523 δ’
1693 456 1844 542 ἐγώ,
1881 455 1919 526 ὁ
1960 467 2262 539 τοιοῦτος

245 557 397 635 νέος
418 551 617 642 μὲν’“
562 583 659 622 ων
681 566 1096 639 καταφρονοῖ
1107 550 1216 638 ἄν,
1233 550 1374 642 ὅσω
1390 552 1462 621 δὲ
1474 554 1922 641 πρεσβύτερος
1943 562 2256 642 γίγνοιτο,
2295 571 2335 622 Β

246 660 505 740 μᾶλλον
527 650 629 720 ἀεὶ
651 646 1065 731 ἀσπάζοιτο”
1021 677 1107 718 αν
1128 659 1222 740 τῷ
1248 677 1319 718 τε
1343 652 1635 738 μετέχειν
1653 659 1769 739 τῆς
1792 661 1916 721 τοῦ
1937 661 2260 741 φιλοχρη-

245 751 462 837 μοὶτου
503 748 770 836 φύσεως
807 751 919 816 καὶ
956 749 1046 834 μὴ
1081 746 1250 816 εἶναι
1283 748 1642 837 εἰλικρινὴς
1676 747 1843 834 πρὸς
1873 748 2119 836 ἀρετὴν
2151 748 2259 818 διὰ

244 845 322 915 τὸ
366 845 860 932 ἀπολειφθῆναι
894 853 1019 914 τοῦ
1048 843 1326 929 ἀρίστου
1362 847 1694 931 φύλακος;
1732 854 1959 929 Τίνος;
2003 841 2049 934 ἦ
2086 846 2147 915 δ’
2186 844 2261 926 ὃς

245 941 283 1011 ὁ
310 941 743 1030 Ἀδείμαντος.
786 943 1037 1028 Λόγου,
1070 936 1157 1028 ἦν
1196 939 1263 1009 δ’
1309 942 1460 1029 ἐγώ,
1495 951 1782 1034 μουσικῇ
1812 946 2258 1031 κεκραμένου·

243 1039 319 1120 ὃς
348 1042 555 1129 μόνος
582 1039 1014 1127 ἐγγενόμενος
1050 1040 1269 1125 σωτὴρ
1298 1038 1533 1126 ἀρετῆς
1568 1037 1677 1108 διά
1710 1047 1865 1128 βίου
1892 1045 2140 1111 ἐνοικεῖ
2164 1047 2257 1130 τῷ

241 1144 474 1225 ἔχοντι.
517 1145 778 1221 Καλῶς,
812 1143 963 1224 ἔφη,
995 1136 1221 1222 λέγεις.
1264 1139 1396 1204 Καὶ
1428 1142 1568 1205 ἐστι
1600 1142 1724 1223 μέν
1757 1134 1848 1222 γ’,
1881 1130 1971 1224 ἦν
2005 1135 2069 1205 δ’
2105 1138 2258 1222 ἐγώ,

244 1244 545 1316 τοιοῦτος
564 1233 599 1305 ὁ
622 1233 1084 1324 τιμοκρατικὸς
1096 1240 1381 1321 νεανίας,
1395 1242 1478 1322 τῇ
1497 1235 1773 1323 τοιαύτῃ
1794 1236 1985 1305 πόλει
2005 1235 2256 1315 ἐοικός.

252 1333 445 1401 Πάνυ
485 1333 609 1421 μὲν
653 1326 800 1401 οὖν.
860 1339 1169 1419 Γίγνεται
1207 1334 1282 1400 δέ
1318 1329 1405 1417 γ’,
1448 1330 1657 1418 εἷπον,
1689 1324 1888 1411 οὗτος
1934 1324 2070 1402 ὦδέ
2098 1357 2257 1418 πως,
2290 1344 2327 1395 c

243 1434 455 1500 ἐνίοτε
496 1428 742 1516 πατρὸς
780 1428 1053 1514 ἀγαθοῦ
1096 1426 1193 1497 ὢν
1225 1433 1374 1508 νέος
1405 1427 1551 1509 υίὸς
1583 1433 1656 1497 ἐν
1688 1431 1878 1500 πόλει
1913 1436 2260 1509 οἰκοῦντος

245 1528 369 1596 οὐκ
395 1521 475 1596 εὖ
505 1529 1001 1616 πολιτευομένῃ,
1036 1525 1408 1614 φεύγοντος
1437 1529 1554 1606 τάς
1579 1554 1651 1595 τε
1682 1528 1874 1613 τιμάς
1906 1530 2019 1598 καὶ
2055 1526 2260 1614 ἀρχὰς

244 1628 355 1697 καὶ
378 1631 563 1704 δίκας
583 1627 692 1693 καὶ
715 1624 842 1712 τὴν
871 1626 1188 1711 τοιαύτην
1222 1632 1447 1693 πᾶσαν
1475 1626 2116 1713 φιλοπραγμοσύνην
2149 1629 2259 1692 καὶ

246 1727 600 1800 ἐθέλοντος
620 1726 1074 1807 ἐλαττοῦσθαι,
1100 1720 1269 1790 ὥστε
1303 1721 1653 1809 πράγματα
1681 1723 1771 1809 μὴ
1791 1727 1980 1808 ἔχειν.
2018 1729 2130 1809 Πῇ
2152 1721 2256 1807 δή,

246 1825 397 1907 ἔφη,
429 1828 754 1905 γίγνεται;
784 1818 1009 1908 Ὅταν,
1031 1812 1121 1907 ἦν
1142 1818 1208 1889 δ’
1233 1821 1384 1907 ἐγώ,
1421 1828 1687 1904 πρῶτον
1717 1820 1840 1907 μὲν
1871 1828 1988 1906 τῆς
2014 1818 2261 1907 μητρὸς

246 1916 465 2007 ἀκούῃ
507 1916 900 2006 ἀχθομένης,
947 1917 1051 1988 ὅτι
1093 1917 1178 1987 ού
1218 1927 1355 1987 τῶν
1398 1916 1742 2005 ἀρχόντων
1787 1916 1954 2007 αὐτῇ
2000 1915 2036 1987 ὁ
2083 1914 2256 2005 ἀνήρ
2294 1931 2338 1982 D

244 2022 402 2103 ἐστι,
425 2018 534 2085 καὶ
549 2020 1026 2105 ἐλαττουμένης
1049 2017 1159 2084 διὰ
1186 2026 1396 2085 ταῦτα
1415 2020 1492 2087 ἐν
1513 2032 1650 2096 ταῖς
1671 2016 1901 2096 ἄλλαις
1933 2023 2257 2103 γυναιξίν,

247 2122 468 2185 ἔπειτα
509 2113 769 2202 ὁρώσης
819 2114 908 2203 μὴ
956 2116 1222 2203 σφόδρα
1265 2117 1417 2201 περὶ
1457 2116 1756 2203 χρήματα
1799 2116 2259 2196 σπουδάζοντα

247 2214 413 2301 μηδὲ
453 2212 827 2299 μαχόμενον
866 2216 976 2280 καὶ
1013 2215 1533 2299 λοιδορούμενον
1566 2218 1702 2302 ίδία
1736 2239 1807 2281 τε
1840 2216 1914 2282 ἐν
1947 2218 2258 2299 δικαστη-

249 2321 414 2397 ρίοις
435 2313 544 2379 καὶ
566 2316 869 2399 δημοσία,
903 2310 1070 2379 ἀλλὰ
1106 2312 1454 2409 ῥαθύμως
1462 2312 1681 2380 πάντα
1710 2312 1791 2379 τά
1826 2320 2098 2380 τοιαῦτα
2134 2312 2259 2395 φέ-

246 2434 471 2496 ροντα,
490 2410 655 2477 καὶ
621 2415 832 2495 εαυτῷ
853 2406 977 2495 μὲν
1007 2406 1130 2476 τὸν
1160 2418 1333 2478 νοῦν
1353 2411 1760 2495 προσέχοντα
1791 2406 1894 2477 ἀεὶ
1928 2408 2260 2494 αἰσθάνη-

247 2533 373 2591 ται,
396 2506 641 2592 ἑαυτὴν
663 2506 735 2574 δὲ
775 2504 938 2592 μήτε
982 2507 1166 2573 πάνυ
1199 2514 1490 2592 τιμῶντα
1523 2506 1684 2592 μήτε
1722 2503 2150 2592 ἀτιμαζοντα·
2194 2508 2259 2585 ἐξ

249 2601 563 2671 ἁπάντων
594 2603 854 2672 τούτων
888 2600 1263 2691 ἀχθομένης
1306 2630 1376 2672 τε
1404 2605 1512 2671 καὶ
1547 2603 1886 2690 λεγούσης,
1928 2600 2015 2681 ὥς
2048 2629 2259 2670 αναν-

247 2700 403 2784 δρός
422 2728 493 2770 τε
516 2699 700 2790 αὐτῷ
721 2698 759 2770 ὁ
779 2700 994 2788 πατὴρ
1016 2706 1126 2769 καὶ
1145 2707 1298 2770 λίαν
1319 2699 1680 2789 ἀνειμένος,
1704 2703 1816 2771 καὶ
1837 2701 2006 2770 ἄλλα
2028 2699 2108 2788 δὴ
2132 2699 2261 2768 ὅσα

245 2801 354 2868 καὶ
378 2794 483 2867 οἷα
506 2807 819 2885 φιλοῦσιν
852 2803 928 2867 αί
942 2814 1256 2884 γυναῖκες
1291 2804 1442 2885 περὶ
1475 2807 1611 2866 τῶν
1640 2799 1964 2867 τοιούτων
1998 2796 2250 2885 ὑμνεῖν.
2289 2819 2331 2871 Ε

247 2900 377 2965 Καὶ
395 2896 581 2983 μαλ’,
607 2904 735 2983 ἔφη
758 2895 793 2965 ὁ
825 2894 1261 2984 Ἀδείμαντος,
1287 2898 1503 2967 πολλά
1524 2924 1594 2965 τε
1615 2901 1727 2966 καὶ
1761 2896 1957 2983 ὅμοια
1979 2897 2257 2975 ἑαυταῖς.

251 2994 470 3064 Οἶσθα
505 2989 653 3081 οὖν,
687 2988 779 3080 ἦν
812 2992 876 3062 δ’
912 2996 1064 3083 ἐγώ,
1098 2995 1202 3064 ὅτι
1236 3000 1344 3064 καὶ
1381 3000 1451 3065 οἰ
1487 3000 1733 3064 οἰκέται
1756 3004 1898 3063 τῶν
1938 2995 2261 3064 τοιούτων

247 3096 454 3161 ἐνίοτε
479 3092 700 3180 λάθρᾳ
722 3090 889 3180 πρὸς
912 3093 1069 3172 τοὺς
1089 3097 1254 3173 υἱεῖς
1266 3102 1536 3162 τοιαῦτα
1550 3099 1881 3180 λέγουσιν,
1895 3098 1964 3161 οἰ
1983 3098 2263 3162 δοκοῦν-

246 3217 352 3270 τες
381 3182 566 3259 εὖνοι
588 3190 776 3277 εἶναι,
801 3193 909 3259 καὶ
933 3192 1050 3258 ἐάν
1071 3217 1219 3259 τινα
1242 3194 1478 3261 ἴδωσιν
1499 3188 1542 3278 ἦ
1566 3190 1922 3276 ὀφείλοντα
1944 3190 2261 3276 χρήματα,

248 3280 303 3377 ςῦ
338 3287 426 3376 μὴ
461 3292 865 3374 ἐπεξέρχεται
900 3286 935 3357 ὁ
972 3291 1210 3375 πατήρ,
1245 3289 1291 3375 ἤ
1321 3316 1385 3356 τι
1420 3289 1582 3357 ἄλλο
1617 3288 2001 3374 ἀδικοῦντα,
2039 3292 2263 3355 διακε-

248 3387 557 3455 λεύονται
578 3385 782 3473 ὅπως,
806 3384 1076 3455 ἐπειδᾶν
1097 3385 1269 3473 ἀνὴρ
1289 3389 1580 3473 γένηται,
1618 3384 2058 3482 τιμωρήσεται
2090 3383 2265 3451 πάν-
