2602 3928
265 220 356 274 101
737 212 979 271 ΠΕΡΙ
1025 212 1372 270 ΨΤΧΑΣ
1410 212 1789 273 ΚΟΣΜΩ.
2155 211 2282 276 419

255 380 425 440 λοῖαι
448 368 859 457 γιγνόμεναι,
893 375 959 449 ἔς
983 395 1054 437 τε
1087 378 1520 456 μελαγχολίας
1552 373 1662 438 καὶ
1696 379 2005 457 λαγνείας
2029 382 2280 463 λαβρο-

255 470 449 589 τάτας
480 467 750 555 αγοισαι
780 466 927 554 ἀμὲ,
966 470 1076 537 καὶ
1103 468 1623 555 ρευματιζόμενά
1652 495 1804 537 τινα
1835 473 2039 558 μέρεα
2074 478 2350 556 daea-n

249 566 435 655 σμώς
455 575 755 636 ποιεῦντι
776 568 888 634 καὶ
907 564 1175 686 μορφὰς
1197 565 1749 653 φλεγμαινόντων
1768 570 2098 656 σωμάτων
2116 579 2276 659 μᾶλ-

247 660 435 735 λον”
389 693 432 753 η
455 661 923 750 ὑγιαινόντων,
951 660 1040 731 δι’
1070 688 1169 731 ων
1191 665 1564 751 δυσθυμίαι
1574 668 1684 733 καὶ
1704 672 1914 755 λῆθαι
1934 692 2276 757 παραφρο-

253 763 457 832 σύναι
475 789 547 831 τε
568 764 681 830 καὶ
701 763 922 829 πτοῖαι
943 758 1450 848 ἀπεργάζονται.

419 866 572 930 XVI.
622 857 843 929 Ἱκανὰ
880 862 954 927 δὲ
989 857 1070 926 τά
1103 863 1286 946 ἔθεα,
1323 863 1397 928 ἐν
1431 854 1612 940 οἷς”
1566 888 1656 930 αν
1690 864 2073 950 ἐντραφωσι
2109 864 2277 934 κατά

247 958 445 1028 πόλιν
465 955 511 1047 ἦ
530 958 741 1045 οἶκον,
764 959 878 1028 καὶ
909 954 952 1024 ἀ
975 953 1143 1025 καθ’
1175 955 1438 1044 ἁμέραν
1465 963 1702 1047 δίαιτα,
1735 960 2117 1048 θρύπτοισα
2150 961 2277 1032 τάν

247 1054 474 1143 ψυχὰν
511 1054 558 1145 ἦ
591 1058 912 1144 ῥωννῦσα
953 1052 1103 1123 ποτ’
1152 1051 1388 1124 ἀλκάν.
1443 1060 1549 1125 ταὶ
1586 1054 1718 1145 γὰρ
1764 1067 2134 1148 θυραυλίαι
2166 1062 2278 1130 καὶ

245 1152 459 1224 ἁπλαῖ
476 1158 721 1244 τροφαὶ
749 1155 831 1244 τά
852 1180 924 1222 τε
942 1153 1282 1240 γυμνάσια
1303 1154 1515 1223 καὶτὰ
1545 1153 1722 1243 ἥθέα
1755 1165 1895 1226 τῶν
1927 1159 2279 1229 συνόντων

246 1253 329 1321 τὰ
366 1258 639 1340 μέγιστα
683 1253 1009 1322 δύνανται
1048 1253 1197 1321 ποτὶ
1239 1249 1486 1337 ἀρετὰν
1527 1258 1639 1323 καὶ
1672 1258 1822 1323 ποτὶ
1855 1262 2116 1326 κακίαν.
2165 1256 2277 1326 καὶ

251 1360 461 1421 ταῦτα
500 1354 628 1438 μὲν
670 1360 846 1419 αἴτια
879 1353 954 1419 ἐκ
998 1376 1135 1419 των
1163 1351 1539 1438 γενετόρων
1571 1354 1685 1422 καὶ
1728 1354 2069 1441 στοιχείων
2109 1354 2355 1429 ἐπά-ο

246 1476 430 1536 γεται
461 1458 717 1571 μᾶλλον
758 1445 804 1537 ἦ
838 1454 904 1530 ἐξ
936 1446 1178 1537 αμέων,
1224 1448 1265 1517 δ’
1305 1477 1368 1518 τι
1409 1448 1498 1538 m}
1533 1449 1734 1538 ἀργία
1754 1452 1953 1540 ἐστίν,
1988 1450 2277 1540 ἀφιστα-

247 1553 471 1637 μένων
500 1545 690 1635 ἀμων
708 1573 846 1617 των
879 1548 1330 1617 ποθακόντων
1361 1553 1592 1640 ἔργων.
1653 1552 1802 1618 ποτὶ
1828 1550 1901 1619 δὲ
1929 1550 2005 1618 τὰ
2032 1577 2109 1618 ευ
2082 1543 2277 1637 ἔχεν

114 1655 122 1661 ’
245 1645 322 1715 τὰ
357 1653 525 1729 ζωον
571 1652 676 1715 δεῖ
702 1672 777 1715 το
812 1652 1005 1734 σωμα
1038 1651 1186 1733 ἔχεν
1215 1672 1332 1726 τας
1366 1643 1487 1714 ὑπ’
1526 1643 1706 1736 αὑτω
1743 1646 2006 1735 ἀρετάς,
2042 1645 2278 1734 ὑγείαν

247 1772 321 1814 τε
342 1747 455 1812 καὶ
491 1742 933 1832 εὐαίσθησίαν
966 1745 1162 1831 ίσχυν
1187 1771 1259 1813 τε
1291 1747 1405 1812 καὶ
1446 1743 1708 1824 κάλλος.
1752 1741 1947 1830 ἀρχαὶ
1990 1744 2061 1814 δὲ
2101 1747 2271 1814 κάλ-

247 1851 410 1921 λους
454 1848 821 1929 συμμετρία
876 1850 1033 1912 ποτί
1067 1841 1131 1911 τ’
1175 1842 1361 1910 αὑτῶ
1381 1853 1386 1860 “
1406 1839 1487 1910 τὰ
1530 1841 1733 1929 μέρεα
1790 1844 1902 1910 καὶ
1956 1847 2108 1912 ποτὶ
2150 1842 2276 1912 τάν

248 1940 474 2028 ψυχάν
490 1969 505 1983 ·
549 1937 593 2009 ἀ
616 1939 747 2028 γάρ
783 1940 986 2029 φύσις
1018 1935 1167 2011 οἷον
1196 1939 1492 2028 ὄργανον
1526 1937 1859 2030 ἁρμόξατο
1893 1938 2273 2028 τὸσκᾶνος,

247 2039 602 2110 ὑπάκουόν
621 2058 693 2109 τε
716 2040 898 2129 εἶμεν
922 2044 1035 2110 καὶ
1060 2043 1469 2130 ἐναρμόνιον
1486 2055 1628 2122 ταῖς
1649 2048 1785 2110 ταῖν
1815 2047 1986 2129 βίων
2015 2038 2276 2110 ὑποθέ-

236 2159 412 2209 σεσι.
459 2143 566 2208 δεῖ
576 2141 652 2211 δὲ
671 2141 785 2208 καὶ
804 2138 932 2208 τάν
961 2138 1187 2227 ψυχὰν
1213 2144 1660 2228 ρυθμίζεσθαι
1692 2142 1843 2208 ποτὶ
1871 2139 1991 2219 τάς
2027 2136 2277 2209 ἀναλό-
2316 2169 2358 2218 D

247 2265 383 2325 γως
415 2236 675 2327 ἀρετάς,
711 2241 862 2306 ποτὶ
895 2242 1019 2324 μὲν
1052 2240 1508 2326 σωφροσύναν
1546 2233 1690 2307 οἷον
1726 2241 1875 2306 ποτὶ
1906 2234 2168 2324 ὑγίειαν
2201 2239 2274 2309 τὸ

250 2345 462 2425 σῶμα,
497 2339 648 2407 ποτὶ
683 2340 756 2405 δὲ
788 2335 1124 2423 φρόνασιν
1157 2331 1303 2406 οἷον
1337 2338 1486 2406 ποτὶ
1518 2335 1982 2424 εὐαισθησίαν,
2015 2339 2168 2407 ποτὶ
2201 2336 2276 2406 δὲ

248 2434 685 2521 ἀνδρειότατα
714 2428 862 2504 οἷον
881 2437 1032 2502 ποτὶ
1063 2433 1296 2522 ῥώμαν
1325 2436 1436 2503 καὶ
1467 2434 1682 2521 ἰσχύν,
1719 2437 1871 2505 ποτὶ
1911 2433 1985 2503 δὲ
2016 2440 2276 2505 δικαιο-

250 2536 469 2604 σύναν
487 2529 633 2603 οἶον
654 2536 803 2602 ποτὶ
823 2532 1068 2613 κάλλος
1084 2532 1160 2603 τὸ
1186 2540 1397 2621 σῶμα.
1432 2536 1724 2603 τουτέων
1746 2532 1820 2602 δὲ
1840 2531 2035 2620 ἀρχαὶ
2054 2538 2177 2620 μὲν
2198 2537 2274 2604 ἐκ

250 2634 510 2720 φύσιος,
549 2635 715 2720 μέσα
755 2632 827 2700 δὲ
865 2634 976 2700 καὶ
1012 2634 1262 2721 πέρατα
1296 2635 1364 2713 ἐξ
1397 2635 1784 2719 ἐπιμελείας,
1821 2631 2123 2717 σώματος
2148 2633 2274 2720 μὲν

249 2730 361 2802 διὰ
380 2737 832 2820 γυμναστικᾶς
852 2733 962 2798 καὶ
989 2736 1306 2818 ἰατρικοῖς,
1329 2737 1544 2817 ψυχᾶς
1578 2733 1653 2799 δὲ
1685 2728 1795 2798 διὰ
1830 2735 2130 2809 παιδείας
2163 2732 2274 2799 καὶ

250 2837 651 2919 φιλοσοφίας
666 2859 679 2871 ·
722 2820 919 2898 αὗται
938 2829 1071 2918 γὰρ
1092 2832 1198 2898 ταὶ
1222 2829 1541 2917 δυνάμιες
1559 2834 1905 2917 τρέφοισαι
1926 2832 2038 2899 καὶ
2056 2843 2268 2898 τονοῖ-

249 2949 360 2999 σαι
381 2927 593 2998 καὶτὰ
630 2927 901 3015 σώματα
931 2930 1043 2997 καὶ
1075 2927 1192 3008 τοὶς
1214 2927 1432 3016 ψυχὰς
1455 2926 1564 2998 διὰ
1598 2928 1832 2998 πόνων
1865 2933 1977 3002 καὶ
2008 2955 2273 3016 γυμνα-
2303 2949 2347 2999 E

249 3036 414 3098 σίων
433 3030 545 3098 καὶ
567 3034 816 3108 διαίτας
834 3027 1317 3116 καθαρότατος,
1329 3030 1435 3095 ταὶ
1448 3025 1571 3114 μὲν
1585 3023 1692 3095 διὰ
1707 3033 2153 3115 φαρμακειᾶν,
2169 3028 2277 3094 ταὶ

249 3128 322 3197 δὲ
353 3132 768 3197 παιδευτικαὶ
788 3136 915 3198 τᾶν
936 3136 1159 3214 ψυχάν
1194 3129 1305 3197 διά
1338 3135 1672 3198 κολασίων
1703 3133 1815 3198 καὶ
1851 3133 2268 3209 ἐπιπλαξίων.

247 3225 633 3315 ρωννύουσι
653 3226 785 3316 γὰρ
809 3225 918 3295 διὰ
943 3233 1333 3313 προτροπᾶν
1356 3231 1712 3314 ἑγείροισαι
1746 3225 1872 3296 τάν
1906 3226 2123 3314 ὁρμὰν
2157 3228 2269 3295 καὶ
2305 3251 2404 3310 104

248 3325 754 3449 ἑγκελευόμεναι
790 3323 872 3396 τά
905 3334 1237 3414 ποτίφορα
1284 3324 1492 3396 ποττά
1530 3331 1711 3413 ἔργα.
1775 3323 2115 3395 ἀλειπτικά
2146 3326 2272 3412 μὲν

253 3451 349 3497 ων.
370 3427 481 3495 καὶ
516 3420 560 3493 ἀ
595 3425 806 3514 ταύτᾳ
831 3426 1319 3513 συγγενεστάτα
1342 3425 1624 3510 ἰατρικά,
1648 3424 1921 3511 σώματα
1936 3433 2270 3556 *ταχθεῖσα

1849 3524 1917 3577 27
