2602 3928
323 162 450 226 280
1064 167 1634 226 ΠΛΑΤΩΝΟΣ

323 325 602 413 τοιούτω
648 322 1082 444 γιγνόμενονς
1136 324 1359 410 Πολύ,
1403 329 1565 411 ἔφη,
1610 327 1907 411 διαφέρει
1954 328 2027 395 τὰ
2068 334 2194 396 τοῦ
2235 330 2346 396 ἀεὶ

327 419 583 509 ὁμοίου.
642 418 729 493 Ἡ
755 414 881 490 οὖν
902 417 1226 508 ἀνομοίου
1259 419 1454 491 οὐσία
1475 420 1705 503 οὐσίας
1734 451 1798 492 τι
1829 433 2084 511 μᾶλλον
2116 421 2162 512 ἢ
2192 429 2345 492 ἐπι-

331 519 577 606 στὴμης
597 521 875 606 μετέχεις
922 518 1265 607 Οὐδαμῶς.
1317 527 1403 588 Τί
1418 519 1506 605 δ’,
1541 519 1890 608 ἀληθείαςς
1917 521 2096 592 Οὐδὲ
2118 529 2343 591 τοῦτο.

335 623 419 686 Εἰ
449 619 521 686 δὲ
553 614 870 703 ἀληθείας
900 609 1123 704 ἦττον,
1159 616 1241 686 οὐ
1273 621 1385 688 καὶ
1419 616 1680 701 οὐσίαςς
1714 618 2018 707 Ἀνάγκη.
2067 619 2347 690 Οὐκοῦν

260 729 306 784 1>
334 713 504 794 ὅλως
522 713 602 782 τά
626 717 775 799 περὶ
795 712 918 800 τὴν
938 723 1061 783 τοῦ
1082 715 1383 803 σώματος
1397 724 1768 799 θεραπείαν
1786 723 1946 806 γένη
1968 725 2107 787 τῶν
2123 726 2351 805 γενῶν

334 803 424 880 αὐ
445 819 582 881 τῶν
603 815 754 897 περὶ
774 811 901 899 τὴν
926 818 1046 899 τῆς
1076 821 1289 900 ψυχῆς
1310 819 1680 901 θεραπείαν
1709 807 1912 902 ἡττον
1933 813 2250 903 ἀληθείας
2273 840 2348 882 τε

333 915 443 980 καὶ
467 909 699 990 οὐσίας
726 914 1005 998 μετέχεις
1047 912 1239 981 Πολύ
1271 938 1366 997 γε.
1405 917 1621 999 Σῶμα
1655 913 1728 982 δε
1771 910 1933 981 αὐτὸ
1970 921 2182 1000 ψυχῆς
2217 909 2348 980 οὐκ

335 1105 671 1192 ρούμενον
691 1109 802 1175 καὶ
831 1105 995 1176 αὐτὰ
1017 1114 1274 1194 μᾶλλον
1309 1102 1391 1175 ὂν
1435 1106 1645 1186 ὅντως
1687 1115 1942 1194 μᾶλλον
1976 1115 2345 1195 πληροῦται

335 1202 378 1291 ἢ
411 1202 487 1275 τὸ
510 1212 649 1272 τῶν
680 1196 888 1290 ἦττον
916 1202 1137 1273 ὄντων
1160 1209 1267 1273 καὶ
1291 1201 1456 1273 αὐτὰ
1487 1195 1691 1292 ἦττον
1724 1203 1841 1287 ὅνς
1882 1213 2038 1286 Πῶς
2068 1204 2200 1293 γὰρ
2227 1206 2314 1274 οῦ
2327 1235 2349 1287 ς

336 1310 424 1376 Εἰ
441 1302 574 1387 ἄρα
594 1300 671 1371 τὰ
691 1309 1120 1389 πληροῦσθαι
1139 1312 1274 1371 τῶν
1296 1305 1498 1389 φύσει
1519 1302 1998 1392 προσηκόντων
2027 1303 2161 1393 ἡδύ
2188 1309 2345 1389 ἐστι,

265 1418 306 1469 n:
340 1400 414 1470 τὸ
438 1407 535 1492 τῷ
556 1399 701 1470 όντι
734 1402 846 1470 καὶ
875 1408 1013 1470 τῶν
1051 1400 1270 1470 ὄντων
1300 1405 1769 1490 πληρούμενον
1801 1410 2055 1489 μᾶλλον
2090 1411 2346 1490 μαλλον

339 1499 549 1578 ὅντως
568 1524 640 1567 τε
661 1501 771 1567 καὶ
794 1495 1252 1586 ἀληθεστέρως
1271 1497 1588 1586 χαίρειν’“
1544 1527 1631 1568 αν
1652 1514 1836 1568 ποιοῖ
1848 1498 2059 1590 ἡδονῇ
2087 1497 2350 1587 ἀληθεῖ,

340 1595 413 1666 τὰ
438 1598 512 1666 δὲ
544 1602 683 1664 τῶν
713 1586 915 1682 ἦττον
956 1595 1174 1665 ὄντων
1203 1598 1714 1686 μεταλαμβάνον
1748 1590 1949 1684 ἧττόν
1982 1623 2052 1666 τε
2076 1594 2163 1665 ἀν
2184 1597 2347 1685 ἀλη-

335 1705 482 1776 θῶς
502 1698 614 1764 καὶ
634 1701 917 1782 βεβαίως
939 1704 1252 1782 πληροῖτο
1284 1698 1396 1765 καὶ
1419 1693 1913 1783 ἀπιστοτέρας’“
1867 1722 1955 1763 αν
1975 1693 2224 1783 ἡδονῆς
2241 1701 2350 1765 καὶ

339 1787 541 1881 ἦττον
584 1792 887 1880 ἀληθοῦς
925 1795 1433 1881 μεταλαμβάνοι.
1486 1793 2017 1881 Ἀναγκαιότατα,
2054 1799 2200 1881 ἔφη.
2266 1796 2355 1863 Οἱ

205 1914 306 1973 586
343 1889 473 1979 ἄρα
492 1891 882 1979 φρονήσεως
902 1895 1013 1959 καὶ
1048 1889 1285 1978 ἀρετῆς
1316 1891 1599 1978 ἄπειροι,
1637 1892 1939 1979 εὐωχίαις
1971 1890 2043 1959 δὲ
2076 1894 2188 1959 καὶ
2217 1905 2354 1972 τοῖς

338 1989 666 2067 τοιούτοις
695 1986 796 2056 ἀεὶ
830 1988 1161 2073 ξυνόντες,
1201 1989 1402 2073 κάτω,
1440 1988 1527 2069 ῶς
1560 1995 1754 2076 ἔοικε,
1790 1991 1900 2059 καὶ
1932 1992 2118 2076 μέχρι
2150 1990 2353 2059 πάλιν

309 2089 510 2171 ,πρὸς
551 2085 625 2154 τὸ
668 2083 911 2171 μεταξὺ
956 2087 1278 2173 φέρονταί
1314 2113 1384 2155 τε
1425 2089 1537 2156 καὶ
1581 2087 1789 2175 ταύτῃ
1823 2093 2207 2156 πλανῶνται
2241 2087 2350 2156 διὰ

342 2188 522 2272 βίου,
566 2180 973 2270 ὑπερβάντες
1011 2184 1085 2254 δὲ
1122 2190 1323 2253 τοῦτο
1375 2184 1542 2271 πρὸς
1579 2184 1655 2252 τὸ
1695 2182 1969 2272 άληθῶς
2013 2184 2154 2253 ἅνω
2197 2183 2352 2253 οὔτε

344 2279 719 2367 ἀνέβλεψαν
751 2280 1019 2349 πώποτε
1053 2280 1207 2349 οὕτε
1238 2279 1642 2369 ἠνέχθησαν,
1682 2280 1841 2352 οὐδὲ
1873 2288 1998 2350 τοῦ
2038 2280 2231 2362 ὄντος
2261 2290 2353 2373 τῷ

345 2377 491 2449 ὄντι
512 2377 1021 2465 ἐπληρώθησαν,
1046 2377 1205 2447 οὐδὲ
1227 2387 1505 2467 βεβαίου
1524 2405 1595 2448 τε
1627 2381 1739 2449 καὶ
1770 2387 2075 2468 καθαρᾶς
2109 2378 2357 2467 ἡδονῆς

346 2476 725 2563 ἐγεύσαντο,
760 2474 928 2545 ἀλλὰ
962 2477 1404 2563 βοσκημάτων
1439 2482 1631 2564 δίκην
1653 2477 1834 2545 κάτω
1868 2475 1971 2546 άεὶ
2003 2482 2358 2567 βλέποντες

347 2579 470 2668 καὶ,
478 2574 842 2661 κεκυφότες
863 2579 956 2654 εἰς
973 2582 1104 2661 γῆν
1122 2576 1233 2643 καὶ
1255 2580 1349 2654 εἰς
1377 2578 1695 2663 τραπέζας
1724 2575 2086 2663 βόσκονται
2117 2601 2354 2662 χορτα-

270 2693 313 2745 Β
349 2675 606 2761 ζόμενοι
626 2676 737 2743 καὶ
767 2672 1136 2760 ὀχεύοντες,
1172 2676 1282 2741 καὶ
1317 2674 1513 2741 ἕνεκα
1545 2678 1659 2759 τῆς
1691 2673 1950 2741 τούτων
1982 2677 2359 2753 πλεονεξίας

346 2777 754 2853 λακτίζοντες
773 2772 885 2839 καὶ
904 2778 1323 2857 κυρίττοντες
1343 2768 1670 2857 ἀλλήλους
1701 2775 1996 2858 σιδηροῖς
2026 2774 2257 2857 κέρασί
2285 2795 2356 2837 τε

345 2872 459 2939 καὶ
478 2866 710 2947 ὁπλαῖς
729 2866 1210 2937 ἀποκτιννύασι
1232 2864 1324 2935 δι’
1347 2867 1736 2955 ἀπληστίαν,
1762 2866 1875 2937 ἅτε
1900 2866 2048 2955 οὐχὶ
2077 2882 2213 2947 τοῖς
2233 2859 2356 2935 οὐ·

347 2985 457 3035 σιν
480 2965 636 3034 οὐδὲ
656 2962 731 3034 τό
758 2960 842 3033 ὂν
873 2964 1032 3035 οὐδὲ
1055 2965 1131 3034 τὸ
1159 2968 1396 3051 στέγον
1418 2966 1674 3034 ἑαυτῶν
1694 2966 2119 3052 πιμπλάντες.
2164 2976 2353 3036 Παν-

346 3071 568 3150 τελῶς,
610 3068 738 3149 ἔφη
775 3059 812 3131 ὁ
846 3063 1196 3151 Γλαύκων,
1229 3062 1356 3133 τὸν
1386 3070 1523 3133 τῶν
1565 3072 1853 3152 πολλῶν,
1893 3058 1947 3133 03
1981 3063 2352 3152 Σώκρατες,

345 3166 751 3251 χρησμῳδεῖς
768 3168 935 3249 βίον.
963 3155 1108 3248 ‘Ao'
1146 3156 1274 3232 οὖν
1308 3161 1433 3232 οὐκ
1465 3162 1723 3250 ἀνάγκη
1757 3165 1869 3231 καὶ
1896 3158 2168 3249 ἡδοναῖς
2197 3167 2355 3241 ξυν-

347 3271 514 3327 εἴναι
546 3263 969 3346 μεμιγμέναις
1001 3261 1264 3348 λύπαις,
1301 3261 1598 3340 εἰδώλοις
1631 3267 1747 3347 τῆς
1776 3258 2079 3347 ἀληθοῦς
2110 3256 2356 3346 ἡδονῆς

346 3358 455 3425 καὶ
499 3359 1137 3448 ἐσκιαγραφημέναις
1150 3411 1170 3446 ,
1215 3356 1348 3428 ὑπὸ
1392 3368 1509 3447 τῆς
1565 3354 1724 3446 παρ’
1775 3357 2062 3446 ἀλλήλας
2105 3360 2354 3433 θέσεως

2548 2871 2582 3053 ΙΙΒ
