2602 3928
367 238 496 303 404
1131 235 1700 296 ΠΛΑΤΩΝΟΣ
2157 255 2164 260 ·
2310 243 2385 295 86

293 414 333 463 C
366 410 491 470 τοῦ
514 399 1029 486 γεγυμνασμένῳ
1053 409 1331 482 φρονεῖν
1352 396 1473 480 μεν
1496 393 1808 462 ἀθάνατα
1827 395 1940 462 καὶ
1969 403 2146 478 θεῖα,
2172 391 2391 477 ἄνπερ

367 500 683 585 ἀληθείας
704 496 1091 582 ἐφάπτηται,
1124 502 1306 561 πάσα
1329 490 1587 579 ἀνάγκη
1609 515 1764 577 που,
1789 487 1954 560 καθ’
1993 488 2159 558 ὅσον
2192 488 2259 557 δ’
2298 516 2390 557 αυ

367 609 710 684 μετασχεῖν
733 593 1133 679 ἀνθρωπίνη
1157 591 1358 677 φύσις
1372 586 1744 668 ἀθανασίας
1764 591 2115 675 ἐνδέχεται,
2138 587 2393 656 τούτου

367 695 575 781 μηδεν
596 697 791 780 μέρος
814 687 1288 773 ἀπολείπειν,”
1243 714 1359 757 ατε
1388 688 1461 756 δὲ
1482 684 1584 755 ἀεὶ
1602 686 2072 775 θεραπεύοντα
2091 685 2166 753 τὸ
2189 695 2395 753 θεῖον

370 792 603 877 ἔχοντά
625 817 695 859 τε
716 787 924 858 αὐτὸν
950 782 1030 856 εὖ
1063 786 1562 872 κεκοσμημένον
1595 782 1718 852 τὸν
1754 788 2034 869 δαίμονα
2069 783 2394 863 ξύνοικον

370 893 445 957 έν
480 886 663 976 αὐτῷ
697 885 1149 974 διαφερόντως
1192 880 1555 970 εὐδαίμονα
1600 880 1784 950 εἶναι.
1829 887 2152 967 θεραπεία
2189 882 2263 949 δὲ
2306 879 2393 966 δὴ

326 1009 327 1014 ’
371 989 567 1053 παντὶ
588 984 853 1062 πάντως
874 989 1011 1069 μία,
1025 979 1141 1059 τὰς
1155 986 1397 1057 οἰκείας
1419 979 1670 1068 ἑκάστῳ
1691 977 1945 1067 τροφὰς
1966 979 2076 1046 καὶ
2097 977 2399 1065 κινήσεις

291 1089 332 1137 D
373 1082 802 1151 ἀποδιδόναι·
843 1086 939 1171 τῷ
963 1078 1024 1147 δ’
1063 1084 1136 1147 ἐν
1173 1075 1332 1165 ἡμῖν
1364 1084 1528 1165 θείῳ
1564 1081 1900 1164 ξυγγενεῖς
1934 1079 2057 1145 είσὶ
2094 1075 2398 1162 κινήσεις

373 1185 446 1248 αἰ
461 1186 583 1248 τοῦ
604 1176 852 1257 παντὸς
871 1178 1244 1262 διανοήσεις
1262 1180 1374 1243 καὶ
1394 1181 1757 1261 περιφοραί
1769 1200 1782 1214 ·
1828 1175 2096 1252 ταύταις
2117 1171 2200 1259 δὴ
2226 1178 2397 1253 ξυν-

373 1277 701 1361 επόμενον
732 1278 1012 1344 ἕκαστον
1046 1278 1151 1342 δεῖ
1173 1270 1291 1353 τὰς
1317 1276 1467 1357 περὶ
1498 1272 1624 1359 τὴν
1643 1275 1909 1358 γένεσιν
1927 1276 2003 1339 έν
2022 1279 2103 1358 τῇ
2125 1278 2393 1357 κεφαλῇ

373 1374 867 1459 διεφθαρμένας
887 1369 1083 1457 ἡμῶν
1098 1370 1452 1457 περιόδους
1483 1373 1895 1453 ἐξορθοῦντα
1926 1368 2035 1438 διὰ
2074 1368 2147 1437 τὰ
2182 1394 2397 1437 κατα-

371 1470 751 1559 μανθάνειν
771 1467 888 1548 τὰς
920 1476 1043 1537 τοῦ
1078 1467 1326 1548 παντὸς
1347 1465 1665 1555 ἁρμονίας
1683 1494 1754 1536 τε
1778 1469 1888 1536 καὶ
1908 1465 2280 1556 περιφορὰς
2297 1476 2398 1557 τῷ

371 1570 885 1657 κατανοουμένῳ
902 1564 979 1634 τὸ
992 1572 1372 1634 κατανοοῦν
1383 1569 1772 1652 ἐξομοιῶσαι
1788 1563 1954 1635 κατὰ
1966 1564 2088 1653 τὴν
2110 1563 2396 1653 ἀρχαίαν

372 1667 605 1753 φύσιν,
641 1662 1060 1751 ὁμοιώσαντα
1097 1664 1169 1733 δὲ
1209 1665 1394 1740 τέλος
1427 1666 1599 1748 ἔχειν
1635 1669 1756 1731 τοῦ
1786 1666 2231 1750 προτεθέντος
2265 1660 2395 1729 ἀν-

371 1766 676 1852 θρώποις
699 1760 829 1831 ὑπὸ
856 1770 1040 1831 θεαῖν
1064 1759 1343 1847 ἀρίστου
1364 1767 1517 1847 βίου
1540 1761 1708 1845 πρός
1729 1787 1799 1830 τε
1818 1760 1942 1830 τὸν
1961 1762 2263 1846 παρόντα
2285 1763 2394 1828 καὶ

372 1861 494 1930 τὸν
517 1868 737 1929 ἔπειτα
758 1861 1024 1948 χρόνον.
2577 1833 2581 1926 W

294 1977 335 2027 Ε
544 1966 739 2028 XLIV.
783 1961 915 2027 Καὶ
949 1955 1030 2046 δὴ
1066 1958 1178 2026 καὶ
1208 1954 1289 2025 τὰ
1326 1964 1456 2025 νῦν
1490 1955 1651 2044 ἡμῖν
1683 1959 1747 2038 ἐξ
1779 1953 1983 2045 ἀρχῆς
2016 1967 2396 2045 παραγγελ-

371 2062 582 2125 θέντα
607 2061 968 2137 διεξελθεῖν
988 2056 1137 2139 περὶ
1157 2062 1283 2120 τοῦ
1304 2052 1551 2132 παντὸς
1562 2057 1753 2142 μέχρι
1771 2056 2094 2140 γενέσεως
2114 2051 2397 2141 ἀνθρω-

374 2160 571 2241 πίνης
596 2150 834 2239 σχεδὸν
857 2160 1031 2221 ἔοικε
1063 2153 1249 2229 τέλος
1281 2157 1472 2237 ἔχειν.
1513 2149 1595 2219 τὰ
1616 2148 1746 2237 γὰρ
1769 2150 1938 2219 ἄλλα
1959 2157 2089 2231 ζῶα
2120 2143 2167 2240 ᾗ
2196 2155 2399 2238 γέγο-

377 2277 496 2319 νεν
518 2243 627 2334 αὖ,
660 2248 769 2318 διὰ
794 2254 1096 2337 βραχέων
1122 2246 1623 2336 ἐπιμνηστέον,
1602 2275 1638 2316 ο
1661 2249 1752 2335 μή
1778 2273 1877 2329 τις
1897 2246 2151 2339 ἀνάγκη
2174 2252 2399 2339 μηκύ-

373 2374 544 2416 νειν·
600 2346 778 2416 οὕτω
811 2346 942 2433 γὰρ
984 2348 1451 2435 έμμετρότερός
1489 2374 1589 2426 τις
1630 2342 1718 2415 άν
1765 2344 1944 2439 αὑτῳ
1992 2348 2202 2429 δόξειε
2244 2353 2400 2435 περὶ

373 2471 532 2522 τους
553 2443 812 2513 τούτων
833 2445 1075 2531 λόγους
1097 2444 1286 2513 εἶναι.
1331 2441 1478 2535 τῇδ’
1508 2437 1634 2513 οὖν
1651 2442 1726 2513 τὰ
1750 2454 2059 2516 τοιοῦτον
2080 2452 2246 2516 ἔστω
2283 2456 2398 2516 λε·-

374 2542 683 2627 γόμενον.
713 2568 850 2610 των
870 2544 1255 2630 γενομένων
1277 2541 1598 2627 ἀνδρων
1570 2542 1721 2611 όσοι
1741 2546 1946 2613 δειλοὶ
1966 2546 2077 2612 καὶ
2098 2542 2219 2612 τὸν
2240 2551 2397 2631 βίον

376 2638 621 2720 ἀδίκως
658 2644 965 2726 διῆλθον,
1000 2639 1168 2708 κατὰ
1203 2640 1409 2726 λόγον
1441 2637 1562 2709 τὸν
1598 2641 1819 2710 εἰκότα
1859 2655 2169 2728 γυναῖκες
2201 2667 2398 2728 μετε-

277 2756 345 2811 91
382 2739 640 2823 φύοντο
676 2740 751 2804 έν
782 2745 865 2825 τῇ
899 2743 1174 2826 δευτέρᾳ
1208 2741 1493 2823 γενέσει·
1538 2741 1650 2807 καὶ
1680 2737 1828 2808 κατ’
1865 2742 2122 2808 ἐκεῖνον
2158 2735 2239 2825 δὴ
2276 2737 2399 2806 τὰν

376 2836 624 2922 χρόνον
647 2831 757 2903 διά
777 2840 988 2902 ταῦτα
1016 2837 1165 2904 θεοὶ
1199 2833 1321 2904 τὸν
1354 2844 1469 2923 τῆς
1501 2842 1853 2918 ξυνουσίας
1882 2842 2092 2921 ἔρωτα
2127 2836 2398 2923 έτεκτή-

377 2959 603 3017 ναντο,
637 2939 806 3014 ζωον
824 2931 899 3003 τὸ
925 2933 1050 3019 μὲν
1071 2936 1146 3002 έν
1171 2931 1351 3021 ἡμῖν,
1373 2935 1448 3002 τὸ
1477 2932 1540 3003 δ’
1574 2939 1650 3004 ἐν
1680 2948 1820 3014 ταῖς
1848 2936 2111 3022 γυναιξὶ
2146 2938 2399 3022 συστή-
2571 2970 2576 3037 Ι

378 3049 612 3109 σαντες
630 3035 948 3118 ἔμψυχον,
971 3036 1207 3151 τοιῳδε
1227 3032 1454 3123 τρόπῳ
1478 3033 1872 3120 ποιήσαντες
1895 3031 2226 3118 ἑκάτερον.
2266 3030 2397 3119 τὴν

376 3136 499 3196 τοῦ
534 3133 746 3195 ποτοῦ
785 3132 1100 3214 διέξοδον,
1137 3119 1183 3216 ᾗ
1225 3127 1336 3197 διὰ
1369 3153 1493 3198 του
1527 3131 1901 3216 πλεύμονος
1931 3129 2007 3198 τὸ
2039 3129 2220 3216 πόμα
2254 3125 2392 3198 ὑπὸ

377 3248 535 3302 τους
558 3220 851 3308 νεφροὺς
872 3230 967 3304 είς
985 3221 1108 3311 τὴν
1131 3225 1369 3294 κύστιν
1390 3224 1595 3296 έλθον
1627 3229 1737 3295 καὶ
1759 3253 1851 3316 τῳ
1876 3227 2204 3314 πνεύματι
2234 3236 2396 3296 θλι-

380 3321 562 3403 φθὲν
607 3323 1042 3409 ξυνεκπέμπει
1077 3329 1418 3413 δεχομένη,
1453 3329 1859 3413 ξυνέτρησαν
1898 3332 1991 3405 είς
2020 3323 2147 3393 τὸν
2172 3328 2247 3393 ἐκ
2276 3335 2396 3414 τῆς

383 3422 677 3501 κεφαλῆς
717 3417 883 3487 κατὰ
929 3419 1050 3488 τὸν
1093 3421 1338 3510 αὐχένα
1377 3427 1484 3492 καὶ
1530 3422 1637 3491 διὰ
1677 3430 1793 3510 τῆς
1837 3423 2086 3511 ῥάχεως
2137 3422 2394 3509 μυελὸν
