2602 3928
343 222 426 284 98
1071 224 1637 283 ΠΛΑΤΩΝΟΣ

347 381 512 450 ὄντα
536 382 829 464 δοξάζειν
854 380 1216 470 ἀληθεύειν
1238 386 1425 451 δοκεῖ
1455 403 1563 449 σοι
1596 381 1805 466 εἷναι;
1852 381 2043 469 Αλλ’,
2076 376 2121 470 ἦ
2156 381 2219 450 δ’
2258 381 2356 469 ὅς,
2419 451 2423 455 ⁴

347 479 572 567 ὀρθῶς
609 485 839 568 λέγεις,
876 487 996 549 καί
1017 507 1130 567 μοι
1165 486 1484 549 δοκοῦσιν
1514 480 1789 560 ἄκοντες
1823 478 2123 566 ἀληθοῦς
2159 482 2354 568 δόξης

343 584 822 665 στερίσκεσθαι.
906 574 1182 646 Οὐκοῦν
1203 581 1558 656 κλαπέντες
1578 572 1624 664 ἦ
1644 580 2121 664 γοητευθέντες
2138 574 2183 664 ἢ
2205 585 2348 664 βια-

347 680 620 757 σθέντες
660 685 858 745 τοῦτο
904 675 1309 761 πάσχουσιν;
1362 672 1556 757 ,Οὐδὲ
1606 684 1760 759 νῦν,
1804 680 1954 761 ἔφη,
2000 675 2351 763 μανθάνω.

268 783 309 832 Β
351 781 711 863 Τραγικοῖς,
735 767 824 859 ἦν
848 770 913 841 δ’
954 773 1106 860 ἐγώ,
1141 771 1518 841 κινδυνεύω
1537 776 1787 863 λέγειν.
1832 775 2199 852 κλαπέντας
2232 776 2356 860 μὲν

344 869 472 958 γὰρ
508 870 666 950 τοὺς
696 871 1254 956 μεταπεισθέντας
1287 873 1456 956 λέγω
1491 872 1603 938 καὶ
1633 868 1792 949 τούς
1825 874 2356 958 ἐπιλανθανομέ-

341 996 525 1056 νους,
550 969 654 1037 ὅτι
673 978 811 1037 τῶν
823 968 946 1054 μὲν
957 967 1215 1055 χρόνος,
1237 976 1382 1037 τῶν.
1397 972 1468 1036 δὲ
1490 969 1685 1056 λόγος
1705 971 2169 1056 ἐξαιρούμενος
2190 979 2354 1038 λαν-

342 1068 560 1136 θάνει.
606 1074 737 1134 νῦν
758 1066 883 1150 γάρ
908 1092 1040 1134 που
1060 1067 1463 1152 μανθάνεις;
1500 1073 1655 1135 Ναί.
1750 1065 1924 1147 Τούς
1944 1075 2177 1137 τοίνυν
2205 1075 2356 1155 βια-

347 1167 632 1244 σθέντας
657 1167 828 1249 λέγω
862 1162 983 1243 οὓς
1017 1159 1104 1231 ἄν
1139 1161 1350 1251 ὀδύνη
1382 1192 1481 1244 τις
1512 1160 1558 1251 ἦ
1578 1163 1889 1252 ἀλγηδών
1920 1167 2355 1253 μεταδοξάσαι

344 1260 606 1350 ποιήσῃ.
649 1263 782 1329 Καὶ
803 1259 1008 1347 τοῦτ’,
1032 1267 1184 1349 ἔφη,
1208 1268 1486 1348 ἔμαθον,
1510 1265 1618 1331 καὶ
1645 1262 1871 1348 ὀρθῶς
1891 1269 2115 1349 λέγεις.
2181 1263 2356 1343 Τοὺς
2410 1283 2414 1286 ’

276 1382 311 1433 c
348 1359 484 1447 μὴν
501 1362 1005 1447 γοητευθέντας,
1035 1358 1123 1439 ὥς
1155 1352 1426 1451 ἐγῷμαι,
1463 1355 1594 1429 κᾶν
1626 1359 1713 1428 σύ
1740 1369 1940 1449 φαίης
1977 1361 2143 1430 εἶναι
2176 1368 2244 1431 οἳ
2272 1357 2355 1429 ἀν

344 1457 878 1547 μεταδοξάσωσιν
915 1455 960 1545 ἢ
992 1456 1116 1545 ὑφ’
1153 1456 1401 1546 ἡδονῆς
1444 1464 1846 1546 κηληθέντες
1885 1458 1931 1546 ἦ
1963 1457 2094 1527 ὑπὸ
2135 1461 2357 1547 φόβου

342 1584 404 1624 τι
438 1562 786 1636 δείσαντες.
837 1556 1050 1625 Ἑοικε
1085 1556 1235 1643 γάρ,
1278 1549 1324 1643 ἦ
1359 1555 1419 1623 δ’
1459 1555 1556 1643 ὅς,
1601 1557 1947 1644 γοητεύειν
1981 1556 2196 1626 πάντα
2232 1556 2353 1624 ὅσα

345 1677 585 1743 απατᾳ.

506 1754 634 1819 XX.
663 1749 742 1821 “O
777 1759 1011 1821 τοίνυν
1046 1751 1197 1835 ἄρτι
1227 1756 1477 1837 ἔλεγον,
1513 1754 1841 1839 ζητητέον,
1885 1757 2057 1832 τίνες
2099 1751 2357 1838 ἄριστοι

344 1851 642 1935 φύλακες
673 1858 799 1918 τοῦ
831 1847 988 1932 παρ’
1033 1846 1257 1926 αὑτοῖς
1291 1848 1638 1934 δόγματος,
1675 1857 1871 1917 τοῦτο
1909 1847 1997 1928 ὥς
2025 1854 2353 1936 ποιητέον,

340 1945 381 2013 ὃ
403 1944 491 2016 ἂν
506 1957 589 2035 τῇ
609 1947 799 2015 πόλει
835 1944 936 2014 ἀεὶ
973 1942 1221 2013 δοκῶσι
1253 1949 1598 2031 βέλτιστον
1628 1944 1799 2014 εἶναι
1845 1943 2091 2027 αὐτοὺς
2125 1961 2356 2016 ποιεῖν.

339 2047 659 2131 τηρητέον
682 2043 762 2130 δὴ
803 2042 1014 2122 εὐθὺς
1047 2046 1119 2111 ἐκ
1154 2046 1434 2126 παίδων,
1470 2047 1909 2130 προθεμένοις
1940 2049 2120 2130 ἔργα,
2153 2048 2229 2113 έν
2261 2041 2359 2124 οἷς

341 2141 427 2209 ἄν
448 2166 545 2220 τις
570 2139 642 2208 τὸ
671 2148 980 2209 τοιοῦτον
1000 2139 1280 2225 μάλιστα
1304 2139 1812 2209 ἐπιλανθάνοιτο
1837 2144 1947 2210 καὶ
1960 2145 2354 2227 ἐξαπατῷτο,

265 2255 307 2303 D
341 2236 597 2307 καὶτὸν
616 2239 739 2324 μὲν
770 2237 1081 2325 μνήμονα
1114 2238 1224 2304 καὶ
1266 2237 1801 2324 δυσεξαπάτητον
1836 2242 2191 2326 ἐγκριτέον,
2235 2238 2357 2308 τὸν

342 2340 413 2406 δὲ
444 2338 532 2425 μὴ
570 2335 983 2424 ἀποκριτέον.
1041 2330 1085 2423 ἦ
1118 2337 1282 2422 γάρ;
1326 2343 1472 2405 Ναί
1567 2339 1702 2405 Καὶ
1732 2336 1985 2420 πόνους
2013 2362 2090 2422 γε
2123 2329 2213 2404 αὖ
2246 2341 2357 2407 καὶ

341 2434 716 2522 ἀλγηδόνας
737 2436 846 2502 καὶ
869 2432 1133 2520 ἀγῶνας
1158 2432 1384 2513 αὐτοῖς
1407 2437 1665 2518 θετέον,
1700 2437 1774 2502 ἐν
1799 2430 1896 2514 οἷς
1915 2432 2125 2503 ταύτὰ
2149 2442 2355 2503 ταῦτα

341 2536 678 2620 τηρητέον.
761 2529 1035 2618 Ὀρθι-ὄς,
1059 2537 1206 2619 ἔφη.
1255 2529 1548 2615 Ούκοῦν,
1573 2524 1661 2618 ἦν
1702 2530 1765 2599 δ’
1802 2534 1954 2618 ἐγώ,
1989 2534 2100 2600 καὶ
2131 2541 2356 2620 τρίτου

343 2636 562 2708 εἴδους
602 2629 863 2709 τούτοις
892 2637 1191 2717 γοητείας
1226 2628 1510 2716 ἅμιλλαν
1540 2634 1867 2716 ποιητέον,
1909 2632 2019 2697 καὶ
2051 2634 2355 2717 θεατέον,

346 2729 566 2814 ὥσπερ
599 2726 757 2808 τοὺς
797 2728 1063 2805 πσόλους
1106 2728 1210 2795 ἐπὶ
1250 2725 1409 2805 τούς
1449 2726 1714 2812 ψόφους
1751 2752 1823 2794 τε
1863 2728 1973 2795 καὶ
2013 2727 2358 2813 θορύβους

348 2825 622 2912 ἄγοντες
646 2833 1016 2895 σκοποῦσιν
1043 2830 1104 2892 εἰ
1123 2830 1422 2911 φοβεροί,
1446 2822 1624 2891 οὕτω
1646 2826 1841 2901 νέους
1860 2822 2059 2903 ὄντας
2093 2830 2186 2903 εἰς
2218 2829 2356 2892 δεί-

270 2944 308 2993 Ε
345 2920 497 3009 ματ’
523 2923 687 2990 ἅττα
709 2924 1055 3008 κομιστέον
1077 2925 1185 2991 καὶ
1209 2927 1301 3001 εἰς
1321 2919 1569 3007 ἡδονὰς
1600 2915 1690 2989 αὖ
1726 2925 2187 3008 μεταβλητέον,
2226 2929 2353 3009 βα-

343 3027 724 3101 σανίζοντας
745 3019 920 3089 πολὺ
941 3028 1198 3106 μᾶλλον
1218 3014 1263 3105 ἦ
1282 3018 1535 3105 χρυσὸν
1555 3024 1630 3086 ἐν
1648 3026 1830 3105 πυρί,
1856 3025 1918 3086 εἰ
1946 3019 2354 3107 δυσγοήτευ-

343 3145 453 3197 τος
476 3121 585 3186 καὶ
610 3117 960 3205 εὐσχήμων
981 3123 1052 3186 ἐν
1072 3126 1233 3186 πᾶσι
1254 3124 1580 3202 φαίνεται,
1599 3117 1815 3202 φύλαξ
1830 3116 2042 3184 αὑτοῦ
2066 3113 2165 3184 &v
2185 3114 2356 3203 ἀγα-

341 3215 470 3296 θός
490 3218 600 3284 καὶ
621 3227 939 3303 μουσικῆς
973 3209 1054 3304 ἧς
1087 3218 1489 3303 ἐμάνθανεν,
1518 3213 1869 3301 εὔρυθμόν
1900 3241 1970 3283 τε
2004 3218 2110 3283 καὶ
2149 3213 2357 3301 εὐάρ-

343 3334 592 3401 μοστον
622 3315 861 3383 ἑαυτὸν
893 3318 967 3382 ἐν
1002 3321 1164 3381 πᾶσι
1196 3311 1457 3393 τούτοις
1488 3318 1812 3399 παρέχων,
1861 3308 1997 3393 οἶος
2029 3311 2109 3400 δὴ
2137 3307 2226 3381 ἂν
2257 3309 2358 3382 ὦν

343 3415 449 3481 καὶ
473 3413 684 3501 ἐαυτῷ
703 3416 813 3482 καὶ
833 3414 1020 3481 πόλει
1041 3412 1531 3501 χρησιμώτατος
1567 3423 1683 3501 εἴη.
1752 3414 1864 3481 καὶ
1895 3410 2015 3481 τὸν
2050 3410 2149 3481 ἀεὶ
2184 3417 2258 3479 ἔν
2282 3439 2352 3480 τε
