2602 3928
318 217 449 284 ³80
1058 213 1635 274 ΠΛΑΤΩΝΟΣ
2268 217 2345 271 62

323 378 532 449 αὐτὸν
544 381 981 463 περιέστησαν
994 371 1139 444 οἷον
1151 374 1482 460 μάλαγμα,
1493 369 1578 439 ἵν’
1596 368 1631 440 ὁ
1646 372 1866 457 θυμὸς
1876 369 2072 457 ἡνίκα
2088 376 2158 437 ἐν
2170 367 2346 458 αυτῇ

326 476 634 565 ἀκμάζοι,
669 479 944 561 πηδῶσα
970 480 1062 552 εἰς
1083 469 1360 541 ὑπεῖκον
1381 474 1491 540 καὶ
1519 468 2013 555 άναψυχομένη,
2036 476 2346 536 πονοῦσα

321 569 543 663 ἦττον,
588 580 844 659 μᾶλλον
875 579 970 661 τῷ
1001 570 1177 659 λόγῳ
1213 567 1375 656 μετὰ
1407 573 1639 655 θυμοῦ
1663 567 1937 635 δύναιτο
1967 562 2347 654 ὑπηρετεῖν.

490 675 730 740 XXXII.
783 670 874 737 Τό
904 667 978 738 δὲ
1001 665 1082 754 δὴ
1118 674 1320 736 σίτων
1354 690 1426 734 τε
1457 668 1568 734 καὶ
1599 671 1825 732 ποτῶν
1858 664 2349 752 ἐπιθυμητικὸν

324 777 439 856 τῆς
459 777 672 855 ψυχῆς
704 770 815 836 καὶ
847 766 1014 834 ὅσον
1055 769 1320 833 ἔνδειαν
1358 763 1466 830 διὰ
1505 762 1630 849 τὴν
1665 769 1788 830 τοῦ
1835 763 2136 849 σώματος
2178 773 2342 849 ἴσχει

326 868 557 954 φύσιν,
595 873 791 933 τοῦτο
819 870 909 942 εἰς
933 860 1016 931 τοὶ
1048 858 1290 948 μεταξὺ
1320 868 1456 928 τῶν
1479 886 1547 928 τε
1573 868 1845 946 φρενῶν
1878 863 1988 928 καὶ
2019 869 2142 930 τοῦ
2174 860 2342 946 πρὸς

245 982 285 1035 Ε
325 964 445 1033 τὸν
477 959 788 1049 όμφαλόν
829 960 997 1045 ὅρου
1039 958 1452 1048 κατῴκισαν,
1498 954 1645 1027 οἶον
1688 960 1953 1045 φάτνην
1990 962 2064 1027 έν
2100 957 2345 1027 ἅπαντι

327 1062 541 1150 τούτῳ
586 1067 682 1149 τῷ
721 1059 903 1149 τόπῳ
946 1065 1029 1146 τῇ
1071 1065 1195 1126 τοῦ
1235 1056 1538 1143 σώματος
1577 1064 1801 1145 τροφῇ
1836 1059 2343 1145 τεκτηνάμενοι·

326 1163 439 1229 καὶ
460 1163 830 1245 κατέδησαν
849 1154 934 1244 δὴ
950 1155 1024 1224 τὸ
1048 1164 1354 1224 τοιοῦτον
1375 1157 1672 1224 ἐνταῦθα
1691 1152 1780 1235 ὡς
1799 1160 2067 1243 θρέμμα
2081 1154 2343 1242 ἄγριον,

324 1258 596 1342 τρέφειν
640 1255 714 1324 δὲ
756 1256 1175 1340 ξυνημμένον
1218 1250 1617 1339 ἀναγκαῖον,
1685 1263 1868 1337 εἴπερ
1910 1279 1974 1321 τι
2019 1258 2247 1340 μέλλοι
2268 1256 2342 1322 τό
2373 1263 2376 1264 ’

325 1352 584 1440 θνητὸν
606 1358 879 1421 ἔσεσθαι
897 1356 1106 1437 γένος.
1146 1346 1240 1418 ἵν’
1268 1342 1397 1419 οὖν
1421 1346 1522 1419 άεὶ
1541 1348 1915 1438 νεμόμενον
1938 1350 2107 1440 πρὸς
2126 1352 2350 1440 φάτνῃ

329 1453 442 1519 καὶ
463 1449 504 1517 ὅ
522 1476 585 1518 τι
609 1449 1015 1535 πορρωτάτω
1040 1456 1161 1517 τοῦ
1182 1451 1681 1536 βουλευομένου
1714 1457 2095 1536 κατοικοῦν,
2127 1451 2347 1536 θόρυ-

327 1557 454 1637 βον
476 1551 585 1619 καὶ
618 1548 788 1635 βοὴν
825 1544 916 1627 ὣς
949 1551 1290 1634 ἐλαχίστην
1326 1551 1636 1635 παρέχον,
1679 1546 1754 1614 τὰ
1790 1548 2147 1632 κράτιστον
2179 1547 2345 1617 καθ’

223 1675 291 1731 71
326 1645 605 1736 ἡσυχίαν
635 1648 785 1731 περὶ
816 1655 938 1714 τοῦ
971 1654 1133 1714 πᾶσι
1176 1652 1372 1733 κοινῇ
1414 1649 1866 1732 ξυμφέροντος
1907 1649 1993 1735 ἐῷ
2024 1646 2346 1734 βουλεύε-

330 1757 517 1830 σθαι,
556 1743 664 1825 διὰ
695 1752 904 1813 ταῦτα
937 1745 1216 1813 ἐνταῦθ’
1244 1749 1486 1813 ἔδοσαν
1508 1742 1690 1830 αὐτῷ
1708 1741 1833 1831 τὴν
1852 1746 2057 1825 τάξιν.
2104 1746 2347 1824 εἰδότες

331 1842 405 1911 δὲ
429 1839 615 1929 αὐτό,
644 1841 730 1921 ὡς
761 1842 967 1928 λόγου
989 1847 1109 1929 μὲν
1134 1841 1290 1911 οὔτε
1313 1841 1624 1929 ξυνήσειν
1643 1845 1931 1928 ἔμελλεν,
1957 1852 2025 1912 εἴ
2035 1847 2111 1911 τέ
2125 1868 2216 1931 πῃ
2235 1846 2347 1911 καὶ

330 1942 823 2029 μεταλαμβάνοι
836 1939 1016 2021 τινὰς
1039 1937 1262 2010 αὐτῶν
1276 1940 1671 2028 αἰσθήσεως,
1696 1939 1821 2009 οὐκ
1842 1945 2142 2029 ἔμφυτον
2162 1940 2344 2034 αύτῷ

330 2036 404 2107 τὸ
434 2042 657 2126 μέλειν
679 2047 881 2107 τινοῖν
904 2044 1114 2108 ἔσοιτο
1150 2039 1392 2125 λόγων,
1431 2035 1564 2107 ὑπὸ
1603 2040 1675 2107 δὲ
1699 2039 1994 2108 εἰδω’λων
2027 2043 2137 2109 καὶ
2171 2067 2346 2127 φαν-

329 2136 686 2222 τασμάτων
704 2134 945 2215 νυκτός
958 2163 1028 2205 τε
1049 2138 1160 2205 καὶ
1181 2134 1342 2223 μεθ’
1366 2133 1618 2222 ἡμέραν
1638 2138 1922 2224 μάλιστα
1942 2139 2346 2226 ψυχαγωγή-

333 2252 537 2319 σοιτο,
601 2235 816 2324 τούτῳ
865 2232 945 2322 δὴ
988 2231 1151 2314 θεὸς
1193 2234 1671 2321 ἐπιβουλεύσας
1710 2232 1890 2325 αὐτῷ
1933 2235 2059 2323 τὴν
2099 2235 2349 2323 ἥπατος

256 2355 296 2406 Β
332 2337 515 2402 ἰδέαν
538 2338 890 2421 ξυνέστησε
911 2338 1022 2403 καὶ
1054 2340 1300 2422 έθηκεν
1339 2340 1429 2414 εἰς
1471 2333 1593 2421 τὴν
1636 2338 1894 2403 ἐκείνου
1939 2341 2343 2424 κατοίκησιν,

331 2430 596 2502 πυκνὸν
620 2435 728 2501 καὶ
750 2440 930 2502 λεῖον
962 2434 1074 2502 καὶ
1106 2431 1415 2521 λαμπρὸν
1449 2435 1560 2502 καὶ
1590 2430 1809 2519 γλυκὺ
1842 2435 1954 2502 καὶ
1989 2435 2348 2522 πικρότητα

331 2535 485 2618 ἔχον
505 2533 1069 2620 μηχανησάμενος,
1095 2536 1208 2602 ἳνα
1230 2536 1304 2602 ἐν
1328 2530 1511 2623 αὐτῷ
1538 2540 1678 2601 ταῖν
1700 2532 2164 2620 διανοημάτων
2196 2531 2237 2619 ἡ
2273 2536 2349 2601 ἐκ

332 2637 455 2698 τοῦ
475 2640 605 2699 νοῦ
625 2634 959 2718 φερομένη
995 2630 1308 2717 δύναμις,
1346 2624 1491 2698 οἷον
1519 2632 1592 2698 έν
1625 2630 1971 2720 κατόπτρῳ
2017 2634 2346 2720 δεχομένῳ

331 2728 584 2809 τύπους
616 2732 727 2799 καὶ
767 2734 1059 2800 κατιδεῖν
1095 2734 1337 2798 εἴδωλα
1370 2732 1752 2815 παρέχοντι,
1794 2730 2137 2816 φοβοῖμὲν
2159 2728 2349 2814 αύτό,

334 2823 536 2894 ὁπότε
578 2832 760 2914 μέρει
800 2837 918 2916 τῆς
944 2827 1336 2916 πικρότητος
1374 2829 1678 2915 χρωμένη
1714 2830 2016 2912 ξυγγενεῖ
2027 2878 2046 2913 ,
2096 2827 2348 2915 χαλεπὴ

333 2935 881 3012 προσενεχθεῖσα,
929 2923 1166 3016 άπειλῇ
1198 2925 1364 2995 κατὰ
1393 2935 1529 2996 πᾶν
1572 2924 1995 3013 ὑπομιγνῦσα
2029 2924 2227 3006 ὀξέως
2270 2924 2347 2995 τὸ

331 3045 530 3107 ηπαρ,
546 3024 806 3110 χολώδη
829 3024 1139 3113 χρώματα
1159 3029 1470 3112 ἐμφαίνοι
1492 3023 1875 3112 ξυνάγουσά
1887 3050 1958 3093 τε
1981 3033 2116 3093 πᾶν
2137 3024 2354 3113 ῥυσὸν

262 3133 300 3183 c
336 3121 448 3188 καὶ
467 3117 675 3209 τραχὺ
709 3137 917 3206 ποιοῖ,
965 3121 1170 3211 λοβὸν
1207 3125 1279 3194 δὲ
1317 3125 1429 3192 καὶ
1459 3121 1657 3210 δοχάς
1692 3124 1906 3202 πύλας
1942 3148 2010 3191 τε
2035 3120 2115 3191 τὰ
2139 3123 2264 3209 μὲν
2283 3126 2354 3204 ἐξ

333 3216 555 3304 ὀρθοῦ
576 3219 1136 3306 κατακάμπτουσα
1157 3224 1268 3292 καὶ
1289 3227 1604 3303 ξυσπῶσα
1617 3274 1636 3310 ,
1672 3222 1753 3291 τὰ
1777 3224 1851 3291 δὲ
1884 3221 2356 3309 ἐμφράττουσα

333 3318 778 3400 σύγκλείουσά
809 3345 898 3407 τε,
946 3321 1160 3401 λύπας
1186 3326 1294 3391 καὶ
1329 3322 1495 3403 ὅσας
1516 3326 1789 3412 παρέχοι
1823 3323 1931 3390 καὶ
1968 3319 2067 3388 ὅτ’
2106 3312 2195 3389 αὖ
2230 3318 2354 3388 τᾶ-

331 3418 567 3478 ναντία
592 3415 1023 3503 φαντάσματα
1047 3418 1520 3510 άποζωγραφοῑ
1551 3421 1925 3509 πραότητός
1964 3443 2062 3498 τις
2095 3423 2167 3487 ἐκ
2203 3423 2354 3486 ‘'w“
