2602 3928
990 586 1138 671 ΤῙ
1130 588 1395 673 MAI
1387 587 1552 672 ΟΣ

758 733 831 834 [ἢ
875 740 1029 831 περὶ
1073 742 1396 831 φύσεως·
1455 736 1823 835 mamis-J
1886 762 1893 767 ’

650 1001 754 1057 ΤΑ
816 999 985 1059 TOY
1031 1000 1480 1058 AIAAOI'OY
1526 1000 1944 1061 ΠΡΟΣΩΠΑ

542 1145 1105 1232 ΣΩΚΡΑΤΗΣ,
1162 1118 1584 1234 ΚΡΙΤΙΑΣ,
1654 1147 2079 1235 ΤΙΜΑΙΟΣ,

957 1263 1411 1332 ΕΡΜΟΚΡΑ
1420 1265 1637 1332 ΤΗΣ.

2335 1393 2409 1445 St.

2295 1465 2381 1516 ΠΙ
2383 1479 2416 1530 p

456 1541 501 1603 1.
544 1531 683 1621 Εἷς,
714 1535 864 1622 δύο,
884 1550 1086 1622 τρεῖς·
1129 1536 1166 1607 ὁ
1191 1536 1265 1605 δὲ
1287 1537 1369 1622 δὴ
1387 1541 1691 1622 τέταρτος
1711 1532 1888 1623 ἡμῖν,
1913 1561 1965 1602 ω
1982 1541 2142 1621 φίλε
2181 1541 2295 1603 Τί-
2332 1542 2397 1597 17

289 1659 476 1718 μαιε,
517 1642 652 1701 ποῦ
693 1660 829 1702 των
867 1635 1028 1720 χθὲς
1058 1638 1182 1721 μὲν
1219 1635 1670 1721 δαιτυμόνων,
1705 1635 1785 1701 τὰ
1817 1642 1949 1702 νῦν
1984 1634 2056 1701 δὲ
2086 1635 2305 1701 ἑστια-

289 1730 551 1818 τάρων,

466 1836 575 1897 ΤΙ.
618 1827 959 1899 Ἀσθένειά
975 1857 1073 1911 τις
1093 1829 1276 1923 αὐτῷ
1299 1834 1687 1916 συνέπεσεν,
1725 1859 1777 1899 ω
1801 1831 2184 1918 Σώκρατες·
2222 1825 2304 1896 οὐ

285 1925 416 2013 γὰρ
439 1952 527 1994 αν
549 1926 722 1995 ἑκών
745 1932 944 2016 τῆσδε
966 1926 1347 1998 ἀπελείπετο
1380 1937 1495 2017 τῆς
1516 1936 1892 2007 συνουσίας.

457 2033 608 2095 ΣΩ.
661 2027 939 2096 Οὐκοῦν
983 2027 1110 2097 σὸν
1151 2032 1366 2097 τῶνδέ
1386 2056 1456 2097 τε
1489 2034 1689 2115 ἔργον
1724 2030 1833 2098 καὶ
1867 2025 1942 2095 τὸ
1975 2024 2145 2115 ὑπὲρ
2181 2033 2302 2093 τοῦ

287 2121 578 2202 ἀπόντος
600 2122 1032 2213 ἀναπληροῦν
1052 2128 1281 2212 μέρος;

358 2253 374 2268 ·
465 2229 574 2290 TI.
617 2222 817 2291 Πάνυ
837 2225 961 2310 μὲν
982 2216 1131 2311 οὖν,
1151 2222 1450 2293 καὶκατὰ
1478 2223 1764 2310 δύναμίν
1784 2248 1860 2308 γε
1881 2220 2081 2291 οὐδὲν
2095 2225 2303 2291 ἑλλεί-
2331 2235 2368 2284 Β

288 2334 501 2406 ψομεν
517 2347 536 2364 ·
579 2318 737 2390 οὐδὲ
765 2322 895 2409 γὰρ
920 2332 1018 2410 εἴη
1055 2320 1143 2392 ἂν
1172 2328 1450 2410 δίκαιον,
1472 2322 1632 2409 χθὲς
1651 2319 1785 2389 ὑπὸ
1811 2330 1937 2389 σοῦ
1961 2323 2306 2401 ξενισθέν-

286 2445 403 2498 τας
422 2411 599 2497 οἷς
552 2447 643 2506 ην
669 2422 926 2507 πρέπον
960 2425 1193 2501 ξενίοις
1220 2420 1309 2509 μὴ
1348 2421 1432 2489 οὐ
1464 2421 1832 2508 προθύμως
1865 2438 1939 2487 σε
1973 2419 2131 2497 τούς
2164 2426 2305 2486 λοι-

292 2514 462 2595 ποὺς
486 2516 676 2604 ἡμων
701 2515 1168 2610 ἀνταφεστιᾷν.

456 2623 607 2683 ΣΩ.
641 2609 784 2702 Αρ’
821 2611 949 2684 οὖν
970 2623 1334 2705 μέμνησθε,
1372 2616 1497 2687 ὅσα
1528 2615 1690 2703 ὑμῖν
1722 2618 1834 2683 καὶ
1864 2617 2014 2699 περὶ
2037 2641 2134 2681 ων
2155 2616 2290 2680 ἐπέ-

286 2718 445 2793 ταξα
470 2719 705 2792 είπεΐνς

463 2819 573 2885 ΤΙ.
626 2810 722 2880 To}
742 2817 864 2898 μὲν
887 2813 1304 2900 μεμνήμεθα,
1340 2808 1466 2880 offa
1501 2810 1573 2879 δὲ
1603 2811 1715 2896 μή,
1749 2806 1838 2875 σὺ
1873 2816 2106 2891 παρών
2128 2831 2300 2874 υπο-

286 2910 586 2996 μνήσεις·
629 2918 887 2997 μᾶλλον
913 2914 1014 2996 δέ,
1051 2918 1112 2980 εἰ
1151 2911 1243 2998 μή
1272 2918 1341 2978 τί
1366 2928 1473 2977 σοι
1505 2908 1817 2996 χαλεπόν,
1853 2909 1919 2987 ἐξ
1952 2904 2154 2993 ἀρχῆς
2190 2901 2300 2972 διὰ

286 3009 587 3093 βραχέων
609 3009 810 3077 πάλιν
830 3011 1157 3078 ἐπάνελθε
1179 3007 1370 3095 αὐτά,
1386 3014 1495 3076 ἵνα
1508 3013 1856 3095 βεβαιωθῇ
1875 3014 2129 3091 μᾶλλον
2151 2997 2297 3086 παρ’

285 3104 604 3271 ἡμῖνΣῼ.
659 3201 864 3271 Ταῦτ’
891 3209 1087 3272 ἔσται.
1126 3206 1287 3291 χθές
1307 3228 1440 3273 που
1456 3230 1592 3272 των
1611 3200 1730 3271 ὑπ’
1770 3207 1935 3290 ἐμοῦ
1955 3203 2300 3288 ῥηθέντων

283 3301 506 3387 λόγων
533 3304 682 3387 περὶ
702 3311 1030 3382 πολιτείας
1050 3295 1138 3391 ἦν
1158 3303 1232 3371 τὸ
1257 3302 1643 3389 κεφάλαιον,
1670 3306 1775 3370 οἵα
1797 3328 1867 3368 τε
1898 3301 2005 3368 καὶ
2041 3302 2105 3378 ἐξ
2141 3301 2301 3365 οἵων
2329 3314 2369 3367 c

284 3395 554 3487 ἀνδρῶν
575 3398 809 3489 ἀρίστη
833 3399 1249 3489 κατεφαίνετ’
1285 3401 1373 3470 ἄν
1395 3429 1508 3491 μοι
1529 3402 1865 3490 γενέσθαι.
