<?xml version="1.0" encoding="UTF-8"?>
<!DOCTYPE html PUBLIC "-//W3C//DTD XHTML 1.0 Transitional//EN"
    "http://www.w3.org/TR/xhtml1/DTD/xhtml1-transitional.dtd">
<html xmlns="http://www.w3.org/1999/xhtml" xml:lang="en" lang="en">
 <head>
  <title>
</title>
<meta http-equiv="Content-Type" content="text/html;charset=utf-8" />
  <meta name='ocr-system' content='tesseract 3.04.00' />
  <meta name='ocr-capabilities' content='ocr_page ocr_carea ocr_par ocr_line ocrx_word'/>
</head>
<body>
  <div class='ocr_page' id='page_1' title='image "./dialogisecundum07platgoog_0255.png"; bbox 0 0 2602 3928; ppageno 0'>
   <div class='ocr_carea' id='block_1_1' title="bbox 917 231 2303 311">
    <p class='ocr_par' dir='ltr' id='par_1_1' title="bbox 917 231 2303 311">
     <span class='ocr_line' id='line_1_1' title="bbox 917 231 2303 311; baseline 0.007 -16"><span class='ocrx_word' id='word_1_1' title='bbox 917 236 1505 297; x_wconf 86' lang='grc' dir='ltr'><em>ΠΟΛΙΤΕΙΑΣ</em></span> <span class='ocrx_word' id='word_1_2' title='bbox 1549 231 1610 311; x_wconf 74' lang='grc' dir='ltr'><strong><em>ζ’.</em></strong></span> <span class='ocrx_word' id='word_1_3' title='bbox 2174 241 2303 305; x_wconf 79' lang='grc'><strong><em>219</em></strong></span> 
     </span>
    </p>
   </div>
   <div class='ocr_carea' id='block_1_2' title="bbox 265 393 2428 3529">
    <p class='ocr_par' dir='ltr' id='par_1_2' title="bbox 269 393 2373 1364">
     <span class='ocr_line' id='line_1_2' title="bbox 277 393 2301 489; baseline 0.003 -25"><span class='ocrx_word' id='word_1_4' title='bbox 277 393 680 466; x_wconf 76' lang='grc' dir='ltr'><strong><em>ἀνακύπτων</em></strong></span> <span class='ocrx_word' id='word_1_5' title='bbox 711 396 1221 482; x_wconf 73' lang='grc' dir='ltr'><strong><em>καταμανθάνοι</em></strong></span> <span class='ocrx_word' id='word_1_6' title='bbox 1241 422 1326 481; x_wconf 91' lang='grc' dir='ltr'><strong><em>τι,</em></strong></span> <span class='ocrx_word' id='word_1_7' title='bbox 1361 393 1674 483; x_wconf 78' lang='grc' dir='ltr'><strong><em>ἡγεῖσθαι</em></strong></span> <span class='ocrx_word' id='word_1_8' title='bbox 1709 393 1798 467; x_wconf 77' lang='grc' dir='ltr'><strong><em>ἀν</em></strong></span> <span class='ocrx_word' id='word_1_9' title='bbox 1832 399 2040 468; x_wconf 83' lang='grc' dir='ltr'><strong><em>αὐτὸν</em></strong></span> <span class='ocrx_word' id='word_1_10' title='bbox 2067 402 2301 489; x_wconf 79' lang='grc' dir='ltr'><strong><em>νοήσει</em></strong></span> 
     </span>
     <span class='ocr_line' id='line_1_3' title="bbox 274 488 2296 587; baseline 0 -24"><span class='ocrx_word' id='word_1_11' title='bbox 274 493 427 563; x_wconf 86' lang='grc' dir='ltr'><strong><em>ἀλλ’</em></strong></span> <span class='ocrx_word' id='word_1_12' title='bbox 449 491 576 564; x_wconf 74' lang='grc' dir='ltr'><strong><em>οὐκ</em></strong></span> <span class='ocrx_word' id='word_1_13' title='bbox 613 492 863 582; x_wconf 90' lang='grc' dir='ltr'><strong><em>όμμασι</em></strong></span> <span class='ocrx_word' id='word_1_14' title='bbox 897 498 1229 582; x_wconf 76' lang='grc' dir='ltr'><strong><em>θεωρεῖν.</em></strong></span> <span class='ocrx_word' id='word_1_15' title='bbox 1245 505 1417 574; x_wconf 75' lang='grc' dir='ltr'><strong><em>ἴσως</em></strong></span> <span class='ocrx_word' id='word_1_16' title='bbox 1438 489 1568 564; x_wconf 78' lang='grc' dir='ltr'><strong><em>οὖν</em></strong></span> <span class='ocrx_word' id='word_1_17' title='bbox 1600 495 1820 575; x_wconf 73' lang='grc' dir='ltr'><strong><em>καλῶς</em></strong></span> <span class='ocrx_word' id='word_1_18' title='bbox 1848 488 2020 579; x_wconf 78' lang='grc' dir='ltr'><strong><em>ἡγεῖ,</em></strong></span> <span class='ocrx_word' id='word_1_19' title='bbox 2061 499 2191 587; x_wconf 73' lang='grc' dir='ltr'><strong><em>ἐγω</em></strong></span> <span class='ocrx_word' id='word_1_20' title='bbox 2230 495 2296 569; x_wconf 75' lang='grc' dir='ltr'><strong><em>δ’</em></strong></span> 
     </span>
     <span class='ocr_line' id='line_1_4' title="bbox 273 586 2295 681; baseline 0.004 -22"><span class='ocrx_word' id='word_1_21' title='bbox 273 589 627 678; x_wconf 79' lang='grc' dir='ltr'><strong><em>εὐηθικως.</em></strong></span> <span class='ocrx_word' id='word_1_22' title='bbox 670 592 800 680; x_wconf 74' lang='grc' dir='ltr'><strong><em>ἐγω</em></strong></span> <span class='ocrx_word' id='word_1_23' title='bbox 824 593 952 679; x_wconf 75' lang='grc' dir='ltr'><strong><em>γάρ</em></strong></span> <span class='ocrx_word' id='word_1_24' title='bbox 989 586 1078 661; x_wconf 82' lang='grc' dir='ltr'><strong><em>αὖ</em></strong></span> <span class='ocrx_word' id='word_1_25' title='bbox 1111 618 1196 661; x_wconf 86' lang='lat' dir='ltr'><strong><em>ov</em></strong></span> <span class='ocrx_word' id='word_1_26' title='bbox 1231 594 1525 679; x_wconf 82' lang='grc' dir='ltr'><strong><em>δύναμαι</em></strong></span> <span class='ocrx_word' id='word_1_27' title='bbox 1557 593 1721 664; x_wconf 75' lang='grc' dir='ltr'><strong><em>ἄλλο</em></strong></span> <span class='ocrx_word' id='word_1_28' title='bbox 1754 620 1819 665; x_wconf 93' lang='grc' dir='ltr'><strong><em>τι</em></strong></span> <span class='ocrx_word' id='word_1_29' title='bbox 1848 599 2196 681; x_wconf 64' lang='grc' dir='ltr'><strong><em>νομίσαι*</em></strong></span> <span class='ocrx_word' id='word_1_30' title='bbox 2151 624 2295 667; x_wconf 92' lang='grc' dir='ltr'><strong><em>ανω</em></strong></span> 
     </span>
     <span class='ocr_line' id='line_1_5' title="bbox 271 688 2294 813; baseline 0.003 -56"><span class='ocrx_word' id='word_1_31' title='bbox 271 698 515 759; x_wconf 84' lang='grc' dir='ltr'><strong><em>ποιοῦν</em></strong></span> <span class='ocrx_word' id='word_1_32' title='bbox 536 690 756 813; x_wconf 75' lang='grc' dir='ltr'><strong><em>ψυχὴν</em></strong></span> <span class='ocrx_word' id='word_1_33' title='bbox 780 693 1051 779; x_wconf 75' lang='grc' dir='ltr'><strong><em>βλέπειν</em></strong></span> <span class='ocrx_word' id='word_1_34' title='bbox 1072 688 1422 778; x_wconf 75' lang='grc' dir='ltr'><strong><em>μάθημα“</em></strong></span> <span class='ocrx_word' id='word_1_35' title='bbox 1378 719 1419 778; x_wconf 89' lang='grc' dir='ltr'><strong><em>η</em></strong></span> <span class='ocrx_word' id='word_1_36' title='bbox 1455 693 1752 780; x_wconf 81' lang='grc' dir='ltr'><strong><em>ἐκεῖνο,</em></strong></span> <span class='ocrx_word' id='word_1_37' title='bbox 1725 720 1761 761; x_wconf 93' lang='grc' dir='ltr'><strong><em>ο</em></strong></span> <span class='ocrx_word' id='word_1_38' title='bbox 1794 722 1883 762; x_wconf 86' lang='grc' dir='ltr'><strong><em>αν</em></strong></span> <span class='ocrx_word' id='word_1_39' title='bbox 1915 697 2067 782; x_wconf 85' lang='grc' dir='ltr'><strong><em>περὶ</em></strong></span> <span class='ocrx_word' id='word_1_40' title='bbox 2097 693 2172 764; x_wconf 80' lang='grc' dir='ltr'><strong><em>τὸ</em></strong></span> <span class='ocrx_word' id='word_1_41' title='bbox 2210 693 2294 763; x_wconf 83' lang='grc' dir='ltr'><strong><em>ὅν</em></strong></span> 
     </span>
     <span class='ocr_line' id='line_1_6' title="bbox 271 780 2311 880; baseline 0.004 -27"><span class='ocrx_word' id='word_1_42' title='bbox 271 812 340 854; x_wconf 92' lang='grc' dir='ltr'><strong><em>τε</em></strong></span> <span class='ocrx_word' id='word_1_43' title='bbox 361 813 405 874; x_wconf 80' lang='grc' dir='ltr'>ῃ</span> <span class='ocrx_word' id='word_1_44' title='bbox 381 780 538 857; x_wconf 81' lang='grc' dir='ltr'><strong><em>καὶ</em></strong></span> <span class='ocrx_word' id='word_1_45' title='bbox 559 788 634 856; x_wconf 83' lang='grc' dir='ltr'><strong><em>τὸ</em></strong></span> <span class='ocrx_word' id='word_1_46' title='bbox 659 787 981 874; x_wconf 88' lang='grc' dir='ltr'><strong><em>ἀόρατον·</em></strong></span> <span class='ocrx_word' id='word_1_47' title='bbox 1029 787 1149 859; x_wconf 83' lang='grc' dir='ltr'><strong><em>ἐάν</em></strong></span> <span class='ocrx_word' id='word_1_48' title='bbox 1165 793 1245 859; x_wconf 85' lang='grc' dir='ltr'><strong><em>δέ</em></strong></span> <span class='ocrx_word' id='word_1_49' title='bbox 1260 816 1358 868; x_wconf 88' lang='grc' dir='ltr'><strong><em>τις</em></strong></span> <span class='ocrx_word' id='word_1_50' title='bbox 1379 816 1521 858; x_wconf 90' lang='grc' dir='ltr'><strong><em>ανω</em></strong></span> <span class='ocrx_word' id='word_1_51' title='bbox 1542 793 1834 879; x_wconf 73' lang='grc' dir='ltr'><strong><em>κεχηνώς</em></strong></span> <span class='ocrx_word' id='word_1_52' title='bbox 1855 788 1899 880; x_wconf 84' lang='grc' dir='ltr'><em>ἢ</em></span> <span class='ocrx_word' id='word_1_53' title='bbox 1922 792 2101 861; x_wconf 84' lang='grc' dir='ltr'><strong><em>κάτω</em></strong></span> <span class='ocrx_word' id='word_1_54' title='bbox 2124 811 2311 880; x_wconf 90' lang='grc' dir='ltr'><strong><em>συμ-.</em></strong></span> 
     </span>
     <span class='ocr_line' id='line_1_7' title="bbox 271 883 2297 977; baseline 0.003 -25"><span class='ocrx_word' id='word_1_55' title='bbox 271 883 582 971; x_wconf 76' lang='grc' dir='ltr'><strong><em>μεμυκως</em></strong></span> <span class='ocrx_word' id='word_1_56' title='bbox 601 894 739 954; x_wconf 72' lang='grc' dir='ltr'><strong><em>τῶν</em></strong></span> <span class='ocrx_word' id='word_1_57' title='bbox 760 891 1104 976; x_wconf 79' lang='grc' dir='ltr'><strong><em>αἰσθητων</em></strong></span> <span class='ocrx_word' id='word_1_58' title='bbox 1131 891 1424 975; x_wconf 78' lang='grc' dir='ltr'><strong><em>ἐπιχειρῇ</em></strong></span> <span class='ocrx_word' id='word_1_59' title='bbox 1442 913 1505 956; x_wconf 93' lang='grc' dir='ltr'><strong><em>τι</em></strong></span> <span class='ocrx_word' id='word_1_60' title='bbox 1542 888 1940 977; x_wconf 77' lang='grc' dir='ltr'><strong><em>μανθάνειν,</em></strong></span> <span class='ocrx_word' id='word_1_61' title='bbox 1978 888 2134 959; x_wconf 81' lang='grc' dir='ltr'><strong><em>οὔτε</em></strong></span> <span class='ocrx_word' id='word_1_62' title='bbox 2164 918 2297 977; x_wconf 85' lang='grc' dir='ltr'><strong><em>μα-</em></strong></span> 
     </span>
     <span class='ocr_line' id='line_1_8' title="bbox 271 980 2296 1074; baseline 0.004 -26"><span class='ocrx_word' id='word_1_63' title='bbox 271 980 476 1049; x_wconf 78' lang='grc' dir='ltr'><strong><em>θεῖν’</em></strong></span> <span class='ocrx_word' id='word_1_64' title='bbox 448 981 534 1050; x_wconf 91' lang='grc' dir='ltr'><strong><em>άν</em></strong></span> <span class='ocrx_word' id='word_1_65' title='bbox 557 988 724 1055; x_wconf 84' lang='grc' dir='ltr'><strong><em>ποτέ</em></strong></span> <span class='ocrx_word' id='word_1_66' title='bbox 747 1011 920 1071; x_wconf 86' lang='grc' dir='ltr'><strong><em>φημι</em></strong></span> <span class='ocrx_word' id='word_1_67' title='bbox 960 981 1171 1053; x_wconf 80' lang='grc' dir='ltr'><strong><em>αὐτόν</em></strong></span> <span class='ocrx_word' id='word_1_68' title='bbox 1210 1026 1285 1038; x_wconf 90' lang='lat'>-</span> <span class='ocrx_word' id='word_1_69' title='bbox 1329 987 1694 1074; x_wconf 77' lang='grc' dir='ltr'><strong><em>ἐπιστήμην</em></strong></span> <span class='ocrx_word' id='word_1_70' title='bbox 1730 987 1860 1074; x_wconf 77' lang='grc' dir='ltr'><strong><em>γάρ</em></strong></span> <span class='ocrx_word' id='word_1_71' title='bbox 1896 985 2099 1056; x_wconf 77' lang='grc' dir='ltr'><strong><em>οὐδὲν</em></strong></span> <span class='ocrx_word' id='word_1_72' title='bbox 2120 992 2296 1074; x_wconf 71' lang='grc' dir='ltr'><strong><em>ἔχειν</em></strong></span> 
     </span>
     <span class='ocr_line' id='line_1_9' title="bbox 269 1080 2373 1171; baseline 0.003 -26"><span class='ocrx_word' id='word_1_73' title='bbox 269 1086 407 1147; x_wconf 74' lang='grc' dir='ltr'><strong><em>τῶν</em></strong></span> <span class='ocrx_word' id='word_1_74' title='bbox 442 1080 768 1149; x_wconf 79' lang='grc' dir='ltr'><strong><em>τοιούτων</em></strong></span> <span class='ocrx_word' id='word_1_75' title='bbox 807 1123 896 1136; x_wconf 91' lang='lat'><strong><em>—·</em></strong></span> <span class='ocrx_word' id='word_1_76' title='bbox 937 1081 1094 1151; x_wconf 76' lang='grc' dir='ltr'><strong><em>οὔτε</em></strong></span> <span class='ocrx_word' id='word_1_77' title='bbox 1149 1081 1287 1150; x_wconf 73' lang='grc' dir='ltr'><strong><em>ἅνω</em></strong></span> <span class='ocrx_word' id='word_1_78' title='bbox 1334 1080 1503 1151; x_wconf 83' lang='grc' dir='ltr'><strong><em>ἀλλά</em></strong></span> <span class='ocrx_word' id='word_1_79' title='bbox 1550 1083 1730 1152; x_wconf 87' lang='grc' dir='ltr'><strong><em>κάτω</em></strong></span> <span class='ocrx_word' id='word_1_80' title='bbox 1772 1080 1986 1152; x_wconf 80' lang='grc' dir='ltr'><strong><em>αὐτοῦ</em></strong></span> <span class='ocrx_word' id='word_1_81' title='bbox 2027 1091 2296 1171; x_wconf 80' lang='grc' dir='ltr'><strong><em>βλέπειν</em></strong></span> <span class='ocrx_word' id='word_1_82' title='bbox 2335 1109 2373 1160; x_wconf 85' lang='lat' dir='ltr'>c</span> 
     </span>
     <span class='ocr_line' id='line_1_10' title="bbox 270 1175 2296 1269; baseline 0.003 -26"><span class='ocrx_word' id='word_1_83' title='bbox 270 1177 395 1262; x_wconf 86' lang='grc' dir='ltr'><strong><em>τὴν</em></strong></span> <span class='ocrx_word' id='word_1_84' title='bbox 416 1176 656 1264; x_wconf 82' lang='grc' dir='ltr'><strong><em>ψυχήν,</em></strong></span> <span class='ocrx_word' id='word_1_85' title='bbox 682 1176 811 1247; x_wconf 82' lang='grc' dir='ltr'><strong><em>κάν</em></strong></span> <span class='ocrx_word' id='word_1_86' title='bbox 844 1182 911 1261; x_wconf 83' lang='grc' dir='ltr'><strong><em>ἐξ</em></strong></span> <span class='ocrx_word' id='word_1_87' title='bbox 934 1176 1168 1259; x_wconf 82' lang='grc' dir='ltr'><strong><em>ὑπτίας</em></strong></span> <span class='ocrx_word' id='word_1_88' title='bbox 1190 1184 1365 1248; x_wconf 84' lang='grc' dir='ltr'><strong><em>νέων</em></strong></span> <span class='ocrx_word' id='word_1_89' title='bbox 1393 1184 1464 1247; x_wconf 89' lang='grc' dir='ltr'><strong><em>ἐν</em></strong></span> <span class='ocrx_word' id='word_1_90' title='bbox 1493 1187 1581 1268; x_wconf 77' lang='grc' dir='ltr'><strong><em>γῇ</em></strong></span> <span class='ocrx_word' id='word_1_91' title='bbox 1609 1175 1655 1266; x_wconf 76' lang='grc' dir='ltr'><strong><em>ἦ</em></strong></span> <span class='ocrx_word' id='word_1_92' title='bbox 1686 1184 1762 1249; x_wconf 89' lang='grc' dir='ltr'><strong><em>ἐν</em></strong></span> <span class='ocrx_word' id='word_1_93' title='bbox 1791 1181 2095 1269; x_wconf 77' lang='grc' dir='ltr'><strong><em>θαλάττῃ</em></strong></span> <span class='ocrx_word' id='word_1_94' title='bbox 2122 1206 2296 1267; x_wconf 91' lang='grc' dir='ltr'><strong><em>μαν-</em></strong></span> 
     </span>
     <span class='ocr_line' id='line_1_11' title="bbox 272 1274 474 1364; baseline 0 -22"><span class='ocrx_word' id='word_1_95' title='bbox 272 1274 474 1364; x_wconf 79' lang='grc' dir='ltr'><strong><em>θάνῃ.</em></strong></span> 
     </span>
    </p>

    <p class='ocr_par' dir='ltr' id='par_1_3' title="bbox 268 1375 2360 2249">
     <span class='ocr_line' id='line_1_12' title="bbox 380 1375 2291 1463; baseline 0.001 -22"><span class='ocrx_word' id='word_1_96' title='bbox 380 1394 386 1400; x_wconf 83' lang='grc'><strong>’</strong></span> <span class='ocrx_word' id='word_1_97' title='bbox 438 1379 537 1441; x_wconf 90' lang='grc' dir='ltr'><strong><em>ΧῙ.</em></strong></span> <span class='ocrx_word' id='word_1_98' title='bbox 582 1381 836 1462; x_wconf 83' lang='grc' dir='ltr'><strong><em>Δίκην,</em></strong></span> <span class='ocrx_word' id='word_1_99' title='bbox 879 1380 1040 1463; x_wconf 79' lang='grc' dir='ltr'><strong><em>ἔφη,</em></strong></span> <span class='ocrx_word' id='word_1_100' title='bbox 1086 1380 1243 1461; x_wconf 79' lang='grc' dir='ltr'><strong><em>ἔχω·</em></strong></span> <span class='ocrx_word' id='word_1_101' title='bbox 1307 1375 1531 1459; x_wconf 77' lang='grc' dir='ltr'><strong><em>ὀρθῶς</em></strong></span> <span class='ocrx_word' id='word_1_102' title='bbox 1574 1375 1704 1462; x_wconf 77' lang='grc' dir='ltr'><strong><em>γάρ</em></strong></span> <span class='ocrx_word' id='word_1_103' title='bbox 1753 1402 1865 1462; x_wconf 91' lang='grc' dir='ltr'><strong><em>μοι</em></strong></span> <span class='ocrx_word' id='word_1_104' title='bbox 1910 1379 2291 1463; x_wconf 80' lang='grc' dir='ltr'><strong><em>ἐπέπληξας.</em></strong></span> 
     </span>
     <span class='ocr_line' id='line_1_13' title="bbox 268 1469 2294 1561; baseline 0.001 -20"><span class='ocrx_word' id='word_1_105' title='bbox 268 1469 434 1541; x_wconf 81' lang='grc' dir='ltr'><strong><em>ἀλλά</em></strong></span> <span class='ocrx_word' id='word_1_106' title='bbox 461 1478 600 1552; x_wconf 78' lang='grc' dir='ltr'><strong><em>πῶς</em></strong></span> <span class='ocrx_word' id='word_1_107' title='bbox 623 1471 703 1560; x_wconf 81' lang='grc' dir='ltr'><strong><em>δὴ</em></strong></span> <span class='ocrx_word' id='word_1_108' title='bbox 742 1479 960 1559; x_wconf 79' lang='grc' dir='ltr'><strong><em>ἔλεγες</em></strong></span> <span class='ocrx_word' id='word_1_109' title='bbox 982 1478 1124 1543; x_wconf 90' lang='grc' dir='ltr'><strong><em>δεῖν</em></strong></span> <span class='ocrx_word' id='word_1_110' title='bbox 1154 1472 1604 1561; x_wconf 78' lang='grc' dir='ltr'><strong><em>ἀστρονομίαν</em></strong></span> <span class='ocrx_word' id='word_1_111' title='bbox 1634 1474 2013 1561; x_wconf 77' lang='grc' dir='ltr'><strong><em>μανθάνειν</em></strong></span> <span class='ocrx_word' id='word_1_112' title='bbox 2035 1472 2216 1561; x_wconf 82' lang='grc' dir='ltr'><strong><em>παρά</em></strong></span> <span class='ocrx_word' id='word_1_113' title='bbox 2250 1471 2294 1543; x_wconf 77' lang='grc' dir='ltr'><em>ἃ</em></span> 
     </span>
     <span class='ocr_line' id='line_1_14' title="bbox 273 1568 2296 1658; baseline 0.002 -22"><span class='ocrx_word' id='word_1_114' title='bbox 273 1577 407 1637; x_wconf 84' lang='grc' dir='ltr'><strong><em>νῦν</em></strong></span> <span class='ocrx_word' id='word_1_115' title='bbox 428 1569 920 1658; x_wconf 78' lang='grc' dir='ltr'><strong><em>μανθάνουσιν,</em></strong></span> <span class='ocrx_word' id='word_1_116' title='bbox 946 1582 1004 1641; x_wconf 79' lang='grc' dir='ltr'><strong><em>εἰ</em></strong></span> <span class='ocrx_word' id='word_1_117' title='bbox 1033 1575 1336 1658; x_wconf 88' lang='grc' dir='ltr'><strong><em>μέλλοιεν</em></strong></span> <span class='ocrx_word' id='word_1_118' title='bbox 1361 1568 1706 1658; x_wconf 75' lang='grc' dir='ltr'><strong><em>ὠφελίμως</em></strong></span> <span class='ocrx_word' id='word_1_119' title='bbox 1739 1572 1906 1658; x_wconf 83' lang='grc' dir='ltr'><strong><em>πρὸς</em></strong></span> <span class='ocrx_word' id='word_1_120' title='bbox 1940 1568 1985 1640; x_wconf 71' lang='grc' dir='ltr'><em>ἃ</em></span> <span class='ocrx_word' id='word_1_121' title='bbox 2017 1573 2296 1657; x_wconf 77' lang='grc' dir='ltr'><strong><em>λέγομεν</em></strong></span> 
     </span>
     <span class='ocr_line' id='line_1_15' title="bbox 270 1660 2294 1756; baseline 0.002 -24"><span class='ocrx_word' id='word_1_122' title='bbox 270 1665 738 1753; x_wconf 78' lang='grc' dir='ltr'><strong><em>μαθήσεσθαι;</em></strong></span> <span class='ocrx_word' id='word_1_123' title='bbox 772 1660 949 1754; x_wconf 76' lang='grc' dir='ltr'><strong><em>Ὧδε,</em></strong></span> <span class='ocrx_word' id='word_1_124' title='bbox 973 1660 1058 1755; x_wconf 85' lang='grc' dir='ltr'><strong><em>ἦν</em></strong></span> <span class='ocrx_word' id='word_1_125' title='bbox 1083 1666 1146 1737; x_wconf 90' lang='grc' dir='ltr'><strong><em>δ’</em></strong></span> <span class='ocrx_word' id='word_1_126' title='bbox 1171 1668 1322 1754; x_wconf 72' lang='grc' dir='ltr'><strong><em>ἐγώ.</em></strong></span> <span class='ocrx_word' id='word_1_127' title='bbox 1367 1678 1575 1737; x_wconf 83' lang='grc' dir='ltr'><strong><em>ταῦτα</em></strong></span> <span class='ocrx_word' id='word_1_128' title='bbox 1594 1668 1719 1756; x_wconf 70' lang='grc' dir='ltr'><strong><em>μὲν</em></strong></span> <span class='ocrx_word' id='word_1_129' title='bbox 1739 1667 1819 1736; x_wconf 84' lang='grc' dir='ltr'><strong><em>τά</em></strong></span> <span class='ocrx_word' id='word_1_130' title='bbox 1857 1671 1932 1736; x_wconf 82' lang='grc' dir='ltr'><strong><em>ἐν</em></strong></span> <span class='ocrx_word' id='word_1_131' title='bbox 1955 1677 2049 1756; x_wconf 74' lang='grc' dir='ltr'><strong><em>τῷ</em></strong></span> <span class='ocrx_word' id='word_1_132' title='bbox 2082 1666 2294 1753; x_wconf 81' lang='grc' dir='ltr'><strong><em>οὐρα-</em></strong></span> 
     </span>
     <span class='ocr_line' id='line_1_16' title="bbox 275 1763 2292 1857; baseline 0.001 -26"><span class='ocrx_word' id='word_1_133' title='bbox 275 1773 377 1853; x_wconf 74' lang='grc' dir='ltr'><strong><em>νῷ</em></strong></span> <span class='ocrx_word' id='word_1_134' title='bbox 396 1771 812 1853; x_wconf 84' lang='grc' dir='ltr'><strong><em>ποικίλματα,</em></strong></span> <span class='ocrx_word' id='word_1_135' title='bbox 835 1768 1097 1850; x_wconf 82' lang='grc' dir='ltr'><strong><em>ἐπείπερ</em></strong></span> <span class='ocrx_word' id='word_1_136' title='bbox 1132 1769 1204 1834; x_wconf 79' lang='grc' dir='ltr'><strong><em>ἐν</em></strong></span> <span class='ocrx_word' id='word_1_137' title='bbox 1239 1763 1460 1857; x_wconf 76' lang='grc' dir='ltr'><strong><em>ὁρατῷ</em></strong></span> <span class='ocrx_word' id='word_1_138' title='bbox 1504 1772 1937 1852; x_wconf 86' lang='grc' dir='ltr'><strong><em>πεποίκιλται,</em></strong></span> <span class='ocrx_word' id='word_1_139' title='bbox 1973 1765 2292 1834; x_wconf 82' lang='grc' dir='ltr'><strong><em>κάλλιστα</em></strong></span> 
     </span>
     <span class='ocr_line' id='line_1_17' title="bbox 270 1861 2360 1955; baseline 0.002 -23"><span class='ocrx_word' id='word_1_140' title='bbox 270 1864 394 1950; x_wconf 79' lang='grc' dir='ltr'><strong><em>μὲν</em></strong></span> <span class='ocrx_word' id='word_1_141' title='bbox 416 1861 726 1953; x_wconf 78' lang='grc' dir='ltr'><strong><em>ἡγεῖσθαι</em></strong></span> <span class='ocrx_word' id='word_1_142' title='bbox 747 1868 857 1934; x_wconf 86' lang='grc' dir='ltr'><strong><em>καὶ</em></strong></span> <span class='ocrx_word' id='word_1_143' title='bbox 881 1865 1320 1955; x_wconf 81' lang='grc' dir='ltr'><strong><em>ἀκριβέστατα</em></strong></span> <span class='ocrx_word' id='word_1_144' title='bbox 1340 1873 1476 1934; x_wconf 72' lang='grc' dir='ltr'><strong><em>τῶν</em></strong></span> <span class='ocrx_word' id='word_1_145' title='bbox 1491 1866 1821 1934; x_wconf 85' lang='grc' dir='ltr'><strong><em>τοιούτων</em></strong></span> <span class='ocrx_word' id='word_1_146' title='bbox 1841 1871 2032 1952; x_wconf 80' lang='grc' dir='ltr'><strong><em>ἔχειν,</em></strong></span> <span class='ocrx_word' id='word_1_147' title='bbox 2056 1872 2194 1932; x_wconf 68' lang='grc' dir='ltr'><strong><em>τῶν</em></strong></span> <span class='ocrx_word' id='word_1_148' title='bbox 2216 1866 2288 1933; x_wconf 73' lang='grc' dir='ltr'><strong><em>δὲ</em></strong></span> <span class='ocrx_word' id='word_1_149' title='bbox 2319 1886 2360 1936; x_wconf 90' lang='lat' dir='ltr'>D</span> 
     </span>
     <span class='ocr_line' id='line_1_18' title="bbox 270 1956 2295 2054; baseline 0 -23"><span class='ocrx_word' id='word_1_150' title='bbox 270 1961 620 2052; x_wconf 73' lang='grc' dir='ltr'><strong><em>ἀληθινῶν</em></strong></span> <span class='ocrx_word' id='word_1_151' title='bbox 640 1962 814 2033; x_wconf 80' lang='grc' dir='ltr'><strong><em>πολὺ</em></strong></span> <span class='ocrx_word' id='word_1_152' title='bbox 844 1968 1080 2050; x_wconf 78' lang='grc' dir='ltr'><strong><em>ἐνδεῖν,</em></strong></span> <span class='ocrx_word' id='word_1_153' title='bbox 1105 1958 1183 2045; x_wconf 75' lang='grc' dir='ltr'><strong><em>ἃς</em></strong></span> <span class='ocrx_word' id='word_1_154' title='bbox 1201 1966 1276 2033; x_wconf 81' lang='grc' dir='ltr'><strong><em>τὸ</em></strong></span> <span class='ocrx_word' id='word_1_155' title='bbox 1301 1959 1385 2033; x_wconf 78' lang='grc' dir='ltr'><strong><em>ὅν</em></strong></span> <span class='ocrx_word' id='word_1_156' title='bbox 1420 1963 1616 2052; x_wconf 84' lang='grc' dir='ltr'><strong><em>τάχος</em></strong></span> <span class='ocrx_word' id='word_1_157' title='bbox 1642 1966 1753 2034; x_wconf 87' lang='grc' dir='ltr'><strong><em>καὶ</em></strong></span> <span class='ocrx_word' id='word_1_158' title='bbox 1778 1960 1822 2052; x_wconf 80' lang='grc' dir='ltr'><strong><em>ἡ</em></strong></span> <span class='ocrx_word' id='word_1_159' title='bbox 1845 1956 2017 2033; x_wconf 79' lang='grc' dir='ltr'><strong><em>οὖσα</em></strong></span> <span class='ocrx_word' id='word_1_160' title='bbox 2036 1969 2295 2054; x_wconf 84' lang='grc' dir='ltr'><strong><em>βραδυ-</em></strong></span> 
     </span>
     <span class='ocr_line' id='line_1_19' title="bbox 269 2061 2292 2154; baseline 0 -24"><span class='ocrx_word' id='word_1_161' title='bbox 269 2064 386 2150; x_wconf 84' lang='grc' dir='ltr'><strong><em>τὴς</em></strong></span> <span class='ocrx_word' id='word_1_162' title='bbox 422 2068 495 2130; x_wconf 84' lang='grc' dir='ltr'><strong><em>ἐν</em></strong></span> <span class='ocrx_word' id='word_1_163' title='bbox 520 2070 611 2153; x_wconf 75' lang='grc' dir='ltr'><strong><em>τῷ</em></strong></span> <span class='ocrx_word' id='word_1_164' title='bbox 652 2061 956 2154; x_wconf 75' lang='grc' dir='ltr'><strong><em>ἀληθινῷ</em></strong></span> <span class='ocrx_word' id='word_1_165' title='bbox 990 2062 1263 2152; x_wconf 72' lang='grc' dir='ltr'><strong><em>ἀριθμῷ</em></strong></span> <span class='ocrx_word' id='word_1_166' title='bbox 1289 2066 1402 2131; x_wconf 84' lang='grc' dir='ltr'><strong><em>καὶ</em></strong></span> <span class='ocrx_word' id='word_1_167' title='bbox 1440 2072 1607 2131; x_wconf 83' lang='grc' dir='ltr'><strong><em>πάσι</em></strong></span> <span class='ocrx_word' id='word_1_168' title='bbox 1645 2076 1781 2142; x_wconf 84' lang='grc' dir='ltr'><strong><em>τοῖς</em></strong></span> <span class='ocrx_word' id='word_1_169' title='bbox 1819 2062 2101 2150; x_wconf 84' lang='grc' dir='ltr'><strong><em>ἀληθέσι</em></strong></span> <span class='ocrx_word' id='word_1_170' title='bbox 2133 2064 2292 2149; x_wconf 84' lang='grc' dir='ltr'><strong><em>σχή-</em></strong></span> 
     </span>
     <span class='ocr_line' id='line_1_20' title="bbox 272 2160 2289 2249; baseline 0 -21"><span class='ocrx_word' id='word_1_171' title='bbox 272 2184 433 2249; x_wconf 88' lang='grc' dir='ltr'><strong><em>μασι</em></strong></span> <span class='ocrx_word' id='word_1_172' title='bbox 462 2161 675 2247; x_wconf 87' lang='grc' dir='ltr'><strong><em>φοράς</em></strong></span> <span class='ocrx_word' id='word_1_173' title='bbox 697 2188 768 2230; x_wconf 91' lang='grc' dir='ltr'><strong><em>τε</em></strong></span> <span class='ocrx_word' id='word_1_174' title='bbox 791 2160 958 2245; x_wconf 78' lang='grc' dir='ltr'><strong><em>πρὸς</em></strong></span> <span class='ocrx_word' id='word_1_175' title='bbox 979 2160 1234 2249; x_wconf 66' lang='grc' dir='ltr'><strong><em>ἄλληλα</em></strong></span> <span class='ocrx_word' id='word_1_176' title='bbox 1257 2166 1529 2249; x_wconf 85' lang='grc' dir='ltr'><strong><em>φέρεται</em></strong></span> <span class='ocrx_word' id='word_1_177' title='bbox 1549 2161 1662 2229; x_wconf 84' lang='grc' dir='ltr'><strong><em>καὶ</em></strong></span> <span class='ocrx_word' id='word_1_178' title='bbox 1694 2164 1774 2228; x_wconf 80' lang='grc' dir='ltr'><strong><em>τὰ</em></strong></span> <span class='ocrx_word' id='word_1_179' title='bbox 1799 2160 2037 2229; x_wconf 86' lang='grc' dir='ltr'><strong><em>ἐνόντα</em></strong></span> <span class='ocrx_word' id='word_1_180' title='bbox 2066 2165 2256 2247; x_wconf 84' lang='grc' dir='ltr'><strong><em>φέρει</em></strong></span> <span class='ocrx_word' id='word_1_181' title='bbox 2276 2187 2289 2200; x_wconf 90' lang='grc'><em>·</em></span> 
     </span>
    </p>

    <p class='ocr_par' dir='ltr' id='par_1_4' title="bbox 265 2253 2428 3529">
     <span class='ocr_line' id='line_1_21' title="bbox 269 2253 2290 2348; baseline 0 -22"><span class='ocrx_word' id='word_1_182' title='bbox 269 2256 314 2326; x_wconf 77' lang='grc' dir='ltr'><em>ἃ</em></span> <span class='ocrx_word' id='word_1_183' title='bbox 336 2258 417 2345; x_wconf 80' lang='grc' dir='ltr'><strong><em>δὴ</em></strong></span> <span class='ocrx_word' id='word_1_184' title='bbox 445 2259 619 2348; x_wconf 70' lang='grc' dir='ltr'><strong><em>λόγῳ</em></strong></span> <span class='ocrx_word' id='word_1_185' title='bbox 645 2261 767 2345; x_wconf 75' lang='grc' dir='ltr'><strong><em>μὲν</em></strong></span> <span class='ocrx_word' id='word_1_186' title='bbox 787 2261 897 2327; x_wconf 81' lang='grc' dir='ltr'><strong><em>καὶ</em></strong></span> <span class='ocrx_word' id='word_1_187' title='bbox 923 2264 1186 2348; x_wconf 80' lang='grc' dir='ltr'><strong><em>διανοίᾳ</em></strong></span> <span class='ocrx_word' id='word_1_188' title='bbox 1225 2259 1459 2346; x_wconf 86' lang='grc' dir='ltr'><strong><em>ληπτά,</em></strong></span> <span class='ocrx_word' id='word_1_189' title='bbox 1496 2258 1648 2339; x_wconf 80' lang='grc' dir='ltr'><strong><em>ὄψει</em></strong></span> <span class='ocrx_word' id='word_1_190' title='bbox 1685 2255 1749 2325; x_wconf 85' lang='grc' dir='ltr'><strong><em>δ’</em></strong></span> <span class='ocrx_word' id='word_1_191' title='bbox 1782 2255 1897 2325; x_wconf 79' lang='grc' dir='ltr'><strong><em>οὔ·</em></strong></span> <span class='ocrx_word' id='word_1_192' title='bbox 1933 2253 1979 2343; x_wconf 73' lang='grc' dir='ltr'><strong><em>ἢ</em></strong></span> <span class='ocrx_word' id='word_1_193' title='bbox 2013 2255 2100 2325; x_wconf 77' lang='grc' dir='ltr'><strong><em>σὺ</em></strong></span> <span class='ocrx_word' id='word_1_194' title='bbox 2137 2267 2290 2341; x_wconf 69' lang='grc' dir='ltr'><strong><em>οἴεις</em></strong></span> 
     </span>
     <span class='ocr_line' id='line_1_22' title="bbox 274 2351 2295 2446; baseline -0.002 -20"><span class='ocrx_word' id='word_1_195' title='bbox 274 2354 625 2446; x_wconf 75' lang='grc' dir='ltr'><strong><em>Οὐδαμῶς,</em></strong></span> <span class='ocrx_word' id='word_1_196' title='bbox 650 2363 795 2444; x_wconf 81' lang='grc' dir='ltr'><strong><em>ἔφη.</em></strong></span> <span class='ocrx_word' id='word_1_197' title='bbox 844 2354 1139 2442; x_wconf 85' lang='grc' dir='ltr'><strong><em>Οὐκοῦν,</em></strong></span> <span class='ocrx_word' id='word_1_198' title='bbox 1166 2354 1375 2443; x_wconf 88' lang='grc' dir='ltr'><strong><em>εἷπον,</em></strong></span> <span class='ocrx_word' id='word_1_199' title='bbox 1397 2364 1477 2446; x_wconf 85' lang='grc' dir='ltr'><strong><em>τῇ</em></strong></span> <span class='ocrx_word' id='word_1_200' title='bbox 1508 2359 1658 2444; x_wconf 83' lang='grc' dir='ltr'><strong><em>περὶ</em></strong></span> <span class='ocrx_word' id='word_1_201' title='bbox 1677 2351 1798 2423; x_wconf 82' lang='grc' dir='ltr'><strong><em>τὸν</em></strong></span> <span class='ocrx_word' id='word_1_202' title='bbox 1819 2354 2118 2440; x_wconf 80' lang='grc' dir='ltr'><strong><em>οὐρανὸν</em></strong></span> <span class='ocrx_word' id='word_1_203' title='bbox 2139 2380 2295 2423; x_wconf 90' lang='grc' dir='ltr'><strong><em>ποι-</em></strong></span> 
     </span>
     <span class='ocr_line' id='line_1_23' title="bbox 270 2452 2293 2545; baseline -0.002 -20"><span class='ocrx_word' id='word_1_204' title='bbox 270 2462 447 2545; x_wconf 75' lang='grc' dir='ltr'><strong><em>κιλίᾳ</em></strong></span> <span class='ocrx_word' id='word_1_205' title='bbox 471 2462 954 2544; x_wconf 73' lang='grc' dir='ltr'><strong><em>παραδείγμασι</em></strong></span> <span class='ocrx_word' id='word_1_206' title='bbox 973 2458 1295 2542; x_wconf 79' lang='grc' dir='ltr'><strong><em>χρηστέον</em></strong></span> <span class='ocrx_word' id='word_1_207' title='bbox 1329 2462 1447 2541; x_wconf 86' lang='grc' dir='ltr'><strong><em>τῆς</em></strong></span> <span class='ocrx_word' id='word_1_208' title='bbox 1478 2452 1645 2541; x_wconf 81' lang='grc' dir='ltr'><strong><em>πρὸς</em></strong></span> <span class='ocrx_word' id='word_1_209' title='bbox 1678 2457 1897 2521; x_wconf 87' lang='grc' dir='ltr'><strong><em>ἐκεῖνα</em></strong></span> <span class='ocrx_word' id='word_1_210' title='bbox 1931 2454 2293 2540; x_wconf 86' lang='grc' dir='ltr'><strong><em>μαθήσεως</em></strong></span> 
     </span>
     <span class='ocr_line' id='line_1_24' title="bbox 269 2549 2296 2641; baseline -0.001 -19"><span class='ocrx_word' id='word_1_211' title='bbox 269 2558 486 2638; x_wconf 76' lang='grc' dir='ltr'><strong><em>ἕνεκα,</em></strong></span> <span class='ocrx_word' id='word_1_212' title='bbox 525 2553 766 2641; x_wconf 85' lang='grc' dir='ltr'><strong><em>ὁμοίως</em></strong></span> <span class='ocrx_word' id='word_1_213' title='bbox 801 2556 1025 2639; x_wconf 74' lang='grc' dir='ltr'><strong><em>ὥσπερ</em></strong></span> <span class='ocrx_word' id='word_1_214' title='bbox 1061 2551 1149 2622; x_wconf 77' lang='grc' dir='ltr'><strong><em>ἀν</em></strong></span> <span class='ocrx_word' id='word_1_215' title='bbox 1182 2563 1249 2622; x_wconf 76' lang='grc' dir='ltr'><strong><em>εἰ</em></strong></span> <span class='ocrx_word' id='word_1_216' title='bbox 1272 2578 1370 2633; x_wconf 90' lang='grc' dir='ltr'><strong><em>τις</em></strong></span> <span class='ocrx_word' id='word_1_217' title='bbox 1405 2553 1665 2639; x_wconf 83' lang='grc' dir='ltr'><strong><em>ἐντύχοι</em></strong></span> <span class='ocrx_word' id='word_1_218' title='bbox 1694 2549 1827 2621; x_wconf 80' lang='grc' dir='ltr'><strong><em>ὑπὸ</em></strong></span> <span class='ocrx_word' id='word_1_219' title='bbox 1867 2552 2215 2621; x_wconf 88' lang='grc' dir='ltr'><strong><em>Δαιδάλου</em></strong></span> <span class='ocrx_word' id='word_1_220' title='bbox 2248 2550 2296 2638; x_wconf 80' lang='grc' dir='ltr'><em>ἤ</em></span> 
     </span>
     <span class='ocr_line' id='line_1_25' title="bbox 272 2648 2369 2740; baseline -0.002 -19"><span class='ocrx_word' id='word_1_221' title='bbox 272 2681 451 2734; x_wconf 91' lang='grc' dir='ltr'><strong><em>τινος</em></strong></span> <span class='ocrx_word' id='word_1_222' title='bbox 471 2653 682 2724; x_wconf 74' lang='grc' dir='ltr'><strong><em>ἄλλον</em></strong></span> <span class='ocrx_word' id='word_1_223' title='bbox 705 2658 1118 2740; x_wconf 79' lang='grc' dir='ltr'><strong><em>δημιουργοῦ</em></strong></span> <span class='ocrx_word' id='word_1_224' title='bbox 1135 2648 1180 2740; x_wconf 83' lang='grc' dir='ltr'><em>ἢ</em></span> <span class='ocrx_word' id='word_1_225' title='bbox 1199 2655 1511 2739; x_wconf 79' lang='grc' dir='ltr'><strong><em>γραφέως</em></strong></span> <span class='ocrx_word' id='word_1_226' title='bbox 1532 2651 1988 2740; x_wconf 86' lang='grc' dir='ltr'><strong><em>διαφερόντως</em></strong></span> <span class='ocrx_word' id='word_1_227' title='bbox 1998 2675 2292 2737; x_wconf 75' lang='grc' dir='ltr'><strong><em>γεγραμ-</em></strong></span> <span class='ocrx_word' id='word_1_228' title='bbox 2326 2679 2369 2729; x_wconf 73' lang='grc' dir='ltr'>Ε</span> 
     </span>
     <span class='ocr_line' id='line_1_26' title="bbox 270 2747 2290 2839; baseline -0.002 -20"><span class='ocrx_word' id='word_1_229' title='bbox 270 2755 493 2838; x_wconf 81' lang='grc' dir='ltr'><strong><em>μένοις</em></strong></span> <span class='ocrx_word' id='word_1_230' title='bbox 524 2754 635 2821; x_wconf 81' lang='grc' dir='ltr'><strong><em>καὶ</em></strong></span> <span class='ocrx_word' id='word_1_231' title='bbox 666 2754 1226 2839; x_wconf 83' lang='grc' dir='ltr'><strong><em>ἐκπεπονημένοις</em></strong></span> <span class='ocrx_word' id='word_1_232' title='bbox 1251 2750 1761 2837; x_wconf 76' lang='grc' dir='ltr'><strong><em>διαγράμμασιν.</em></strong></span> <span class='ocrx_word' id='word_1_233' title='bbox 1807 2747 2126 2838; x_wconf 79' lang='grc' dir='ltr'><strong><em>ἡγήσαιτο</em></strong></span> <span class='ocrx_word' id='word_1_234' title='bbox 2162 2747 2290 2833; x_wconf 78' lang='grc' dir='ltr'><strong><em>γάρ</em></strong></span> 
     </span>
     <span class='ocr_line' id='line_1_27' title="bbox 269 2846 2293 2936; baseline -0.002 -18"><span class='ocrx_word' id='word_1_235' title='bbox 269 2849 357 2918; x_wconf 91' lang='grc' dir='ltr'><strong><em>άν</em></strong></span> <span class='ocrx_word' id='word_1_236' title='bbox 378 2851 513 2919; x_wconf 86' lang='grc' dir='ltr'><strong><em>που</em></strong></span> <span class='ocrx_word' id='word_1_237' title='bbox 548 2877 645 2930; x_wconf 89' lang='grc' dir='ltr'><strong><em>τις</em></strong></span> <span class='ocrx_word' id='word_1_238' title='bbox 678 2856 985 2936; x_wconf 85' lang='grc' dir='ltr'><strong><em>ἔμπειρος</em></strong></span> <span class='ocrx_word' id='word_1_239' title='bbox 1021 2856 1442 2936; x_wconf 78' lang='grc' dir='ltr'><strong><em>γεωμετρίας,</em></strong></span> <span class='ocrx_word' id='word_1_240' title='bbox 1478 2848 1643 2917; x_wconf 76' lang='grc' dir='ltr'><strong><em>ίδων</em></strong></span> <span class='ocrx_word' id='word_1_241' title='bbox 1675 2846 1757 2916; x_wconf 79' lang='grc' dir='ltr'><strong><em>τά</em></strong></span> <span class='ocrx_word' id='word_1_242' title='bbox 1790 2856 2084 2934; x_wconf 80' lang='grc' dir='ltr'><strong><em>τοιαῦτα,</em></strong></span> <span class='ocrx_word' id='word_1_243' title='bbox 2126 2847 2293 2915; x_wconf 87' lang='grc' dir='ltr'><strong><em>κάλ-</em></strong></span> 
     </span>
     <span class='ocr_line' id='line_1_28' title="bbox 269 2945 2291 3039; baseline -0.001 -23"><span class='ocrx_word' id='word_1_244' title='bbox 269 2957 456 3016; x_wconf 90' lang='grc' dir='ltr'><strong><em>λιστα</em></strong></span> <span class='ocrx_word' id='word_1_245' title='bbox 480 2948 604 3036; x_wconf 71' lang='grc' dir='ltr'><strong><em>μὲν</em></strong></span> <span class='ocrx_word' id='word_1_246' title='bbox 622 2954 794 3035; x_wconf 76' lang='grc' dir='ltr'><strong><em>ἔχειν</em></strong></span> <span class='ocrx_word' id='word_1_247' title='bbox 816 2946 1206 3039; x_wconf 77' lang='grc' dir='ltr'><strong><em>ἀπεργασία,</em></strong></span> <span class='ocrx_word' id='word_1_248' title='bbox 1224 2956 1488 3035; x_wconf 77' lang='grc' dir='ltr'><strong><em>γελοῖον</em></strong></span> <span class='ocrx_word' id='word_1_249' title='bbox 1508 2945 1646 3034; x_wconf 82' lang='grc' dir='ltr'><strong><em>μὴν</em></strong></span> <span class='ocrx_word' id='word_1_250' title='bbox 1679 2950 2059 3016; x_wconf 81' lang='grc' dir='ltr'><strong><em>ἐπισκοπεῖν</em></strong></span> <span class='ocrx_word' id='word_1_251' title='bbox 2080 2970 2291 3014; x_wconf 91' lang='grc' dir='ltr'><strong><em>ταυτα</em></strong></span> 
     </span>
     <span class='ocr_line' id='line_1_29' title="bbox 271 3043 2285 3135; baseline -0.002 -21"><span class='ocrx_word' id='word_1_252' title='bbox 271 3051 554 3134; x_wconf 82' lang='grc' dir='ltr'><strong><em>σπουδῇ,</em></strong></span> <span class='ocrx_word' id='word_1_253' title='bbox 594 3073 683 3127; x_wconf 91' lang='grc' dir='ltr'><strong><em>ως</em></strong></span> <span class='ocrx_word' id='word_1_254' title='bbox 724 3046 849 3135; x_wconf 88' lang='grc' dir='ltr'><strong><em>τὴν</em></strong></span> <span class='ocrx_word' id='word_1_255' title='bbox 885 3046 1213 3135; x_wconf 84' lang='grc' dir='ltr'><strong><em>ἀλήθειαν</em></strong></span> <span class='ocrx_word' id='word_1_256' title='bbox 1248 3050 1322 3115; x_wconf 92' lang='grc' dir='ltr'><strong><em>ἐν</em></strong></span> <span class='ocrx_word' id='word_1_257' title='bbox 1353 3043 1578 3126; x_wconf 89' lang='grc' dir='ltr'><strong><em>αυτοῖς</em></strong></span> <span class='ocrx_word' id='word_1_258' title='bbox 1612 3044 1998 3132; x_wconf 85' lang='grc' dir='ltr'><strong><em>ληψόμενον</em></strong></span> <span class='ocrx_word' id='word_1_259' title='bbox 2037 3054 2206 3114; x_wconf 77' lang='grc' dir='ltr'><strong><em>ἴσων</em></strong></span> <span class='ocrx_word' id='word_1_260' title='bbox 2241 3070 2285 3129; x_wconf 92' lang='grc' dir='ltr'><strong><em>η</em></strong></span> 
     </span>
     <span class='ocr_line' id='line_1_30' title="bbox 271 3140 2428 3232; baseline -0.001 -20"><span class='ocrx_word' id='word_1_261' title='bbox 271 3140 703 3213; x_wconf 75' lang='grc' dir='ltr'><strong><em>διπλασίων“</em></strong></span> <span class='ocrx_word' id='word_1_262' title='bbox 657 3172 699 3232; x_wconf 94' lang='grc' dir='ltr'><strong><em>η</em></strong></span> <span class='ocrx_word' id='word_1_263' title='bbox 725 3143 928 3232; x_wconf 74' lang='grc' dir='ltr'><strong><em>ἄλλης</em></strong></span> <span class='ocrx_word' id='word_1_264' title='bbox 947 3146 1126 3225; x_wconf 84' lang='grc' dir='ltr'><strong><em>τινὸς</em></strong></span> <span class='ocrx_word' id='word_1_265' title='bbox 1149 3152 1566 3232; x_wconf 88' lang='grc' dir='ltr'><strong><em>συμμετρίας.</em></strong></span> <span class='ocrx_word' id='word_1_266' title='bbox 1613 3149 1700 3212; x_wconf 91' lang='grc' dir='ltr'><strong><em>Τί</em></strong></span> <span class='ocrx_word' id='word_1_267' title='bbox 1715 3142 1780 3212; x_wconf 84' lang='grc' dir='ltr'><strong><em>δ’</em></strong></span> <span class='ocrx_word' id='word_1_268' title='bbox 1821 3141 1905 3212; x_wconf 82' lang='grc' dir='ltr'><strong><em>οὐ</em></strong></span> <span class='ocrx_word' id='word_1_269' title='bbox 1936 3146 2158 3231; x_wconf 87' lang='grc' dir='ltr'><strong><em>μέλλει</em></strong></span> <span class='ocrx_word' id='word_1_270' title='bbox 2176 3168 2292 3228; x_wconf 77' lang='grc' dir='ltr'><strong><em>γε-</em></strong></span> <span class='ocrx_word' id='word_1_271' title='bbox 2323 3171 2428 3227; x_wconf 74' lang='lat'><strong><em>530</em></strong></span> 
     </span>
     <span class='ocr_line' id='line_1_31' title="bbox 270 3236 2287 3334; baseline -0.001 -23"><span class='ocrx_word' id='word_1_272' title='bbox 270 3250 456 3311; x_wconf 81' lang='grc' dir='ltr'><strong><em>λοῖον</em></strong></span> <span class='ocrx_word' id='word_1_273' title='bbox 489 3241 691 3324; x_wconf 57' lang='lat' dir='ltr'><em>alvan</em></span> <span class='ocrx_word' id='word_1_274' title='bbox 730 3248 876 3330; x_wconf 81' lang='grc' dir='ltr'><strong><em>ἔφη.</em></strong></span> <span class='ocrx_word' id='word_1_275' title='bbox 930 3241 1105 3334; x_wconf 71' lang='grc' dir='ltr'><strong><em>Τῷ”</em></strong></span> <span class='ocrx_word' id='word_1_276' title='bbox 1064 3269 1208 3313; x_wconf 91' lang='grc' dir='ltr'><strong><em>οντι</em></strong></span> <span class='ocrx_word' id='word_1_277' title='bbox 1241 3244 1322 3331; x_wconf 91' lang='grc' dir='ltr'><strong><em>δη</em></strong></span> <span class='ocrx_word' id='word_1_278' title='bbox 1362 3240 1868 3331; x_wconf 88' lang='grc' dir='ltr'><strong><em>ἀστρονομικόν,</em></strong></span> <span class='ocrx_word' id='word_1_279' title='bbox 1907 3236 1995 3329; x_wconf 85' lang='grc' dir='ltr'><strong><em>ἦν</em></strong></span> <span class='ocrx_word' id='word_1_280' title='bbox 2031 3239 2096 3307; x_wconf 90' lang='grc' dir='ltr'><strong><em>δ’</em></strong></span> <span class='ocrx_word' id='word_1_281' title='bbox 2135 3240 2287 3326; x_wconf 78' lang='grc' dir='ltr'><strong><em>ε’γιό,</em></strong></span> 
     </span>
     <span class='ocr_line' id='line_1_32' title="bbox 269 3337 2288 3427; baseline -0.002 -17"><span class='ocrx_word' id='word_1_282' title='bbox 269 3338 429 3410; x_wconf 72' lang='grc' dir='ltr'><strong><em>ὄντα</em></strong></span> <span class='ocrx_word' id='word_1_283' title='bbox 453 3337 579 3410; x_wconf 77' lang='grc' dir='ltr'><strong><em>οὐκ</em></strong></span> <span class='ocrx_word' id='word_1_284' title='bbox 597 3351 723 3410; x_wconf 79' lang='grc' dir='ltr'><strong><em>οἴει</em></strong></span> <span class='ocrx_word' id='word_1_285' title='bbox 744 3339 992 3411; x_wconf 73' lang='grc' dir='ltr'><strong><em>ταύτὸν</em></strong></span> <span class='ocrx_word' id='word_1_286' title='bbox 1013 3349 1362 3411; x_wconf 89' lang='grc' dir='ltr'><strong><em>πείσεσθαι</em></strong></span> <span class='ocrx_word' id='word_1_287' title='bbox 1388 3348 1480 3421; x_wconf 84' lang='grc' dir='ltr'><strong><em>εἰς</em></strong></span> <span class='ocrx_word' id='word_1_288' title='bbox 1498 3340 1616 3422; x_wconf 81' lang='grc' dir='ltr'><strong><em>τάς</em></strong></span> <span class='ocrx_word' id='word_1_289' title='bbox 1634 3350 1772 3411; x_wconf 71' lang='grc' dir='ltr'><strong><em>τοῖν</em></strong></span> <span class='ocrx_word' id='word_1_290' title='bbox 1792 3341 2055 3427; x_wconf 80' lang='grc' dir='ltr'><strong><em>ἄστρων</em></strong></span> <span class='ocrx_word' id='word_1_291' title='bbox 2069 3337 2288 3425; x_wconf 81' lang='grc' dir='ltr'><strong><em>φοράς</em></strong></span> 
     </span>
     <span class='ocr_line' id='line_1_33' title="bbox 265 3435 2288 3529; baseline -0.001 -23"><span class='ocrx_word' id='word_1_292' title='bbox 265 3435 760 3527; x_wconf 75' lang='grc' dir='ltr'><strong><em>ἀποβλέποντας</em></strong></span> <span class='ocrx_word' id='word_1_293' title='bbox 805 3455 1063 3528; x_wconf 87' lang='grc' dir='ltr'><strong><em>νομιεῖν</em></strong></span> <span class='ocrx_word' id='word_1_294' title='bbox 1097 3444 1241 3529; x_wconf 84' lang='grc' dir='ltr'><strong><em>μέν,</em></strong></span> <span class='ocrx_word' id='word_1_295' title='bbox 1272 3438 1361 3522; x_wconf 78' lang='grc' dir='ltr'><strong><em>ὥς</em></strong></span> <span class='ocrx_word' id='word_1_296' title='bbox 1394 3436 1542 3510; x_wconf 86' lang='grc' dir='ltr'><strong><em>οἶόν</em></strong></span> <span class='ocrx_word' id='word_1_297' title='bbox 1573 3467 1644 3508; x_wconf 91' lang='grc' dir='ltr'><strong><em>τε</em></strong></span> <span class='ocrx_word' id='word_1_298' title='bbox 1677 3442 1994 3506; x_wconf 84' lang='grc' dir='ltr'><strong><em>κάλλιστα</em></strong></span> <span class='ocrx_word' id='word_1_299' title='bbox 2031 3438 2112 3503; x_wconf 74' lang='grc' dir='ltr'><strong><em>τὰ</em></strong></span> <span class='ocrx_word' id='word_1_300' title='bbox 2146 3462 2288 3504; x_wconf 87' lang='grc' dir='ltr'><strong><em>τοι-</em></strong></span> 
     </span>
    </p>
   </div>
  </div>
 </body>
</html>
