2602 3928
373 257 499 324 372
1109 261 1679 322 ΠΛΑΤΩΝΟΣ
2327 271 2406 325 54

374 425 699 511 θημάτων
718 432 924 493 ταῦτα
962 431 1135 490 αἴτια
1177 420 1490 508 εἰρήσθω.
1537 426 1721 489 λείου
1758 417 1821 487 δ’
1859 412 1949 488 αὐ
1982 423 2095 490 καὶ
2126 425 2405 507 τραχέος

377 521 770 609 παθήματος
790 527 1004 590 αἰτίαν
1026 527 1155 597 πᾶς
1174 542 1309 585 που
1330 515 1622 585 κατιδων
1639 517 1750 585 καὶ
1780 517 1977 607 ἑτέρῳ
2001 515 2288 597 δυνατὰς
2308 514 2403 586 ἂν

376 629 476 705 εἴη
513 624 759 704 λέγειν·
797 618 1162 703 σκληρότης
1195 615 1326 701 γὰρ
1363 612 1821 701 ἄνωμαλότητι
1848 624 2177 701 μιχθεῖσα,
2210 613 2285 683 τό
2328 615 2397 683 δ’

274 736 347 793 64
379 714 706 803 ὁμαλότης
728 715 1089 800 πυκνότητι
1113 714 1480 799 παρέχεται.

544 820 779 883 XXVII.
838 814 1181 897 Μέγιστον
1219 814 1290 877 δὲ
1334 810 1447 878 καὶ
1488 808 1729 878 λοιπὸν
1769 815 1904 877 τῶν
1950 816 2201 878 κοινῶν
2242 813 2397 894 περὶ

378 912 543 981 ὅλον
573 910 647 981 τὸ
687 921 877 999 σῶμα
912 901 1332 996 παθημάτων
1366 908 1439 977 τὸ
1478 917 1616 978 τῶν
1637 907 1854 996 ἡδέων
1873 910 2141 977 καὶτῶν
2170 906 2399 994 ἀλγει-

376 1037 520 1079 νων
540 1019 756 1079 αἴτιον
780 1014 854 1078 ἐν
873 1006 973 1088 οἷς
997 1007 1506 1094 διεληλύθαμεν,
1530 1008 1641 1074 καὶ
1663 1005 1789 1074 ὅσα
1813 1004 1921 1074 διὰ
1954 1032 2090 1074 των
2108 1014 2231 1075 τοῦ
2254 1008 2395 1073 ‹sai-

377 1134 579 1196 ματος
610 1116 864 1194 μορίων
898 1106 1240 1192 αἰσθήσεις
1272 1109 1638 1192 κεκτημένα
1672 1106 1783 1174 καὶ
1816 1105 2030 1183 λύπας
2063 1108 2137 1173 ἐν
2170 1101 2399 1184 αὑτοῖς

381 1204 628 1293 ἡδονάς
656 1203 735 1274 θ’
773 1205 909 1292 ἅμα
942 1207 1266 1290 ἑπομένας
1301 1210 1447 1290 ἔχει.
1492 1195 1609 1271 ωδ’
1649 1196 1776 1272 οὐν
1808 1204 1973 1271 κατὰ
2008 1202 2255 1283 παντὸς
2290 1211 2400 1272 αἰ-

380 1312 639 1389 σθητοῦ
660 1306 771 1371 καὶ
794 1301 1209 1389 άναισθήτου
1233 1299 1623 1388 παθήματος
1644 1298 1763 1380 τὰς
1795 1306 2002 1380 αἰτίας
2035 1302 2400 1388 λαμβάνω-

304 1415 344 1465 Β
382 1426 525 1485 μεν,
553 1399 1211 1488 ἀναμιμνησκόμενοι
1230 1398 1305 1467 τὸ
1328 1408 1443 1486 τῆς
1470 1398 1821 1485 εὐκινήτου
1848 1425 1918 1468 τε
1944 1401 2055 1467 καὶ
2074 1400 2402 1486 δυσκινή-

378 1522 502 1566 του
524 1499 789 1585 φύσεως
816 1498 918 1568 ότι
950 1498 1329 1584 διειλόμεθα
1371 1501 1445 1565 ἐν
1484 1512 1619 1576 τοῖς
1653 1498 1988 1582 πρόσθεν·
2020 1498 2232 1586 ταύτῃ
2266 1496 2398 1584 γὰρ

382 1593 464 1682 δὴ
481 1598 956 1680 μεταδιωκτέον
978 1595 1216 1679 πάντα,
1238 1594 1364 1663 ὅσα
1388 1598 1786 1682 ἐπινοοῦμεν
1805 1597 1992 1664 ἑλεῖν.
2021 1593 2094 1665 τὸ
2119 1598 2244 1683 μὲν
2264 1595 2397 1682 γὰρ

381 1689 549 1762 κατά
569 1692 776 1778 φύσιν
799 1690 1167 1779 εὐκίνητον,
1192 1692 1355 1761 ὅταν
1375 1696 1485 1761 καὶ
1505 1690 1719 1781 βραχὺ
1740 1694 1961 1772 πάθος
1980 1699 2073 1772 εἰς
2093 1691 2255 1762 αὐτὰ
2278 1697 2398 1779 έμ-

382 1796 604 1877 πίπτῃ,
631 1794 971 1858 διαδίδωσι
991 1789 1211 1880 κύκλῳ
1235 1792 1434 1879 μόρια
1456 1793 1645 1878 ἕτερα
1664 1792 1906 1875 ἑτέροις
1927 1788 2177 1859 ταύτὸν
2189 1789 2399 1878 άπερ-

382 1888 729 1974 γαζόμενα,
746 1892 1058 1976 μέχριπερ
1081 1886 1166 1955 άν
1182 1892 1285 1956 ἐπὶ
1304 1887 1378 1956 τὸ
1404 1888 1734 1976 φρόνιμον
1755 1888 2044 1957 ἐλθόντα
2056 1893 2399 1978 ἐξαγγείλῃ

383 1992 504 2052 τοῦ
531 1987 927 2070 ποιήσαντος
948 1983 1073 2071 τήν
1097 1986 1413 2072 δύναμιν·
1455 1985 1530 2054 vd
1573 1984 1634 2055 δ’
1673 1990 1980 2056 ἐναντίον
2011 1990 2274 2073 ἑδραῖον
2316 1985 2399 2057 ὃν

385 2082 530 2151 κατ’
559 2082 801 2153 οὐδένα
823 2110 893 2152 τε
914 2086 1169 2152 κύκλον
1191 2082 1298 2153 ἰὰν
1322 2085 1555 2171 πάσχει
1575 2085 1806 2172 μόνον,
1844 2085 2005 2155 ἄλλο
2030 2085 2103 2155 δὲ
2124 2086 2208 2156 οὐ
2229 2104 2409 2157 κινεῖ

316 2201 354 2252 G
383 2190 518 2248 τῶν
539 2186 838 2268 πλησίον,
866 2180 1031 2250 ὥστε
1055 2179 1136 2249 οὐ
1162 2181 1598 2250 διαδιδόντων
1619 2189 1872 2269 μορίων
1894 2190 2148 2270 μορίοις
2174 2183 2397 2253 ἄλλων

385 2277 609 2357 ἄλλοις
643 2276 718 2347 τὸ
748 2288 1016 2367 πρῶτον
1047 2280 1268 2361 πάθος
1304 2285 1377 2349 ἐν
1411 2279 1635 2360 αὐτοῖς
1676 2279 1992 2367 ἀκίνητον
2027 2289 2119 2362 εἰς
2161 2283 2235 2352 τὸ
2260 2293 2398 2352 πᾶν

384 2384 556 2458 ζῶον
576 2381 942 2465 γενόμενον
964 2379 1376 2467 ἀναίσθητον
1400 2382 1679 2469 παρέσχε
1701 2378 1775 2448 τὸ
1802 2379 2049 2452 παθόν.
2093 2390 2300 2451 ταῦτα
2325 2388 2397 2451 δὲ

385 2483 542 2558 περί
567 2503 637 2544 τε
683 2476 848 2544 ὀστᾶ
890 2481 999 2545 καὶ
1034 2476 1152 2557 τὰς
1185 2485 1407 2564 τρίχας
1451 2480 1583 2545 ἐστὶ
1620 2481 1730 2547 καὶ
1762 2474 1871 2546 ὅσ’
1908 2477 2079 2548 ἄλλα
2100 2481 2299 2566 γήϊνα
2319 2480 2394 2550 τὸ

385 2581 694 2641 πλεῖστον
720 2579 952 2661 ἔχομεν
971 2579 1045 2642 ἐν
1063 2573 1223 2661 ἡμῖν
1243 2575 1445 2661 μόρια
1463 2600 1476 2614 ·
1520 2573 1598 2642 τὰ
1624 2574 1696 2642 δὲ
1729 2581 2112 2663 ἔμπροσθεν
2146 2577 2397 2662 περὶτὰ

384 2678 499 2756 τῆς
534 2669 750 2752 ὄψεως
785 2673 895 2738 καὶ
936 2670 1142 2757 ἆκοης
1180 2672 1481 2759 μάλιστα,
1508 2669 1614 2740 δια
1637 2670 1711 2740 τὰ
1742 2674 1955 2760 πυρὸς
1988 2673 2181 2761 ἀέρος
2216 2701 2287 2743 τε
2325 2679 2400 2744 έν

386 2765 607 2847 αὐτοῖς
643 2767 932 2854 δύναμιν
967 2772 1210 2837 ἐνεῖναι
1245 2777 1577 2857 μεγίστην.
1636 2768 1710 2838 τὸ
1748 2771 1829 2858 δὴ
1864 2780 1980 2859 τῆς
2012 2769 2258 2861 ἡδονῆς
2290 2777 2403 2842 καὶ

316 2884 359 2933 D
393 2862 604 2948 λύπης
626 2856 759 2930 ωδε
780 2869 887 2933 δεῖ
898 2870 1328 2934 διανοεῖσθαι.
1374 2895 1447 2935 το
1428 2865 1592 2954 μὲν
1612 2866 1793 2956 παρὰ
1815 2869 2028 2956 φύσιν
2048 2875 2159 2940 καὶ
2180 2879 2402 2958 βίαιον

387 2962 785 3048 γιγνόμενον
808 2961 1070 3048 ἀθρόον
1091 2963 1250 3049 παρ’
1279 2963 1439 3052 ἡμῖν
1466 2967 1686 3048 πάθος
1721 2967 2056 3056 ἀλγεινόν,
2093 2968 2167 3040 vd
2210 2971 2272 3039 δ’
2311 2978 2406 3051 εἰς

388 3060 600 3146 φύσιν
635 3058 840 3128 άπιὸν
885 3064 1087 3130 πάλιν
1130 3063 1394 3148 ἀθρόον
1439 3063 1591 3153 ἡδύ,
1625 3065 1700 3135 τὰ
1737 3065 1809 3134 δὲ
1842 3064 2054 3155 ηρέμα
2088 3071 2199 3137 καὶ
2231 3071 2404 3140 κατὰ

390 3155 670 3244 σμικρὸν
693 3155 1123 3245 ἀναίσθητον,
1148 3159 1223 3228 τό
1250 3160 1316 3228 δ’
1340 3165 1642 3231 ἐναντίον
1663 3164 1920 3245 τούτοις
1946 3169 2402 3246 ἐναντίως.τό

391 3252 463 3321 δὲ
484 3248 624 3338 μετ’
654 3248 988 3335 εὐπετείας
1009 3258 1408 3347 γιγνόμενον
1430 3259 1607 3328 ἅπαν
1630 3260 1952 3350 αἰσθητὸν
1980 3264 2165 3351 μὶν”
2124 3292 2161 3333 ο
2184 3292 2249 3334 τι
2271 3266 2405 3353 μά·-

391 3359 600 3433 λιστα,
622 3350 832 3438 λύπης
858 3356 1055 3423 δὲκαὶ
1077 3353 1327 3445 ἡδονῆς
1361 3360 1443 3427 οὐ
1476 3363 1766 3447 μετέχον,
1805 3357 1951 3430 οἷον
1979 3389 2059 3431 τα
2095 3368 2245 3450 περὶ
2280 3365 2407 3453 τὴν

393 3446 551 3525 ὄψιν
573 3445 784 3536 αὐτὴν
804 3452 1239 3542 παθήματα,
1210 3485 1248 3538 η
1283 3454 1363 3536 δὴ
1390 3467 1577 3534 σωμα
1612 3464 1687 3528 ἐν
1707 3474 1841 3538 τοῖς
1868 3460 2173 3545 π’ρόσθεν
2204 3463 2407 3549 ἐρρή-
