2602 3928
585 167 629 207 '⁸
912 227 1490 291 ΠΟΛΙΤΕΙΑΣ
1527 224 1598 291 ι’.
2137 230 2261 296 287

256 398 437 473 ταξίν
458 418 531 460 τε
549 395 661 461 καὶ
683 396 1108 478 ξυμφωνίαν;
1149 392 1263 459 καὶ
1291 388 1415 458 τὸν
1435 389 1640 476 ὄγκον
1659 400 1783 459 τοῦ
1803 394 2109 480 πλήθους
2139 392 2263 461 οὐκ

254 490 775 577 ἐκπληττόμενος
817 486 949 557 ὑπὸ
992 495 1116 557 τοῦ
1150 495 1287 555 τοῖν
1322 496 1588 557 πολλῶν
1618 500 2039 577 μακαρισμοῦ
2070 491 2264 560 ἄπει-

254 614 380 676 ρον
424 585 729 673 αὐξήσει,
774 583 1111 670 ἀπέραντα
1153 582 1326 651 κακὰ
1368 590 1571 671 ’ἔχωνς
1619 585 1764 655 Οὐκ
1819 598 2074 676 οἴομαι,
2120 594 2268 675 ἔφη.

244 681 422 754 Ἀλλ’
449 681 845 771 ἀποβλέπων
877 709 975 768 γε,
1010 680 1219 769 εἷπον,
1256 680 1422 766 πρὸς
1453 682 1577 770 τήν
1611 689 1684 752 έν
1718 681 1898 775 αὐτῷ
1934 692 2270 755 πολιτείαν
2309 688 2350 737 Ε

233 785 367 851 ,καὶ
390 778 766 868 φυλάὴων,
802 781 893 867 μή
924 806 987 847 τι
1019 786 1355 868 παρακινῇ
1378 777 1589 848 αὑτοῦ
1621 790 1756 849 τῶν
1787 785 1929 850 ἐκεῖ
1953 782 2063 851 διὰ
2099 791 2271 869 πλῆ-

255 890 384 959 θος
406 875 700 965 οὐσίαςῆ
734 876 822 945 δι’
867 875 1237 964 ὀλιγότητα,
1271 874 1485 957 οὕτως
1514 885 1865 966 κυβερνῶν
1897 879 2272 966 προσθήσει

257 979 368 1046 καὶ
389 974 722 1045 ἀναλώσει
740 983 856 1062 τῆς
878 971 1109 1095 οὐσίας
1130 969 1290 1041 καθ’
1317 971 1483 1041 ὅσον
1504 968 1592 1042 ἄν
1613 969 1754 1052 οἶός
1788 972 1847 1042 τ’
1881 967 1944 1063 ᾖ.
2008 981 2272 1065 Κομιδῇ

253 1079 378 1164 μὲν
421 1069 570 1162 οὐν,
604 1082 753 1163 ἔφη.
790 1072 981 1144 Ἀλλά
1013 1071 1149 1160 μὴν
1190 1074 1303 1141 καὶ
1328 1073 1522 1158 τιμάς
1561 1097 1660 1160 γε,
1698 1078 1790 1193 εἰς
1819 1071 2067 1143 ταύτὸν
2099 1071 2270 1143 ἄπο-

254 1178 542 1263 βλέπων,
566 1199 703 1241 των
724 1172 847 1260 μὲν
870 1173 1133 1258 μεθέξει
1160 1170 1271 1238 καὶ
1301 1169 1610 1254 γεύσεται
1645 1169 1839 1256 ἑκών,
1876 1168 1953 1250 ἃς
1985 1198 2072 1239 αν
2100 1169 2271 1260 ἡγῆ-
2302 1196 2405 1251 592

259 1297 363 1340 ται
399 1272 643 1358 αμείνω
680 1266 887 1338 αὐτὸν
920 1268 1243 1354 ποιήσειν,
1278 1263 1356 1345 ἃς
1400 1265 1464 1334 δ’
1508 1293 1597 1334 αν
1630 1268 1863 1336 λύσειν
1893 1266 2019 1355 τὴν
2052 1266 2270 1357 υπάρ-

262 1389 509 1461 [ουσαν
525 1370 683 1452 ἕξιν,
709 1366 1016 1453 φεύξεται
1039 1369 1175 1453 ἰδίᾳ
1209 1368 1321 1432 καὶ
1355 1368 1652 1455 δημοσίᾳ
1748 1364 1893 1434 Οὐκ
1929 1367 2079 1454 ἄρα,
2117 1374 2267 1459 ἔφη,

261 1491 335 1535 τα
370 1493 446 1553 γε
474 1463 776 1535 πολιτικὰ
798 1463 1106 1549 ἐθελήσει
1139 1462 1474 1548 πράττειν,
1510 1462 1753 1551 ἐάνπερ
1783 1463 2030 1533 τούτου
2059 1465 2270 1553 κήδη-

256 1591 383 1632 ται.
425 1562 536 1650 Νὴ
559 1561 683 1632 τὸν
702 1561 899 1647 κύνα,
922 1553 1010 1648 ἦν
1032 1558 1097 1627 δ’
1136 1561 1285 1648 ἐγώ,
1323 1564 1399 1627 ἔν
1430 1586 1506 1646 γε
1536 1567 1618 1649 τῇ
1654 1563 1898 1630 ἑαυτοῦ
1933 1562 2125 1631 πόλει
2158 1567 2271 1632 καὶ

256 1661 457 1748 μάλα,
494 1657 579 1728 οὐ
610 1664 832 1747 μέντοι
866 1669 1024 1738 ἴσως
1056 1662 1131 1726 ἔν
1170 1683 1249 1744 γε
1277 1663 1361 1744 τῇ
1403 1662 1689 1745 πατρίδι,
1725 1656 1844 1737 έάγ
1863 1657 1952 1746 μὴ
1985 1666 2140 1727 θεία
2173 1686 2272 1738 τις

258 1766 476 1847 ξυμβῇ
507 1758 690 1845 τύχη.
777 1757 1161 1845 Μανθάνω,
1195 1763 1324 1844 ἔφη
1339 1782 1356 1798 ·
1401 1761 1475 1824 έν
1516 1749 1560 1844 ᾖ
1600 1766 1731 1825 νῦν
1770 1760 2136 1844 διήλθομεν
2171 1765 2272 1828 οἰ-

256 1864 546 1939 κίζοντες
579 1856 768 1924 πόλει
802 1859 1029 1942 λέγεις,
1063 1863 1146 1945 τῇ
1179 1857 1254 1923 έν
1286 1853 1511 1940 λόγοις
1544 1853 1834 1944 κειμένῃ,
1867 1858 2006 1924 ἐπεὶ
2039 1864 2162 1942 γῆς
2194 1881 2270 1941 γε

258 1953 563 2042 οὐδαμοῦ
584 1953 764 2041 οἶμαι
783 1952 996 2041 αὐτὴν
1020 1951 1206 2021 εἶναι.
1243 1948 1444 2038 Ἀλλ’,
1478 1947 1566 2041 ἦν
1601 1950 1664 2022 δ’
1704 1953 1856 2041 ἐγώ,
1892 1958 1966 2023 ἐν
1998 1951 2272 2043 οὐρανῷ
2298 1974 2338 2023 Β

257 2065 415 2134 ἴσως
464 2055 878 2140 παράδενγμα
927 2050 1267 2120 ἀνάκειται
1328 2059 1424 2140 τῷ
1486 2055 1871 2144 βουλομένω
1928 2049 2097 2141 ὁρᾷν
2159 2054 2270 2120 καὶ

259 2151 503 2240 ὁρωντι
535 2150 775 2220 ἑαυτὸν
806 2156 1223 2232 κατοικίζειν·
1270 2153 1568 2238 διαφέρει
1608 2151 1681 2219 δὲ
1717 2148 1939 2237 οὐδέν,
1976 2161 2105 2220 εἴτε
2136 2173 2270 2217 που

260 2254 438 2317 ἔστιν
461 2257 587 2319 εἴτε
610 2255 820 2317 ἔσται·
862 2272 944 2315 τα
965 2244 1094 2334 γὰρ
1117 2247 1363 2335 ταύτης
1379 2248 1587 2335 μόνης
1606 2275 1695 2316 αν
1716 2248 2043 2391 πράξειεν,
2066 2247 2271 2334 αλλης

262 2347 333 2415 δὲ
356 2345 680 2432 οὐδεμιᾶς.
718 2344 923 2424 Εἰκός
942 2344 1010 2430 γ’
1014 2395 1033 2431 ,
1062 2351 1207 2432 ἔφη.

1236 2759 1293 2819 Ι.

426 2936 473 2997 1.
520 2933 652 2999 Καὶ
674 2931 831 3019 μήν,
854 2926 943 3017 ἦν
965 2931 1029 3000 δ’
1052 2933 1203 3018 ἐγώ,
1227 2931 1440 3000 πολλὰ
1462 2930 1585 3017 μὲν
1615 2933 1727 2999 καὶ
1761 2929 1928 2998 ἄλλα
1963 2933 2113 3016 περὶ
2144 2927 2272 2998 αὐ-
2305 2943 2406 2997 595

260 3036 377 3115 τῆς
409 3031 642 3116 ἐννοῶ,
681 3026 769 3109 ὥς
802 3029 1048 3109 παντὸς
1080 3030 1213 3118 ἄρα
1246 3040 1502 3119 μᾶλλον
1537 3027 1762 3115 ὀρθῶς
1795 3028 2112 3116 ςόκίζομεν
2145 3028 2271 3115 τὴν

258 3128 478 3211 πόλιν,
505 3124 626 3213 οὐχ
647 3125 882 3213 ἥκιστα
903 3128 976 3198 δὲ
996 3131 1407 3215 ἐνθυμηθεὶς
1427 3131 1578 3214 περὶ
1599 3128 1923 3215 ποιήσεως
1944 3132 2132 3214 λέγω.
2177 3123 2267 3194 T&

259 3237 484 3302 ποίους
515 3227 661 3312 ἔφη.
728 3223 818 3293 Ta
853 3230 1123 3315 μηδαμῇ
1152 3229 1644 3313 παραδέχεσθαι
1678 3224 1881 3314 αὐτῆς
1907 3223 2027 3311 ὅση
2067 3249 2271 3310 μιμη·

256 3321 434 3408 τική·
481 3321 729 3402 παντὸς
758 3324 887 3408 γάρ
910 3330 1164 3409 μᾶλλον
1186 3323 1270 3392 οὐ
1292 3329 1701 3412 παραδεκτέα
1728 3332 1858 3392 νῦν
1879 3325 1989 3391 καὶ
2009 3321 2268 3406 ἐναργέ·

259 3440 526 3504 στερον,
575 3417 665 3500 ὥς
702 3424 843 3509 ἐμοὶ
886 3427 1100 3509 δοκεῖ,
1147 3429 1483 3510 φαίνεται,
1525 3420 1746 3508 ἐπειδὴ
1789 3421 1985 3507 χωρὶς
2029 3419 2269 3486 ἕκαστα
2307 3440 2348 3488 Β
