2602 3928
346 221 428 285 10
1069 221 1642 283 ΠΛΑΤΩΝΟΣ

343 393 483 453 im
516 385 629 451 καὶ
666 383 770 450 ἐπὶ
808 381 1024 469 βλάβῃ
1059 388 1194 448 τῶν
1221 383 1503 465 ἐχθρῶν.
1554 379 1674 466 οὐχ
1711 379 1924 460 οὕτως
1957 386 2200 466 ἔλεγες;
2241 376 2345 448 Oi

344 478 435 558 ιιά
473 478 594 549 τὸν
627 477 782 563 Δί’,
821 485 984 565 ἔφη,
1029 475 1178 547 ἀλλ’
1219 476 1439 545 οὐκέτι
1478 476 1624 546 οἶδα
1659 484 1873 565 ἔγωγε.
1908 478 1948 544 ὅ
1980 506 2043 546 τι
2083 485 2343 563 ἔλεγον·

339 585 538 645 τοῦτο
568 582 792 663 μέντοι
813 582 1032 661 ἔμοιγε
1055 582 1242 644 δοκεῖ
1261 581 1388 660 ἔτι,
1413 571 1693 660 ὠφελεῖν
1718 575 1841 662 μὲν
1860 575 2017 654 τούς
2039 582 2276 661 φίλους
2303 571 2346 660 ἡ

342 675 769 792 δικαιοσύνη,
803 673 1117 760 βλάπτειν
1141 675 1213 740 δὲ
1246 673 1404 751 τούς
1434 674 1735 759 ἐχθρούς.
1783 681 2025 752 Φίλους
2049 677 2119 740 δὲ
2140 680 2348 758 λέγεις

279 785 318 837 c
342 771 510 840 εἶναι
537 773 823 859 πότερον
849 769 1007 849 τοὺς
1041 775 1408 848 δοκοῦντας
1441 771 1694 860 ἑκάστω
1716 769 2041 857 χρηστούς
2062 769 2263 848 εἶναι,
2302 765 2349 856 ἦ

341 867 498 949 τούς
523 869 748 955 ὄντας,
782 896 911 937 καν
951 866 1039 955 μὴ
1067 873 1346 945 δοκοῖσι
1389 870 1500 936 καὶ
1529 867 1810 954 ἐχθροὺς
1845 865 2189 947 ὥσαύτωςς
2225 874 2347 937 Εἰ-

341 966 459 1045 κὸς
484 970 642 1054 μέν,
669 974 796 1053 ἔφη
811 1017 832 1052 ,
856 962 976 1045 οὓς
999 966 1085 1033 ἄν
1106 993 1202 1045 τις
1220 963 1458 1052 ἡγῆται
1476 967 1799 1052 χρηστούς
1814 1017 1832 1050 ,
1855 973 2105 1051 φιλεῖν,
2136 964 2253 1045 οὓς
2275 962 2344 1033 δ’

343 1058 430 1130 ἂν
449 1062 820 1150 πονηρούς,
843 1077 1089 1149 μισεῖν.
1134 1056 1275 1148 Αρ’
1301 1088 1430 1129 ουν
1452 1061 1575 1147 οὐχ
1606 1061 2103 1148 ἁμαρτάνουσιν
2130 1062 2266 1130 οί”
2221 1089 2309 1129 αν

340 1171 606 1245 θρωποι
626 1163 775 1244 περὶ
793 1168 988 1229 τοῦτο
1003 1212 1024 1246 ‚
1056 1182 1223 1228 ωστε
1247 1164 1470 1228 δοκεῖν
1491 1157 1714 1239 αὐτοῖς
1736 1160 2023 1239 πολλοὺς
2041 1160 2163 1247 μὲν
2185 1186 2348 1246 χρη·-

343 1253 543 1335 στούς
572 1256 741 1325 εἶναι
774 1256 863 1344 μὴ
895 1257 1125 1343 ὄντας,
1160 1254 1449 1335 πολλοὺς
1477 1257 1549 1325 δὲ
1574 1256 2000 1339 τούναντίον;
2018 1257 2343 1344 Ἀμαρτά-

342 1376 597 1424 νουσιν.
673 1357 949 1436 Τούτοις
984 1357 1113 1444 άρα
1149 1361 1220 1424 οἰ
1245 1359 1368 1442 μὲν
1399 1354 1646 1442 άγαθοὶ
1686 1360 1945 1443 ἐχθροί,
1974 1362 2045 1425 οἰ
2061 1360 2132 1423 δὲ
2154 1356 2348 1423 κακοὶ

342 1461 557 1541 φίλοις
591 1456 789 1524 Πάνυ
826 1483 918 1541 γε.
978 1451 1155 1524 Ἀλλ’
1194 1454 1384 1540 ὅμως.
1405 1460 1664 1523 δίκαιον
1693 1454 1844 1522 τότε
1863 1455 2155 1538 τούτοις,
2190 1452 2346 1532 τοὺς

272 1573 316 1625 D
343 1553 465 1640 μὲν
489 1554 825 1641 πονηροὺς
849 1553 1162 1642 ὠφελεῖν,
1200 1554 1357 1634 τοὺς
1379 1555 1452 1623 δὲ
1473 1552 1774 1639 άγαθούς
1800 1552 2133 1642 βλάπτειν.
2177 1559 2339 1624 Φαί-

342 1677 538 1720 νεται.
588 1650 783 1721 Ἀλλά
807 1652 944 1740 μὴν
968 1657 1036 1721 οἴ
1059 1679 1136 1740 γε
1169 1649 1235 1738 ά,
1257 1653 1417 1720 αθοὶ
1447 1658 1694 1720 δίκαιοί
1706 1679 1775 1719 τε
1806 1656 1914 1720 καὶ
1936 1648 2063 1720 οἶοι
2084 1650 2172 1739 μὴ
2198 1651 2345 1721 άδι-

339 1763 500 1817 κεῖν.
569 1746 835 1837 Ἀληθῆ.
901 1750 1090 1818 Κατὰ
1133 1749 1214 1837 δὴ
1253 1750 1375 1818 τὸν
1411 1750 1535 1817 σὸν
1567 1751 1772 1835 λόγον
1801 1750 1957 1830 τούς
1978 1753 2183 1837 μηδὲν
2205 1750 2344 1817 άδι-

337 1854 624 1925 κοῦντας
644 1852 903 1916 δίκαιον
922 1856 1140 1928 κακῶς
1160 1863 1390 1916 ποιεῖν.
1427 1852 1793 1933 Μηδαμῶς,
1818 1854 1964 1935 ἔφη,
1986 1843 2039 1917 ὦ
2060 1849 2345 1931 Σώκρα-

338 1970 443 2023 τες
457 1969 471 1983 ·
496 1942 790 2031 πονηρὸς
809 1943 939 2032 γάρ
960 1951 1174 2015 ἔοικεν
1195 1942 1363 2013 εἶναι
1387 1940 1422 2011 ὁ
1445 1943 1656 2029 λόγος.
1710 1947 1883 2025 Τούς
1905 1943 2175 2024 ἀδίκους
2191 1943 2341 2031 ἄρα,

335 2034 425 2127 ἦν
459 2042 524 2108 δ’
560 2043 724 2127 ἐγώ,
762 2047 1020 2111 δίκαιον
1041 2041 1392 2129 βλάπτειν,
1427 2041 1587 2120 τούς
1620 2041 1692 2109 δὲ
1728 2048 2021 2121 δικαίους
2042 2041 2338 2128 ὠφελεῖν.

342 2130 557 2217 Οὗτος
577 2142 835 2207 ἐκείνου
856 2148 1146 2208 καλλίων
1170 2146 1492 2225 φαίνεται.
1540 2148 1824 2220 Πολλοῖς
1845 2140 1977 2224 ἄρα
1995 2191 2015 2226 ,
2052 2134 2108 2208 ὦ
2128 2143 2339 2208 Πολέ-

336 2261 576 2321 μαρχε,
613 2239 1050 2325 ξυμβήσεται,
1089 2237 1237 2305 ὅσοι
1271 2239 1746 2324 διημαρτήκασι
1778 2247 1912 2306 τῶν
1936 2236 2339 2324 ἀνθρώπων,

271 2346 313 2395 Ε
340 2337 598 2402 δίκαιον
620 2333 790 2402 εἶναι
810 2335 967 2414 τοὺς
988 2335 1112 2421 μὲν
1135 2343 1371 2420 φίλους
1390 2336 1709 2423 βλάπτειν
1725 2361 1738 2374 ·
1764 2339 2044 2422 πονηροὶ
2065 2337 2192 2421 γὰρ
2216 2333 2341 2402 αύ-

337 2443 474 2509 τοῖς
496 2437 651 2500 εἰσί·
685 2431 843 2511 τοὺς
876 2431 939 2501 δ’
983 2430 1268 2519 ἐχθρούς
1290 2431 1605 2519 ω’φελεῖν·
1644 2433 1889 2520 ἀγαθοὶ
1909 2433 2066 2522 γάρ·
2092 2437 2200 2502 καὶ
2223 2431 2343 2500 οὖν

336 2555 465 2607 τως
498 2532 781 2615 ἐροῦμεν
814 2529 977 2600 αὐτὰ
1016 2529 1412 2601 τούναντίον
1444 2529 1490 2618 ἢ
1521 2529 1642 2599 τὸν
1676 2538 2063 2619 Σιμωνίδην
2089 2537 2345 2619 ἔφαμεν

338 2631 567 2712 λέγειν.
617 2629 750 2696 Καὶ
783 2628 992 2715 μάλα,
1028 2636 1189 2716 ἔφη,
1228 2629 1405 2698 οὕτω
1428 2633 1790 2716 ξυμβαίνει.
1834 2628 1999 2698 ἀλλὰ
2031 2629 2342 2717 μεταθώ-
2383 2701 2388 2706 .

272 2740 279 2746 ’
335 2734 544 2811 μεθα·
568 2726 1048 2813 κινδυνεύομεν
1065 2726 1196 2814 γὰρ
1222 2726 1347 2795 οὐκ
1370 2726 1592 2811 ὀρθῶς
1613 2727 1731 2795 τὸν
1753 2734 1952 2813 φίλον
1970 2730 2080 2796 καὶ
2098 2726 2344 2815 ἐχθρὸν

336 2823 602 2889 θέσθαι.
637 2830 796 2902 Πῶς
817 2829 1091 2910 θέμενοι
1106 2877 1122 2904 ,
1148 2819 1206 2893 ὦ
1226 2829 1634 2911 Πολέμαρχες
1676 2823 1811 2895 Τὸν
1833 2832 2162 2898 δοκοῦντα
2182 2853 2343 2913 χρη-

337 2920 532 3004 στόν,
567 2929 810 2990 τοῦτον
848 2930 1047 3008 φίλον
1068 2923 1252 2991 εἶναι.
1314 2931 1469 2991 Νῦν
1495 2926 1566 2992 δὲ
1587 2932 1759 3008 πῶς,
1794 2917 1882 3009 ἦν
1920 2923 1985 2993 δ’
2024 2923 2185 3009 ἐγώ,
2224 2950 2341 3010 με·-

336 3019 738 3105 ταθαὶμεθας
788 3018 922 3088 Τὸν
947 3022 1279 3090 δοκοῦντά
1300 3048 1403 3106 τε,
1441 3050 1482 3108 η
1460 3014 1572 3090 δ’
1600 3022 1707 3106 ὅς,
1732 3021 1979 3092 καὶτὸν
2002 3023 2162 3092 ὅντα
2182 3049 2341 3111 χρη-

198 3128 298 3183 835
337 3114 498 3184 στὸν
519 3123 750 3202 φίλου·
774 3116 893 3186 τὸν
916 3124 988 3187 δὲ
1010 3124 1339 3188 δοκοῦντα
1361 3126 1503 3206 μέν,
1526 3119 1689 3189 ὄντα
1712 3124 1783 3189 δὲ
1804 3122 1915 3206 μή,
1940 3126 2160 3189 δοκεῖν
2176 3119 2342 3189 ἄλλα

332 3213 422 3300 μὴ
445 3212 613 3282 εἶναι
636 3223 862 3301 φίλον·
906 3220 1016 3287 καὶ
1041 3221 1190 3304 περὶ
1211 3226 1336 3285 τοῦ
1353 3219 1607 3303 ἐχθροῦ
1630 3215 1758 3286 δὲ
1722 3245 1763 3303 η
1787 3217 1951 3337 αὕτη
1976 3224 2182 3297 θέσις.
2222 3223 2344 3284 Φί-

334 3320 448 3391 λος
468 3315 597 3398 μὲυ
617 3314 730 3401 δή,
769 3311 860 3395 ὥς
882 3322 1086 3400 ἔοικε,
1111 3316 1325 3406 τούτῳ
1348 3322 1440 3404 τῷ
1466 3314 1641 3404 λόγῳ
1668 3313 1703 3382 ὁ
1730 3312 1986 3400 ἀγαθὸς
2006 3320 2213 3396 ἔσται,
2239 3317 2343 3398 ἐχ-
2417 3359 2426 3366 ·

332 3418 505 3488 θρος
539 3407 670 3478 δὲ’Ι
635 3438 671 3478 ο
707 3412 1013 3496 πονηρός.
1080 3418 1235 3478 Ναί.
1304 3410 1612 3490 Κελεύεις
1648 3409 1727 3499 δὴ
1756 3408 1927 3498 ἡμᾶς
1952 3420 2343 3494 προσθεῖναι
