2602 3928
905 170 1486 228 ΠοΛιΤΕιΑΣ
1522 190 1595 245 η.
2120 161 2245 225 241

226 328 367 414 κός,
415 334 561 415 ἔφη.
606 328 877 396 Ἐπειτά
914 353 1012 415 γε,
1043 325 1242 413 οἶμαι,
1289 325 1490 407 ἀλλος
1531 327 1740 395 ἄλλον
1785 324 1964 413 ὁρῶν
2007 329 2118 394 καὶ
2156 329 2248 404 εἰς

227 432 427 513 ζῆλον
448 425 575 495 cciv
596 426 670 495 τὸ
698 435 961 513 πλῆθος
982 433 1291 493 τοιοῦτον
1313 422 1540 493 αὐτῶν
1560 423 2069 511 ἀπειργάσαντο.
2131 430 2245 492 Εἰ-

224 522 363 603 κός.
413 522 844 593 Τούντεῦθεν
864 531 1117 610 τοίνυν,
1132 521 1344 609 εἶπον,
1369 522 1715 608 προϊόντες
1739 529 1830 602 είς
1842 521 1917 591 τὰ
1942 522 2246 607 πρόσθεν

226 627 352 687 τοῦ
388 627 917 710 χρηματίζεσθαι,
959 619 1097 710 ὅσῳ
1127 616 1217 687 ἀν
1253 627 1453 688 τοῦτο
1501 621 1890 706 τιμιώτερον
1930 615 2245 705 ἡγῶνται,

226 718 526 810 τοσούτῳ
549 717 797 805 ἀρετὴν
819 717 1231 805 ἀτιμοτέραν.
1275 712 1321 803 ἦ
1340 716 1464 803 οὐχ
1498 716 1677 786 οὕτω
1714 719 2012 786 πλούτου
2045 715 2244 802 ἀρετη

227 820 591 904 διέστηκεν,
616 815 837 900 ὥσπερ
872 819 947 884 ἐν
968 816 1324 901 πλάστιγγι
1350 821 1555 901 ζυγοῦ
1591 819 1898 901 κειμένου
1935 815 2248 899 ἑκατέρου

227 908 335 981 ἀεὶ
377 910 770 981 τούναντίον
806 914 1117 1000 ῥέποντες
1161 915 1294 980 Καὶ
1327 909 1510 998 μάλ’,
1545 917 1691 999 ἔφη.
1744 916 2132 998 Τιμωμένου
2167 907 2247 997 δὴ

228 1010 533 1078 πλούτου
553 1013 628 1078 έν
649 1010 839 1078 πόλει
858 1011 970 1077 καὶ
1004 1016 1142 1076 των
1182 1015 1523 1077 πλουσίων
1555 1008 1903 1095 ἀτιμοτέρα
1938 1007 2138 1094 ἀρετή
2175 1032 2245 1075 τε
2282 1029 2381 1085 551

227 1110 344 1175 καὶ
386 1112 454 1175 ol
491 1106 756 1194 ἀγαθοί.
805 1114 1056 1193 Δῆλον.
1110 1104 1432 1174 Ἀσκεῖται
1465 1105 1547 1192 δὴ
1589 1105 1666 1175 τὸ
1709 1104 1810 1175 ἀεὶ
1852 1106 2248 1192 τιμώμενον,

229 1202 564 1291 ἀμελεῖται
588 1207 659 1272 δὲ
687 1201 764 1272 τὸ
788 1201 1288 1290 ἀτιμαζόμενον.
1336 1201 1588 1282 Οὕτως.
1629 1202 1801 1271 Ἀντὶ
1836 1203 1915 1289 δὴ
1952 1207 2250 1287 φιλονεί-

234 1329 377 1371 κων
417 1305 528 1371 καὶ
572 1309 938 1389 φιλοτίμων
977 1299 1250 1388 ἀνδρῶν
1292 1302 1874 1388 φιλοχρηματισταὶ
1908 1302 2020 1369 καὶ
2054 1308 2250 1386 φιλο-

231 1400 552 1487 χρήματοι
595 1405 1029 1477 τελευτῶντες
1070 1400 1401 1485 ἐγένοντο,
1445 1401 1557 1466 καὶ
1592 1424 1714 1467 τον
1749 1397 1873 1484 μὲν
1925 1396 2250 1464 πλούσιον

229 1498 586 1565 έπαινοῦσί
610 1522 682 1564 τε
713 1497 824 1564 καὶ
847 1494 1274 1582 θαυμάζουσι
1314 1497 1426 1563 καὶ
1468 1502 1561 1575 είς
1593 1493 1712 1573 τὰς
1747 1492 1951 1580 ἀρχὰς
1986 1493 2247 1580 ἄγουσι,

234 1592 355 1659 τὸν
377 1591 448 1660 δὲ
482 1597 728 1679 πένητα
760 1589 1206 1678 ἀτιμάζουσιν.
1262 1590 1466 1659 Πάνυ
1508 1617 1604 1677 γε.
1656 1588 1931 1659 Οὐκοῦν
1971 1591 2120 1659 τότε
2164 1587 2245 1675 δὴ

238 1687 453 1772 νόμον
494 1697 791 1772 τίθενται
836 1686 1001 1774 ὅρον
1056 1694 1384 1768 πολιτείας
1432 1687 1849 1776 ὀλιγαρχικῆς
1898 1688 2250 1775 ταξάμενοι
2284 1711 2326 1759 Β

237 1794 498 1872 πλῆθος
517 1788 893 1874 χρημάτων,
933 1780 1019 1855 οὗ
1054 1789 1177 1874 μὲν
1211 1796 1467 1875 μᾶλλον
1503 1785 1864 1874 ὀλιγαρχία,
1900 1792 2125 1874 πλέον,
2165 1778 2250 1855 οὗ

237 1882 302 1950 δ’
330 1874 552 1972 ἦττον,
578 1891 870 1975 ἔλαττον,
893 1884 1325 1972 προειπόντες
1345 1884 1568 1974 ἀρχῶν
1595 1883 1684 1973 μὴ
1722 1887 2038 1973 μετέχειν,
2076 1876 2131 1974 ᾧ
2163 1881 2252 1953 ἀν

236 1982 325 2068 μὴ
364 1976 410 2070 ᾖ
449 1980 643 2052 οὐσία
673 1990 766 2064 είς
802 1984 876 2051 τὸ
913 1983 1161 2070 ταχθὲν
1192 1992 1458 2072 τίμημα,
1500 1992 1706 2052 ταῦτα
1742 1986 1814 2052 δὲ
1846 1981 1892 2069 ’ἢ
1933 1991 2046 2072 βίᾳ
2089 1981 2244 2071 μεθ’

236 2077 463 2148 ὅπλων
477 2080 1005 2166 διαπράττονται,
1027 2076 1071 2166 ’ἢ
1091 2082 1202 2148 καὶ
1213 2078 1343 2165 πρὸ
1367 2080 1612 2148 τούτου
1633 2081 2046 2167 φοβήσαντες
2066 2106 2249 2148 κατε-

241 2177 566 2263 στήσαντο
579 2175 1029 2264 τὴντοιαύτην
1051 2183 1405 2245 πολιτείαν.
1428 2172 1475 2263 ἦ
1496 2173 1617 2262 οὐχ
1639 2174 1881 2255 οὕτωςς
1908 2174 2106 2244 Οὕτω
2129 2179 2251 2262 μὲν

238 2268 386 2342 οὖν.
422 2271 509 2341 Ἡ
518 2273 641 2360 μὲν
665 2273 747 2361 δὴ
770 2273 1163 2353 κατάστασις
1185 2272 1275 2353 ὡς
1299 2280 1457 2354 ἔπος
1477 2280 1683 2342 εἰπεῖν
1706 2271 1893 2359 αὕτη.
1918 2280 2077 2360 Ναί,
2100 2278 2249 2360 ἔφη·

238 2369 406 2441 ἀλλά
427 2378 527 2451 τίς
555 2373 634 2458 δὴ
658 2370 696 2439 ὁ
719 2371 963 2456 τρόπος
987 2381 1103 2459 τῆς
1132 2377 1479 2458 πολιτείας,
1506 2375 1616 2439 καὶ
1637 2369 1793 2439 ποῖά
1820 2373 1999 2439 ἐστιν
2018 2369 2065 2440 ἃ
2086 2378 2252 2456 ἔφα-

238 2496 362 2557 μεν
381 2467 596 2556 αὐτὴν
619 2468 1049 2556 ἁμαρτήματα
1078 2475 1279 2555 ἔχειυς
2288 2496 2325 2547 c

405 2573 530 2635 vn.
574 2576 860 2656 Πρῶτον
879 2572 1024 2655 μέν,
1047 2574 1240 2656 ἔφην,
1265 2576 1461 2636 τοῦτο
1496 2565 1685 2653 αὐτό,
1710 2566 1867 2653 ὅρος
1888 2565 2093 2653 αὐτῆς
2114 2562 2251 2646 οἷός

240 2669 437 2735 ἐστιν.
479 2665 677 2750 ἄθρει
712 2667 865 2752 γάρ,
904 2672 967 2735 εί
995 2673 1173 2734 νεῶν
1205 2663 1383 2733 οὕτω
1425 2692 1523 2745 τις
1566 2679 1818 2733 ποιοῖτο
1840 2662 2252 2751 κυβερνήτας

240 2761 371 2830 ἀπὸ
396 2762 803 2849 τιμημάτων,
835 2768 931 2850 τῷ
965 2765 1037 2830 δὲ
1073 2765 1325 2849 πένητι,
1375 2768 1436 2831 εἰ
1464 2765 1575 2831 καὶ
1608 2761 2252 2849 κυβερνητικώτερος

238 2870 358 2946 εἴη,
385 2858 473 2946 μὴ
510 2864 860 2947 ἐπιτρέποι.
904 2859 1249 2947 Πονηράν,
1284 2852 1330 2946 ἦ
1366 2856 1428 2927 δ’
1466 2857 1560 2946 ὅς,
1590 2859 1713 2946 τὴν
1751 2865 2088 2928 ναυτιλίαν
2124 2855 2251 2927 αὐ-

238 2956 398 3037 τοὺς
416 2965 906 3027 ναυτίλλεσθαι.
956 2957 1231 3027 Οὐκοῦν
1253 2960 1367 3027 καὶ
1388 2963 1538 3046 περὶ
1559 2957 1768 3027 ἄλλου
1802 2960 2015 3038 οὕτως
2053 2954 2249 3029 ὁτου-

238 3062 365 3123 οῦν
399 3055 469 3142 [ἤ
500 3066 699 3140 τινος]
743 3055 977 3143 ἀρχῆς;
1027 3055 1223 3144 Οἶμαι
1261 3061 1484 3143 ἔγωγε.
1525 3055 1717 3144 Πλὴν
1750 3056 2026 3143 πόλεως,
2056 3048 2144 3141 ἦν
2182 3052 2244 3122 δ’

237 3154 388 3239 ἐγώ,
443 3149 488 3240 ἢ
529 3159 639 3223 καὶ
680 3155 935 3234 πόλεως
962 3159 1137 3239 πτέρις
1196 3153 1391 3224 Πολύ
1431 3153 1524 3239 γ’,
1579 3162 1730 3241 ἔφη,
1763 3154 2067 3241 μάλιστα,
2113 3151 2248 3243 ὅσῳ

237 3252 660 3340 χαλεπωτάτη
683 3256 793 3322 καὶ
814 3259 1084 3341 μεγίστη
1104 3252 1147 3341 ἡ
1170 3254 1359 3342 ἀρχή.
1390 3250 1507 3322 Ἑν
1529 3254 1651 3339 μὲν
1672 3251 1755 3340 δὴ
1780 3260 1978 3321 τοῦτο
2008 3261 2249 3319 τοσοῦ-
2284 3274 2329 3323 D

239 3375 354 3419 τον
378 3354 720 3436 ὀλιγαρχία
744 3346 831 3419 ἀν
852 3357 986 3440 ἔχοι
1012 3352 1386 3440 ἁμάρτημα.
1439 3358 1769 3420 Φαίνεται.
1823 3357 1908 3417 Τί
1932 3353 2047 3417 δαί
2053 3378 2072 3430 3
2097 3347 2247 3416 τόδε

402 3446 587 3500 Puro
632 3447 724 3500 IV.
1853 3448 1917 3500 16
