2602 3928
350 227 480 292 292
611 186 616 191 ’
659 266 664 271 -
1037 227 1247 285 HAA
1267 225 1616 285 Tszzvoz

270 412 313 462 F:
349 395 763 471 ἐπίστανται,
821 385 1039 454 πάντα
1091 384 1183 453 δὲ·
1215 382 1297 452 τὰ
1349 383 1739 470 ἀνθρώπεια
1778 382 1860 452 τὰ
1911 386 2077 470 πρὸς
2131 384 2376 474 ἀρετὴν

350 490 463 560 καὶ
506 489 773 571 κακίαν,
823 483 935 551 καὶ
975 482 1057 551 τά
1099 508 1176 568 γε
1217 492 1403 551 θεῖα·
1461 481 1716 569 ἀνάγκη
1757 484 1889 570 γὰρ
1931 482 2053 554 τὸν
2108 481 2376 571 ἀγαθὸν

353 583 666 670 ποιητήν,
714 585 777 649 εἰ
823 582 1043 666 μέλλει
1100 581 1250 667 περὶ
1299 606 1400 648 ων
1449 575 1538 648 ἀν
1577 589 1737 667 ποιῇ
1787 587 2007 661 καλῶς
2047 583 2374 668 ποιήσειν,

354 679 572 750 εἰδότα
614 704 747 766 αρα
789 690 1041 763 ποιεῖν,
1085 676 1132 765 ἦ
1171 678 1261 764 μὴ
1306 673 1456 746 οἶόν
1492 703 1563 746 τε
1613 676 1784 747 εἶναι
1828 693 2058 748 ποιεῖν.
2150 685 2257 747 δεῖ
2290 681 2375 767 δὴ

355 781 860 864 ἐπισκέψασθαι,
897 775 1186 859 πότερον
1215 787 1522 862 μιμηταῖς
1549 774 1810 855 τούτοις
1845 766 2029 844 οὗτοι
2061 777 2379 862 ἐντυχόν-

216 891 321 948 ⁶90
359 903 464 957 τες
511 874 944 963 ἐξηπάτηνται
980 875 1094 943 καὶ
1145 871 1228 941 τά
1269 879 1431 960 ἔργα
1473 873 1702 942 αὐτῶν
1740 872 2027 959 ὁρῶντες
2085 870 2211 943 οὐκ
2271 880 2380 943 αἰ·-

361 974 727 1045 σθάνονται
767 968 992 1057 τριττὰ
1036 968 1364 1057 ἀπέχοντα
1399 977 1524 1039 τοῦ
1566 971 1762 1050 ὄντος
1793 974 1905 1040 καὶ
1930 972 2131 1061 ῥᾴδια
2162 985 2378 1040 ποιεῖν

357 1070 447 1164 μὴ
470 1071 674 1141 εἰδότι
689 1069 816 1156 τὴν
836 1066 1189 1157 ἀλήθειαν·
1234 1068 1673 1156 φαντάσματα
1693 1070 1846 1156 γάρ,
1875 1067 2021 1139 ἀλλ’
2059 1067 2184 1138 οὐκ
2208 1095 2374 1138 οντα

357 1177 695 1239 ποιοῦσιν·
738 1195 814 1289 nr
755 1162 868 1235 ’“τὶ
887 1170 998 1235 καὶ
1017 1170 1285 1252 λέγουσι
1304 1169 1417 1235 καὶ
1432 1174 1531 1258 τῶ
1555 1167 1702 1237 ὄντι
1736 1170 1805 1235 οἰ
1836 1166 2083 1253 ἀγαθοὶ
2113 1167 2376 1254 ποιηταὶ

359 1277 540 1336 ἴσασι
572 1240 721 1353 περὶ
757 1255 856 1333 ῶν
889 1268 1167 1334 δοκοῦσι
1197 1278 1337 1343 τοῖς
1357 1274 1623 1344 πολλοῖς
1643 1257 1723 1332 εὖ
1755 1268 1986 1349 λέγειν.
2032 1263 2228 1331 Πάνυ
2250 1263 2375 1349 μὲν

363 1357 510 1450 οὖν,
533 1368 683 1450 ἔφη,
705 1365 1099 1444 ἐξεταστέον.
1148 1369 1293 1430 Οἴει
1315 1354 1463 1447 οὖν,
1501 1371 1564 1430 εἰ
1590 1387 1689 1440 τις
1720 1358 2063 1448 ἀμφότερα
2096 1361 2375 1428 δύναιτο

362 1475 597 1547 ποιεῖν,
619 1459 695 1530 τό
729 1486 800 1528 τε
829 1458 1379 1547 μιμηθησόμενον
1401 1461 1510 1528 καὶ
1538 1485 1614 1527 το
1652 1463 1951 1544 εἴδωλον,
1984 1461 2091 1528 ἐπὶ
2119 1467 2202 1548 τῇ
2234 1466 2378 1526 τῶν

363 1556 656 1627 εἰδώλων
699 1562 1097 1646 δημιουργίᾳ
1129 1556 1371 1625 ἑαυτὸν
1403 1554 1674 1642 ἀφεῖναι
1705 1552 1793 1625 ἂν
1836 1556 2234 1638 σπουδάζειν
2264 1558 2380 1625 καὶ

287 1671 328 1721 Β
364 1663 561 1725 τοῦτο
575 1655 1082 1742 προστήσασθαι
1096 1663 1223 1722 τοῦ
1235 1657 1478 1723 ἑαυτοῦ
1490 1659 1643 1741 βίον
1658 1651 1746 1733 ῶς
1754 1658 2096 1742 βέλτιστον
2108 1659 2342 1739 ἔχοντα
2356 1682 2377 1736 3

364 1751 509 1823 Οὐκ
530 1760 756 1841 ἔγωγε.
795 1749 973 1821 Ἀλλ’
1011 1761 1194 1836 εἰπερ
1224 1777 1326 1836 γε,
1354 1749 1554 1838 οἶμαι,
1578 1750 1956 1838 ἐπιστήμων
1986 1761 2087 1840 εἴη
2108 1760 2191 1839 τῇ
2214 1750 2371 1837 ἀλη-

357 1858 516 1940 θείᾳ
545 1850 806 1920 τούτων
826 1853 997 1935 πέρι,
1019 1847 1190 1933 ἅπερ
1222 1853 1337 1918 καὶ
1375 1863 1680 1936 μιμεῖται,
1718 1847 1894 1919 πολὺ
1936 1848 2264 1938 πρότερον
2303 1853 2380 1917 ἐν

357 1963 496 2031 τοῖς
516 1955 734 2037 ἔργοις
757 1944 844 2017 ἀν
870 1946 1312 2016 σπουδάσειεν
1331 1943 1376 2035 ἢ
1397 1948 1501 2017 ἐπὶ
1533 1960 1669 2029 τοῖς
1705 1947 2052 2036 μιμήμασι,
2087 1949 2201 2018 καὶ
2231 1972 2382 2016 πει·-

362 2057 535 2136 ρῶτο
556 2043 646 2118 ἀν
670 2046 883 2116 πολλὰ
903 2049 1014 2114 καὶ
1035 2043 1206 2114 καλὰ
1227 2049 1388 2132 ἔργα
1409 2046 1651 2115 ἑαυτοῦ
1669 2055 2050 2115 καταλιπεῖν
2069 2061 2376 2134 μνημεῖα,

362 2148 474 2215 καὶ
506 2142 675 2213 εἶναι
711 2140 1111 2230 προθυμοῖτ’
1157 2139 1248 2212 ἂν
1279 2151 1536 2230 μᾶλλον
1576 2142 1613 2212 ὁ
1648 2143 2212 2231 ἐγκωμιαζόμενος
2246 2140 2293 2230 ἢ
2334 2142 2374 2213 ὁ

360 2241 799 2330 ἐγκωμιάζων.
841 2240 1060 2329 Οἶμαι,
1086 2247 1243 2329 ἔφη·
1284 2240 1369 2310 οὐ
1390 2241 1520 2329 γὰρ
1552 2244 1618 2323 ἐξ
1642 2251 1795 2310 ἴσου
1826 2240 1873 2329 ἥ
1903 2267 1974 2310 τε
2004 2238 2157 2329 τιμή
2190 2245 2302 2310 καὶ
2332 2238 2378 2329 ἡ

364 2336 664 2425 ὠφέλεια.
731 2345 882 2406 Τῶν
916 2337 1038 2424 μὲν
1072 2346 1307 2408 τοίνυν
1328 2336 1552 2407 ἄλλων
1574 2341 1723 2424 πέρι
1742 2339 1832 2426 μὴ
1856 2337 2238 2425 ἀπαιτῶμεν
2260 2338 2374 2407 λό-

291 2450 331 2501 c
362 2461 488 2522 γον
509 2434 806 2523 ’Όμηρον
837 2432 880 2522 ἢ
908 2436 1111 2504 ἄλλον
1134 2433 1496 2505 ὁντιναοῦν
1512 2445 1650 2505 τῶν
1669 2442 1963 2523 ποιητῶν
1984 2439 2377 2523 ἐρωτῶντες,

361 2537 425 2602 εἰ
452 2532 743 2617 ἰατρικὰς
775 2526 864 2620 ἦν
896 2560 995 2612 τις
1028 2532 1255 2602 αὐτῶν
1288 2532 1456 2603 ἀλλά
1490 2533 1579 2621 μὴ
1604 2533 1885 2622 μιμητὴς
1916 2535 2130 2620 μόνον
2160 2540 2376 2619 ἰατρι-

359 2639 501 2700 κῶν
517 2630 761 2717 λόγων,
783 2637 967 2710 τίνας
988 2628 1193 2717 ὑγιεῖς
1228 2632 1505 2719 ποιητής
1532 2658 1629 2711 τις
1660 2639 1796 2700 τῶν
1830 2640 2132 2701 παλαιῶν
2166 2627 2208 2718 ἢ
2240 2639 2377 2701 τῶν

362 2732 535 2799 νέων
557 2732 813 2815 λέγεται
832 2731 1282 2817 πεποιηκέναι,
1310 2728 1529 2817 ῶσπερ
1546 2728 1953 2817 Ἀσκληπιός,
1978 2725 2022 2816 ἦ
2043 2738 2228 2809 τίνας
2247 2757 2381 2815 μα-

362 2829 573 2915 θητὰς
596 2835 891 2915 ἰατρικῆς
909 2834 1313 2915 κατελίπετο,
1336 2827 1557 2916 ῶσπερ
1581 2832 1830 2908 ἐκεῖνος
1850 2819 2009 2907 τούς
2030 2828 2371 2912 ἐκγόνους,

364 2924 521 3012 μηδ’
562 2918 651 2993 αὖ
682 2929 834 3012 περὶ
867 2924 985 3006 τὰς
1019 2925 1220 3007 ἄλλας
1258 2929 1488 3013 τέχνας
1522 2924 1769 3007 αὐτοὺς
1813 2930 2177 3013 ἐρωτῶμεν,
2223 2924 2371 2993 ἀλλ’

364 3025 607 3109 ἐῶμεν·
645 3027 797 3105 περὶ
831 3027 906 3093 δὲ
941 3014 1039 3092 ῶν
1074 3033 1404 3111 μεγίστων
1442 3050 1514 3093 τε
1542 3028 1652 3093 καὶ
1672 3028 2044 3094 καλλίστων
2075 3028 2385 3111 ἐπιχειρεῖ

365 3121 581 3205 λέγειν
599 3119 911 3207 Ὅμηρος,
926 3126 1237 3209 πολέμων
1258 3148 1330 3190 τε
1349 3124 1501 3207 πέρι
1515 3125 1625 3190 καὶ
1646 3129 2058 3209 στρατηγιῶν
2077 3125 2189 3191 καὶ
2207 3126 2381 3191 διοι-

289 3238 332 3288 D
369 3218 628 3304 κη’σεων
642 3217 903 3287 πόλεων
923 3220 1036 3287 καὶ
1059 3224 1357 3299 παιδείας
1376 3223 1525 3305 πέρι
1543 3218 1939 3308 ἀνθρῶπου,
1965 3221 2223 3288 δίκαιόν
2245 3244 2380 3286 που

364 3317 622 3401 ἐρωτᾷν
641 3312 851 3384 αὐτὸν
872 3321 1432 3404 πυνθανομένους
1448 3343 1463 3359 ·
1510 3310 1566 3386 ῶ
1600 3323 1749 3405 φίλε
1775 3317 2042 3406 Ὅμηρε,
2082 3326 2264 3404 εἰπερ
2287 3315 2377 3404 μὴ

361 3421 581 3506 τρίτος
598 3410 732 3487 ἀπὸ
751 3426 868 3506 τῆς
888 3415 1209 3507 ἀληθείας
1224 3419 1284 3488 εἰ
1304 3418 1539 3509 ἀρετῆς
1559 3423 1727 3507 πέρι,
1755 3417 2033 3488 εἰδῶλου
2057 3421 2374 3506 δημιουρ-
