2602 3928
919 212 1594 280 HOAITEIAz’oe',
1785 282 1791 287 ,
2211 218 2290 282 11

282 411 373 475 τω
396 377 694 471 danaim*
646 408 690 468 η
714 378 802 459 ὡς
822 378 897 448 τὸ
922 387 1188 462 πρῶτον
1210 380 1556 465 ἐλέγομεν,
1595 384 1898 464 λέγοντες
1917 383 2175 448 δίκαιον
2199 377 2292 447 εἶ·-

282 508 393 550 ναι
423 477 544 547 τὸν
578 449 699 564 μὲν
724 484 923 562 φίλον
947 469 1027 543 εὖ
1045 490 1290 558 ποιεῖν,
1328 474 1448 545 τὸν
1484 475 1556 544 δὲ
1588 475 1838 564 ἐχθρὸν
1866 483 2115 555 κακῶς·
2158 484 2291 543 νῦν

282 577 450 664 πρὸς
484 577 700 665 τούτῳ
734 567 887 641 ωδε
897 576 1144 660 λέγειν,
1189 572 1291 642 ὅτι
1322 579 1459 642 ἔστι
1490 571 1774 643 δίκαιον’
1780 573 1903 641 τὸν
1934 574 2057 660 μὲν
2091 580 2293 658 φίλον

283 674 551 760 άγαθὸν
581 672 744 742 ὄντα
779 665 860 740 εὖ
881 686 1129 755 ποιεῖν,
1173 669 1292 739 τὸν
1329 670 1391 739 δ’
1430 669 1681 758 ἐχθρὸν
1699 669 1911 740 κακὰν
1938 671 2100 740 όντα
2121 671 2293 757 βλά-

282 800 502 855 πτειν;
526 773 723 840 Πάνυ
743 772 864 857 μὲν
890 764 1016 838 οὖν
1028 777 1200 856 ,ἔφη
1217 820 1236 855 ,
1261 769 1475 850 οὕτως
1495 769 1581 838 ἄν
1603 798 1717 856 μοι
1736 775 1919 839 δοκεῖ
1937 778 2156 848 καλῶς
2177 769 2288 837 λε’-
2323 778 2363 827 Β

284 882 543 959 γεσθαι.

454 974 555 1035 ΙΧ.
589 964 878 1034 ΗΕστιν
827 991 996 1050 αρα,
1031 958 1121 1051 ἦν
1143 962 1208 1032 δ’
1239 964 1405 1050 ἐγώ,
1430 970 1690 1034 δικαίου
1710 961 1953 1050 ἀνδρὸς
1974 964 2294 1051 βλάπτειν

282 1059 447 1136 καὶ*
415 1074 731 1134 οντινοῦν
751 1061 1166 1147 άνθρώπων;
1205 1065 1338 1130 Καὶ
1359 1063 1540 1130 πάνυ
1561 1089 1667 1148 γε,
1708 1068 1837 1148 ἔφη
1850 1113 1869 1146 ,
1889 1061 2049 1138 τούς
2068 1086 2146 1145 γε
2168 1083 2295 1127 πο·-

283 1163 532 1250 νηρούς
565 1189 638 1231 τε
656 1164 766 1231 καὶ
788 1159 1072 1248 ἐχθροὺς
1093 1167 1193 1230 δεῖ
1210 1162 1547 1248 βλάπτειν.
1612 1159 2065 1246 Βλαπτόμενοι
2086 1156 2149 1226 δ’
2182 1161 2295 1225 ἴπ-

286 1284 401 1328 ποι
419 1266 719 1348 βελτίους
739 1259 786 1345 ἦ
802 1268 1063 1345 χείρους
1081 1265 1463 1344 γίγνονται;
1504 1266 1803 1342 Χείρους.
1859 1251 2021 1344 Ἀρα
2057 1263 2149 1334 είς
2169 1255 2296 1342 τὴν

284 1365 422 1425 τῶν
443 1366 671 1425 κυνῶν
689 1354 962 1442 ἀρετήν,
985 1355 1030 1443 ἦ
1052 1363 1144 1436 εἰς
1160 1357 1282 1443 τὴν
1300 1367 1436 1426 τῶν
1454 1362 1714 1438 ἴππωνς
1747 1362 1864 1435 Είς
1881 1354 2005 1442 τὴν
2026 1364 2162 1422 τῶν
2180 1358 2292 1422 ἵπ-

287 1481 453 1525 πων.
531 1448 661 1540 Ἆρ’
686 1448 814 1523 οὖν
834 1459 947 1523 καὶ
963 1456 1162 1534 κύνες
1193 1454 1640 1542 βλαπτόμενοι
1658 1463 1917 1540 χείρους
1947 1460 2293 1539 γίγνονται

288 1562 381 1634 εἰς
417 1554 541 1639 τὴν
561 1562 697 1621 τῶν
730 1562 989 1637 κυνῶν,
1026 1550 1177 1622 ἀλλ’
1213 1553 1339 1621 ούκ
1364 1559 1455 1631 είς
1474 1551 1597 1638 τὴν
1618 1561 1753 1620 τῶν
1771 1557 1994 1619 ἵππων
2014 1551 2291 1638 άρετήνς

278 1650 587 1738 Ἀνάγκη.
682 1650 1116 1736 Ἀνθρώπους
1159 1656 1266 1735 δέ,
1324 1643 1379 1718 ὦ
1410 1652 1651 1736 ἑταῖρε,
1697 1649 1784 1735 m)
1820 1646 1995 1716 οὕτω
2035 1656 2289 1734 φῶμεν,
2328 1659 2368 1712 0

291 1752 789 1836 βλαπτομένους
811 1754 903 1827 είς
924 1747 1047 1834 τὴν
1067 1746 1504 1832 ἀνθρωπείαν
1523 1746 1769 1831 άρετὴν
1788 1750 2048 1831 χείρους
2068 1750 2294 1829 γίγνε-

289 1855 484 1928 σθαι;
506 1846 705 1913 Πάνυ
725 1845 845 1931 μὲν
867 1838 1010 1913 οὖν.
1075 1842 1254 1913 Ἀλλ’
1278 1843 1320 1931 ἡ
1346 1843 1733 1929 δικαιοσύνη
1761 1838 1886 1910 ούκ
1908 1837 2295 1926 ἀνθρωπεία

288 1945 486 2032 άρετή
501 1974 517 2025 ;
559 1947 692 2012 Καὶ
721 1941 904 2012 τοῦτ’
946 1941 1223 2031 ἀνάγκη.
1286 1946 1419 2013 Καὶ
1447 1942 1607 2023 τούς
1625 1945 2122 2032 βλαπτομένους
2141 1938 2293 2025 ἄρα,

292 2038 345 2113 ὦ
371 2043 551 2130 φίλε,
587 2049 723 2109 τῶν
741 2039 1127 2127 ἀνθρώπων
1160 2040 1419 2128 ἀνάγκη
1454 2040 1893 2125 ἀδικωτέρους
1920 2044 2286 2124 γίγνεσθαι.

277 2145 546 2212 Ἔοικεν.
604 2133 746 2223 Ἆρ’
786 2132 914 2207 οὖν
948 2148 1030 2227 τῇ
1065 2149 1352 2226 μουσικῇ
1385 2145 1455 2207 οἱ
1470 2139 1774 2225 μουσικοὶ
1795 2135 2134 2224 ἀμούσους
2167 2132 2293 2202 δύ-

290 2265 525 2306 νανται
558 2251 804 2316 ποιεῖν;
863 2236 1242 2305 Ἀδύνατον.
1323 2234 1516 2304 ’AM-6
1561 2244 1642 2323 τῇ
1657 2239 1909 2321 ’ἱππικῇ
1942 2238 2012 2301 οί
2038 2233 2292 2301 ἱππικοὶ

287 2336 658 2423 άφίππουςς
705 2333 852 2402 Ούκ
873 2341 1072 2402 ἔστιν.
1127 2332 1324 2403 Ἀλλὰ
1345 2342 1427 2421 τῇ
1450 2333 1840 2419 δικαιοσύνῃ
1864 2334 1944 2417 δὴ
1966 2335 2039 2399 οἰ
2054 2335 2295 2398 δίκαιοι

287 2431 593 2514 ἆδίκους;
619 2427 666 2519 ἦ
682 2435 796 2500 καὶ
816 2433 1191 2519 ξυλλήβδην
1215 2430 1415 2518 άρετῇ
1438 2436 1509 2498 οἱ
1523 2430 1769 2515 άγαθοὶ
1790 2428 2068 2507 κακούς;
2096 2424 2291 2495 Ἀλλά
2321 2435 2365 2485 D

287 2531 644 2600 ἀδύνατον.
714 2528 818 2599 Οὐ
861 2529 989 2616 γάρ
1028 2531 1476 2618 θερμότητος,
1529 2527 1739 2615 οἶμαι,
1792 2533 1991 2612 ἔργον
2032 2526 2291 2611 ψύχειν,

287 2626 455 2698 άλλᾶ
477 2635 600 2697 τοῦ
623 2631 946 2697 ἐναντίου.
971 2634 1124 2699 Ναί.
1174 2624 1356 2695 Ούδὲ
1376 2627 1728 2712 ξηρότητος
1738 2622 2101 2709 ὑγραίνειν,
2122 2622 2298 2702 ἀλλὰ0

286 2736 410 2795 τοῦ
431 2730 757 2795 ἐναντίου.
800 2729 998 2793 Πάνυ
1029 2751 1105 2811 γε
1121 2771 1138 2789 .
1175 2722 1353 2793 Ούδὲ
1389 2721 1470 2811 δὴ
1504 2731 1626 2791 τοῦ
1655 2722 1922 2808 ἀγαθοῦ
1956 2721 2292 2808 βλάπτειν,

288 2823 456 2895 ἀλλὰ
491 2832 615 2892 τοῦ
645 2826 972 2892 ἐναντίου.
1018 2832 1351 2894 Φαίνεται.
1410 2819 1478 2890 ‘0
1513 2825 1591 2889 δέ
1614 2847 1689 2906 γε
1725 2826 1976 2899 δίκαιος
2006 2817 2293 2903 άγαθόςς

286 2923 487 2991 Πάνυ
509 2949 602 3009 γε.
672 2918 868 2990 Ούκ’
838 2923 966 3007 άρα
985 2930 1109 2990 τοῦ
1130 2927 1391 2990 δικαίου
1412 2920 1727 3007 βλάπτειν
1749 2923 1978 3003 ἔργον,
2006 2944 2059 2986 ω
2032 2910 2295 2985 Πολέ-

285 3046 510 3106 μαρχε,
539 3046 696 3089 ουτε
719 3028 917 3106 φίλον
940 3017 1084 3087 ουτ’
1109 3019 1317 3087 αλλον
1339 3016 1606 3101 οὐδένα,
1630 3014 1799 3083 ἀλλὰ
1819 3023 1945 3083 τοῦ
1965 3018 2291 3097 ἐναντίου,

284 3124 407 3183 τοῦ
429 3114 684 3202 ἀδίκου.
742 3116 1145 3184 Παντάπασί
1160 3142 1272 3201 μοι
1299 3120 1516 3194 δοκεῖς
1537 3114 1761 3200 άληθῆ
1781 3117 2030 3198 λέγειν,
2054 3119 2180 3199 ἔφη
2196 3163 2214 3197 ,
2239 3139 2293 3180 ω
2330 3131 2370 3181 Ε·

285 3215 656 3299 Σώκρατες.
747 3211 917 3283 Ec*
860 3240 993 3301 αρα
1038 3213 1118 3282 τὰ
1155 3211 1556 3299 ὀφειλόμενα
1604 3212 1858 3302 ἑκάστῳ
1904 3209 2296 3279 ἀποδιδόναι

287 3321 456 3399 φησί
487 3337 583 3391 τις
625 3318 884 3381 δίκαιον
921 3311 1115 3396 εἶναι,
1149 3320 1347 3379 τοῦτο
1384 3311 1457 3379 δὲ
1489 3309 1570 3396 δὴ
1605 3323 1756 3378 νοεῖ
1780 3308 1984 3397 αὐτῷ,
2016 3323 2152 3387 τοῖς
2172 3307 2294 3394 μὲν

284 3414 549 3497 ἐχθροῖς
565 3409 827 3508 βλάβην
846 3410 1239 3496 ὀφείλεσθαι
1258 3405 1438 3489 παρὰ
1459 3416 1582 3475 τοῦ
1604 3410 1868 3473 δικαίου
1884 3402 2294 3490 άνδρός,τοϊς
