2602 3928
354 192 482 257 240
1090 192 1664 252 ΠΛΑΤΩΝΟΣ

209 374 316 431 550
347 380 467 433 τας
496 351 655 434 τοὺς
688 354 1033 434 τοιούτους
1063 355 1174 420 καὶ
1212 349 1384 438 ἀνὴρ
1424 360 1680 439 μᾶλλον
1720 356 1901 422 ἔσται
1941 360 2065 421 τοῦ
2099 352 2363 437 πατρός,

346 454 456 522 καὶ
483 451 673 532 ἐξιών
691 453 882 541 ἕτερα
902 459 1174 521 τοιαῦτα
1197 447 1429 517 ἀκούει
1459 451 1568 518 καὶ
1590 447 1743 538 ὁρᾷ,
1779 452 1937 530 τοὺς
1971 451 2096 537 μὲν
2128 449 2207 518 τὰ
2241 448 2354 519 αὖ·

346 558 485 617 τῶν
506 549 919 633 πράττοντας
945 552 1021 617 έν
1041 554 1121 635 τῇ
1145 545 1333 613 πόλει
1355 543 1659 631 ἠλνθίους
1678 573 1748 614 τε
1780 550 2235 634 καλουμένους
2257 554 2369 616 καὶ

348 650 422 715 ἐν
443 654 704 736 σμικρῷ
733 647 912 738 λόγῳ
941 646 1163 732 ὄντας,
1185 641 1344 723 τούς
1377 646 1448 711 δὲ
1478 642 1566 731 μὴ
1591 644 1672 712 τὰ
1695 642 1923 714 αὑτῶν
1955 649 2368 733 τιμωμένους

348 768 419 811 τε
454 744 565 811 καὶ
599 746 1137 830 ἐπαινουμένους.
1179 740 1328 809 τότε
1363 739 1444 828 δὴ
1479 738 1515 810 6
1552 745 1702 821 νέος
1731 742 1947 811 πάντα
1979 742 2059 811 τὰ
2095 750 2367 811 τοιαῦτα

350 838 620 908 άκούων
666 867 739 908 τε
781 843 892 910 καὶ
936 840 1140 925 ὅρων,
1182 841 1291 906 καὶ
1333 863 1423 909 αυ
1467 836 1626 918 τοὺς
1678 847 1797 906 τοῦ
1834 839 2081 926 πατρὸς
2126 839 2369 925 λόγους

351 936 620 1006 ἀκούων
660 965 731 1006 τε
776 942 889 1008 καὶ
930 939 1112 1026 ὅρων
1154 963 1236 1005 τα
1274 935 1755 1022 ἐπιτηδεύματα
1807 935 2019 1006 αὐτοῦ
2070 938 2367 1023 ἐγγύθεν

351 1034 531 1122 παρὰ
554 1065 634 1105 τα
666 1046 803 1106 τῶν
836 1037 1078 1123 αλλων,
1116 1034 1473 1121 ἑλκόμενος
1503 1031 1623 1102 ὑπ’
1666 1033 2061 1123 ἀμφοτέρων
2087 1034 2363 1124 τούτων

274 1153 315 1204 Β
351 1143 473 1204 τοῦ
494 1141 615 1222 μὲν
648 1137 895 1224 πατρὸς
927 1136 1139 1205 αὐτοῦ
1165 1135 1242 1204 τὸ
1278 1135 1656 1220 λογιστικὸν
1690 1138 1764 1203 έν
1798 1143 1881 1223 τῇ
1906 1142 2086 1223 ψυχῇ
2115 1135 2367 1224 α’ρδον-

348 1233 461 1311 τός
484 1258 554 1301 τε
574 1238 683 1301 καὶ
705 1234 1044 1321 αὔξοντος,
1066 1240 1203 1301 τῶν
1226 1233 1295 1301 δὲ
1315 1231 1543 1300 αλλων
1562 1232 1639 1301 τό
1661 1257 1731 1300 τε
1752 1231 2235 1318 ἐπιθυμητικὸν
2257 1237 2366 1300 καὶ

348 1327 423 1397 τὸ
459 1332 836 1416 θυμοειδές,
867 1326 975 1398 διὰ
1007 1330 1083 1397 τὸ
1119 1326 1208 1414 μὴ
1238 1337 1452 1395 κακοῦ
1476 1325 1725 1413 ἀνδρὸς
1761 1327 1928 1396 εἶναι
1972 1328 2093 1415 τὴν
2133 1328 2364 1415 φύσιν,

352 1423 635 1512 ὁμιλίαις
658 1431 730 1495 δὲ
751 1442 890 1507 ταῖς
913 1433 1051 1495 τῶν
1070 1425 1295 1499 ἄλλων
1323 1440 1555 1505 κακαῖς
1582 1434 1970 1513 κεχρῆσθαι,
2006 1432 2099 1505 είς
2133 1423 2207 1493 τὰ
2248 1428 2365 1511 με’-

353 1544 477 1592 σον
511 1524 866 1609 ἑλκόμενος
902 1520 1019 1590 ὑπ’
1056 1520 1453 1609 ἀμφοτέρων
1485 1522 1744 1590 τούτων
1770 1515 1964 1610 ἦλθε,
1998 1526 2110 1592 καὶ
2142 1520 2268 1610 τὴν
2291 1526 2367 1593 ἐν

352 1621 566 1709 ἑαυτῷ
586 1619 800 1706 ἀρχὴν
824 1624 1164 1706 παρέδωκε
1185 1626 1280 1708 τῷ
1301 1624 1478 1708 μέσω
1500 1644 1571 1687 τε
1597 1624 1707 1688 καὶ
1723 1629 2076 1711 φιλονείκω
2102 1622 2212 1688 καὶ
2231 1629 2365 1687 θυ-
2454 1635 2458 1639 ⁴

350 1688 617 1806 poez6ez‘,
650 1721 760 1787 καὶ
798 1722 1056 1805 ἐγένετο
1088 1717 1505 1804 ὑψηλόφρων
1541 1744 1610 1785 τε
1647 1721 1758 1787 καὶ
1792 1720 2138 1806 φιλότιμος
2170 1718 2358 1805 ἀνήρ.

338 1821 612 1923 Κομιὸῇ
633 1843 767 1904 μοι,
787 1823 938 1904 ἔφη,
952 1822 1166 1896 δοκεῖς
1182 1814 1309 1903 τὴν
1328 1814 1571 1884 τούτου
1592 1820 1856 1901 γένεσιν
1877 1820 2359 1903 διεληλυθέναι.

280 1924 319 1979 0
338 1899 616 2000 ’Ἑχομεν
645 1913 797 2001 ἄρα,
832 1906 922 2000 ἦν
961 1912 1024 1981 6'
1069 1914 1222 2001 ἐγώ,
1256 1914 1381 2001 τήν
1416 1940 1486 1982 τε
1521 1917 1838 2000 δευτέραν
1880 1922 2214 1985 πολιτείαν
2254 1915 2362 1984 καὶ

348 2012 468 2080 τὸν
489 2012 807 2095 δεύτερον
828 2010 1059 2095 ανὸρα.
1090 2010 1392 2099 Ἕχομεν,
1430 2019 1576 2098 ἔφη.

517 2112 615 2173 vl.
666 2105 942 2176 Οὐκοῦν
962 2107 1125 2194 μετὰ
1148 2117 1369 2198 τοῦτο,
1404 2109 1480 2178 τὸ
1521 2120 1644 2179 τοῦ
1668 2113 2031 2198 Αἰσχύλου,
2068 2117 2361 2198 λέγωμεν

352 2203 557 2271 ἄλλον
577 2201 747 2291 αλλῃ
768 2202 936 2290 πρὸς
967 2204 1156 2275 πόλει
1186 2212 1608 2294 τεταγμένον,
1644 2216 1900 2295 μᾶλλον
1932 2211 2004 2280 δὲ
2040 2237 2207 2280 κατα
2240 2209 2356 2297 τὴν

349 2300 688 2369 ὑπόθεσιν
708 2305 1040 2388 προτέραν
1060 2302 1185 2391 τὴν
1215 2305 1446 2388 πόλιν;
1489 2308 1689 2375 Πάνυ
1715 2308 1841 2427 μὲν
1862 2302 2010 2395 οὖν,
2034 2313 2180 2395 ἔφη.
2231 2316 2356 2392 Em

351 2401 427 2466 δέ
450 2395 520 2481 γ’
546 2424 652 2484 αν,
679 2425 766 2477 ως
793 2392 1061 2489 ἐγῷμαι,
1083 2400 1477 2490 ὀλιγαρχίαὴ
1499 2430 1663 2489 μετα
1685 2403 1810 2491 τὴν
1832 2405 2148 2491 τοιαύτην
2170 2412 2363 2474 πολι-

348 2499 547 2563 τείαν.
591 2499 820 2581 Λέγεις
842 2502 934 2617 66,
969 2490 1015 2584 ἦ
1052 2497 1118 2566 6'
1143 2498 1240 2586 ὅς,
1275 2499 1400 2586 τὴν
1435 2506 1635 2569 ποίαν
1661 2500 2065 2570 κατάστασιν
2087 2499 2360 2586 ὀλιγαρ-

350 2598 527 2678 χίαν;
580 2593 718 2680 Τὴν
740 2592 871 2663 ἀπὸ
897 2597 1304 2684 τιμημάτων,
1328 2625 1416 2685 ην
1439 2597 1505 2666 6’
1537 2599 1691 2687 ἐγω,
1715 2607 2070 2689 πολιτείαν,
2110 2590 2257 2668 έν
2213 2626 2255 2687 ῃ
2294 2603 2362 2666 οἱ

272 2691 473 2776 Βμὲν
497 2691 805 2760 πλούσιοι
828 2692 1127 2780 αρχουσι,
1152 2698 1385 2782 πένητι
1399 2695 1472 2764 δὲ
1493 2695 1578 2765 οὐ
1598 2696 1956 2784 μέτεστιν’
1917 2707 2136 2786 αρχῆς.
2166 2704 2357 2765 Μαν-

350 2786 565 2875 θάνω,
593 2815 635 2875 η
612 2781 721 2856 6’
748 2788 838 2870 ὅς.
888 2788 1164 2860 Οὐκοῦν
1196 2819 1283 2870 ως
1311 2801 1688 2881 μεταβαίνει
1716 2820 1983 2881 πρωτον
2011 2801 2082 2865 ἐκ
2110 2806 2225 2884 τῆς
2259 2824 2358 2866 τι-

350 2891 624 2970 μαρχίας
649 2892 740 2966 είς
762 2887 886 2975 τὴν
922 2886 1327 2978 ὀλιγαρχίαν,
1360 2894 1628 2977 ῥητέονς
1671 2901 1825 2964 Ναί.
1912 2899 2045 2963 Καὶ
2078 2895 2234 2981 μήν,
2268 2885 2357 2980 ἦν

352 2980 414 3048 6'
438 2981 592 3067 ἐγώ,
615 2985 724 3051 καὶ
746 2993 980 3074 τυφλῷ
999 3011 1074 3071 γε
1100 2991 1326 3075 δῆλον,
1351 2986 1439 3069 ὡς
1459 2997 1853 3077 μεταβαίνει.
1898 2999 2085 3074 Πως;
2117 2989 2206 3059 T6
2237 3016 2358 3059 τα-

348 3093 581 3165 μιεῑον,
615 3073 706 3165 ἦν
741 3077 806 3147 6’
844 3080 994 3170 ἐγώ,
1028 3085 1240 3152 έκεῖνο
1284 3086 1536 3177 ἑκάστω
1578 3094 1859 3175 χρυσίου
1896 3088 2357 3175 πληρούμενον

348 3171 678 3244 ἀπόλλυσι
698 3176 821 3265 τὴν
844 3180 1157 3267 τοιαύτην
1180 3189 1531 3251 πολιτείαν.
1556 3209 1822 3269 πρωτον
1844 3185 1967 3272 μὲν
1987 3184 2116 3270 γὰρ
2141 3185 2355 3253 δαπά-

350 3296 470 3351 νας
501 3269 724 3353 αὑτοῖς
751 3279 1223 3368 ἐξευρίσκουσι,
1248 3282 1358 3349 καὶ
1382 3279 1542 3361 τούς
1561 3282 1814 3368 νόμους
1834 3286 1937 3352 ἐπὶ
1961 3290 2157 3351 τοῦτο
2180 3307 2353 3369 παρ-

274 3380 314 3430 E
350 3368 652 3458 άγουσιν,
689 3371 1128 3457 ἀπειθοῦντες
1160 3375 1357 3447 αὐτοί
1377 3406 1449 3448 τε
1481 3382 1592 3449 καὶ
1612 3395 1925 3469 γυναῖκες
1947 3381 2189 3451 αὐτων.
2233 3387 2344 3451 Et-
