2602 3928
362 214 493 280 430
1100 218 1307 276 ΠΛΑ
1327 217 1674 277 ΤΩΝΟΣ
2277 207 2386 279 m

365 380 669 465 δώσομεν
690 374 850 465 ὑμῖν
869 388 1007 456 τοῖς
1027 382 1244 463 φίλοις
1265 375 1434 443 εἶναι
1456 375 1667 444 κοινά.
1694 374 1778 462 ιτὸ
1804 373 1867 444 δ’
1892 381 1988 444 ἔτι
2014 376 2229 465 βραχὺ
2252 376 2387 464 πρὸ

228 495 330 553 113
364 485 489 546 τοῦ
527 477 737 562 λόγου
783 479 889 543 δεῖ
927 478 1242 562 δηλῶσαι,
1285 471 1377 561 μὴ
1417 472 1734 554 πολλάκις
1762 472 2125 556 ἀκούοντες
2157 473 2391 563 Ἑλλη-

362 572 517 644 νικὰ
547 573 916 662 βαρβάρων
947 569 1218 657 ἀνδρῶν
1241 569 1537 657 ὀνόματα
1557 571 1972 660 θαυμάζητε·
2015 571 2089 642 τὸ
2120 570 2253 662 γάρ
2278 584 2390 643 αι’-

363 699 512 742 τιον
537 669 764 740 αὐτῶν
789 670 1144 740 πεύσεσθε.
1185 667 1496 739 Σόλων’“’
1451 665 1558 737 ατ’
1592 673 1883 739 ἐπινοων
1908 677 2002 751 εἰς
2027 669 2153 758 τὴν
2174 669 2391 741 αὑτοῦ

361 780 633 860 ποίησιν
649 770 1196 859 καταχρήσασθαι
1229 777 1350 889 τῷ
1356 769 1559 860 λόγῳ,
1597 771 2227 857 διαπυνθανόμενος
2261 768 2393 856 τὴν

363 898 503 940 των
537 868 888 956 ὀνομάτων
921 868 1231 955 δύναμιν,
1268 858 1425 952 εὗρε
1469 869 1633 949 τούς
1662 894 1736 937 τε
1774 874 2186 956 Αίγυπτίους
2226 893 2393 947 τους

236 1021 243 1025 -
364 969 673 1088 πρωτους
692 971 986 1047 ἐκείνους
1006 964 1178 1035 αὐτὰ
1199 970 1672 1053 γραψαμένους
1706 973 1800 1046 εἰς
1833 966 1957 1055 τὴν
1989 965 2219 1036 αὑτων
2239 994 2395 1054 φω-

365 1068 497 1153 νὴν
517 1065 1051 1153 μετενηνοχότας,
1077 1061 1276 1145 αὐτός
1296 1091 1368 1133 τε
1402 1091 1492 1132 αυ
1530 1065 1734 1133 πάλιν
1773 1065 2056 1134 ἑκάστου
2089 1063 2215 1153 τὴν
2240 1066 2356 1134 διά

294 1182 338 1233 Β
367 1192 563 1235 νοιαν
586 1164 911 1253 ὀνόματος
930 1162 1426 1283 ἀναλαμβάνων
1448 1168 1539 1243 είς
1557 1163 1681 1250 τὴν
1695 1160 2024 1252 ἡμετέραν
2046 1163 2231 1250 ἄγων
2253 1190 2391 1251 ‹pm-

366 1263 499 1352 νὴν
519 1263 976 1351 ἀπεγράφετο·
1016 1264 1127 1332 καὶ
1145 1261 1357 1330 ταῦτά
1385 1288 1462 1348 γε
1484 1259 1566 1349 δὴ
1598 1260 1680 1330 τὰ
1715 1262 2068 1351 γράμματα
2092 1261 2272 1351 παρὰ
2292 1270 2392 1353 τῷ

368 1361 614 1485 πάππῳ
657 1361 716 1429 τ’
758 1356 847 1451 ήν
885 1365 996 1431 καὶ
1027 1359 1120 1430 ἔτ’
1167 1363 1304 1430 ἐστὶ
1339 1385 1473 1445 παρ
1483 1358 1668 1447 ’ἐμοὶ
1700 1369 1831 1430 νῦν
1855 1366 2402 1449 διαμεμελέτηταί

366 1486 439 1529 τε
470 1457 588 1528 ὑπ’
624 1463 790 1546 ἐμοῦ
826 1457 1137 1540 παιδός”
1093 1485 1308 1540 οντος.
1366 1486 1452 1527 αν
1487 1484 1617 1527 ουν
1649 1457 1937 1547 άκούητε
1972 1468 2246 1530 τοιαῦτα
2283 1455 2394 1529 οἷα

366 1560 479 1629 καὶ
509 1563 668 1647 τῇδε
703 1555 1023 1646 ὀνόματα,
1059 1558 1274 1645 μηδὲν
1312 1556 1473 1644 ὑμῖν
1504 1563 1669 1626 ἔστω
1710 1556 2094 1644 θαῦμα·τὸ
2120 1584 2251 1646 γαρ
2281 1568 2396 1628 αἴ·-

364 1684 509 1727 τιον
551 1653 779 1725 αύτων
823 1662 1014 1743 ἔχετε.
1085 1666 1349 1742 μακροῦ
1391 1658 1463 1725 δὲ
1506 1655 1588 1743 δὴ
1634 1655 1842 1742 λόγου
1889 1656 2114 1726 τοιάδε
2163 1683 2260 1735 τις
2299 1649 2394 1743 ἦν

366 1756 533 1846 ἀρχὴ
566 1757 735 1830 τότε.

533 1860 660 1923 vll.
702 1856 1035 1939 Καθάπερ
1059 1860 1135 1924 ἐν
1154 1869 1292 1936 τοῖς
1325 1855 1631 1943 πρόσθεν
1660 1859 1897 1943 ἐλέχθη
1934 1859 2085 1944 περὶ
2107 1863 2225 1942 τῆς
2253 1865 2394 1923 τῶν

367 1962 555 2026 θεῶν
575 1954 840 2043 λήξεως,
867 1953 970 2025 ὅτι
989 1962 1459 2042 κατενείμαντο
1482 1963 1613 2042 γῆν
1633 1961 1858 2024 πᾶσαν
1890 1959 2062 2024 ἔνθα
2085 1952 2210 2042 μὲν
2244 1962 2395 2043 μεί-

362 2060 515 2136 ξονς
537 2053 772 2142 λήξεις,
794 2058 967 2122 ἔνθα
989 2055 1062 2123 δὲ
1083 2056 1195 2123 καὶ
1216 2054 1551 2141 ἐλάττους,
1586 2051 1732 2141 ίερὰ
1770 2061 2018 2134 θυσίας
2055 2079 2127 2122 τε
2162 2052 2395 2134 αὑτοῖς

278 2171 318 2223 G
363 2152 987 2238 κατασκευάζοντες,
1024 2150 1202 2221 οὕτω
1229 2151 1310 2240 δὴ
1344 2153 1457 2221 καὶ
1486 2151 1611 2239 τὴν
1641 2159 1854 2237 νῆσον
1885 2158 2233 2220 Ποσειδῶν
2266 2151 2394 2239 τὴν

363 2249 746 2319 Ἀτλαντίδα
768 2249 989 2339 λαχών
1009 2251 1334 2337 ἐκγόνους
1355 2251 1598 2318 ἑαυτοῦ
1630 2250 2002 2338 κατῴκισεν
2034 2254 2108 2319 έκ
2132 2260 2395 2338 θνητῆς

364 2349 683 2437 γυναικὸς
703 2350 1035 2437 γεννήσας
1054 2356 1131 2419 ἔν
1150 2376 1283 2417 τινι
1304 2349 1488 2438 τόπῳ
1510 2352 1747 2439 τοιῷδε
1766 2356 1883 2435 τῆς
1915 2346 2149 2435 νήσου.
2220 2346 2393 2432 πρὸς

363 2448 700 2536 θαλάττης
720 2451 867 2534 με’ν,
890 2446 1057 2517 κατὰ
1082 2451 1154 2516 δὲ
1186 2451 1392 2534 μέσον
1413 2447 1630 2534 πάσης
1652 2451 1884 2516 πεδίον
1907 2440 2015 2534 ἦν,
2043 2444 2081 2516 ὃ
2106 2445 2187 2534 δὴ
2212 2446 2394 2515 πάν-

365 2573 504 2615 των
524 2550 773 2616 πεδίων
794 2547 1153 2616 κάλλιστον
1175 2544 1380 2634 ἀρετῇ
1400 2571 1471 2614 τε
1493 2543 1731 2615 ἰκανὸν
1755 2547 2073 2632 γενέσθαι
2108 2549 2391 2634 λέγεται,

366 2644 533 2733 πρὸς
554 2651 646 2736 τῷ
669 2650 873 2736 πεδίῳ
899 2643 964 2713 δ’
990 2637 1080 2713 αὖ
1101 2644 1271 2714 κατὰ
1290 2648 1497 2732 μέσον
1519 2649 1828 2724 σταδίους
1852 2642 1944 2725 ὥς
1975 2643 2392 2730 πεντήκοντα

365 2744 655 2832 α’φεστός
673 2737 766 2832 ἦν
787 2742 942 2830 ὅρος
960 2743 1178 2831 βραχὺ
1199 2743 1420 2832 πάντη
1444 2771 1460 2788 ·
1503 2744 1720 2832 τούτῳ
1744 2742 1809 2813 δ’
1847 2736 1937 2830 ἦν
1968 2749 2228 2822 ἔνοικος
2250 2750 2394 2811 τῶν

365 2847 503 2912 ἐκεῖ
517 2841 685 2912 κατὰ
720 2839 924 2929 ἀρχὰς
955 2845 1030 2910 ἐκ
1062 2848 1182 2928 γῆς
1207 2841 1481 2930 ἀνδρῶν
1514 2844 1892 2929 γεγονότων
1931 2837 2223 2929 Εὐήνωρ
2267 2841 2396 2926 μὲν

279 2961 320 3011 D
363 2939 598 3028 ὄνομα,
621 2941 889 3028 γυναικὶ
914 2938 987 3007 δὲ
1020 2948 1356 3009 συνοικῶν
1376 2948 1759 3030 Λευκίππη·
1801 2939 2059 3009 Κλειτω
2087 2938 2161 3007 δὲ
2181 2965 2395 3025 μονο-

360 3046 524 3126 γενῆ
558 3040 902 3124 θυγατέρα
937 3038 1462 3127 ἐγεννησάσθην.
1503 3040 1632 3127 ἥδη
1667 3041 1731 3108 δ’
1778 3046 1873 3119 εἰς
1910 3036 2182 3123 ἀνδρὸς
2203 3036 2393 3121 ὥραν

362 3135 657 3225 ἡκούσης
677 3146 792 3222 τῆς
813 3138 1018 3224 κόρης
1036 3136 1082 3224 ἥ
1098 3164 1169 3205 τε
1203 3136 1417 3226 μήτηρ
1453 3145 1731 3226 τελευτᾷ
1766 3139 1878 3207 καὶ
1913 3134 1948 3205 ὁ
1983 3137 2219 3225 πατήρ,
2260 3133 2391 3204 αύ-

364 3243 480 3319 τῆς
513 3234 587 3301 δὲ
622 3239 716 3309 εἰς
751 3237 1119 3322 ἐπιθυμίαν
1149 3243 1502 3306 Ποσειδῶν
1533 3234 1758 3315 ἐλθών
1790 3240 2251 3322 ξυμμίγνυται,
2277 3236 2390 3302 καὶ

363 3327 484 3397 τὸν
518 3328 840 3414 γήλοφον,
881 3335 956 3400 ἐν
999 3324 1057 3423 ᾧ
1099 3334 1486 3425 κατῴκιστο,
1533 3342 1746 3403 ποιων
1788 3332 2030 3422 εὐερκῆ
2063 3332 2389 3421 περιρρή-

363 3445 562 3508 γνυσι
592 3426 837 3518 κύκλῳ,
862 3432 1199 3531 θαλάττης
1227 3441 1352 3522 γῆς
1385 3461 1457 3505 τε
1478 3431 1757 3516 ἐναλλάξ
1791 3433 2101 3514 ἐλάττους
2122 3437 2389 3521 μείζους
