2602 3928
927 199 1507 261 ΠΟΛΙΤΕΙΑΣ
1539 192 1600 260 ε’.
2148 197 2269 264 167

253 355 441 427 Ἀλλά
473 356 825 443 μανθάνω,
862 363 1011 444 ἔφη.
1057 356 1395 426 ’Ἄκουσον
1431 358 1533 445 δή,
1569 358 1612 428 ὅ
1640 385 1753 446 μοι
1786 367 2092 446 φαίνεται
2122 365 2273 444 περὶ

255 454 498 524 αὐτῶν,
545 454 891 540 δυνάμεως
930 453 1061 540 γὰρ
1104 454 1231 540 ὲγῶ
1278 454 1435 523 οὔτε
1483 457 1637 524 τινὰ
1681 458 1892 542 χρόαν
1936 455 2077 542 ὁρῶ
2118 461 2274 527 οὔτε

256 560 470 639 σχῆμα
516 550 671 621 οὔτε
713 577 777 619 τι
818 558 953 619 τῶν
995 552 1344 634 τοιούτων,
1395 546 1540 619 οἷον
1582 554 1692 619 καὶ
1734 552 1956 621 ἄλλων
1984 563 2272 641 πολλῶν,

256 649 423 733 πρὸς
455 647 499 716 ἃ
537 647 940 737 ἀποβλέπων
973 654 1117 718 ἔνια
1154 654 1515 735 διορίζομαι
1547 646 1705 735 παρ’
1738 654 2000 741 ἐμαυτῷ
2029 649 2112 720 τὰ
2150 653 2274 738 μὲν

256 746 426 815 ἀλλα
471 746 661 832 εἶναι,
690 745 771 815 τὰ
816 748 888 815 δὲ
917 747 1117 815 ἄλλα·
1161 746 1511 832 δυνάμεως
1555 744 1618 814 δ’
1670 754 1763 828 εἰς
1811 750 2022 816 έκεῖνο
2056 750 2270 836 μόνον
2305 768 2347 817 D

255 847 501 932 βλέπω,
522 840 634 928 ἐφ’
667 834 724 933 ᾦ
742 869 812 910 τε
850 850 984 910 ἔστι
1022 839 1192 910 καὶ
1167 841 1206 909 6
1248 841 1700 932 ἀπεργάζεται,
1733 849 1843 913 καὶ
1876 846 2082 936 ταύτῃ
2116 847 2276 914 ἑκά-

254 961 422 1029 στην
456 940 679 1010 αὐτῶν
715 942 1005 1027 δύναμιν
1036 941 1338 1027 ἐκάλεσα,
1378 944 1486 1011 καὶ
1515 940 1640 1029 τὴν
1673 947 1796 1029 μὲν
1829 946 1933 1013 ἐπὶ
1961 952 2054 1033 τῷ
2090 944 2276 1034 αὐτῷ

256 1043 660 1128 τεταγμένην
685 1042 795 1109 καὶ
816 1038 889 1108 τό
915 1035 1079 1107 αὐτὸ
1115 1035 1656 1126 ἀπεργαζομένην
1677 1038 1801 1127 τὴν
1824 1038 2036 1128 αὐτὴν
2067 1049 2269 1125 καλῶ,

256 1137 382 1226 τὴν
394 1141 466 1206 δὲ
480 1140 586 1207 ἐπὶ
598 1139 796 1227 ἑτέρω
809 1139 920 1206 καὶ
940 1139 1170 1220 ἕτερον
1181 1134 1722 1225 ἀπεργαζομένην
1738 1138 1968 1226 ἀλλην.
1984 1146 2055 1207 τί
2067 1139 2140 1207 δὲ’
2151 1141 2238 1206 σύ
2252 1169 2272 1220 3

256 1246 399 1317 πῶς
411 1250 644 1317 ποιετς;
671 1234 923 1322 Οὕτως,
938 1241 1084 1322 ἔφη.
1109 1244 1338 1319 Δεῦρο
1355 1234 1436 1322 δὴ
1455 1229 1779 1322 πάλιν,ἦν
1792 1235 1853 1303 δ’
1884 1236 2033 1323 ἐγώ,
2061 1229 2114 1305 ὦ
2135 1234 2272 1322 ἀρι-

257 1354 392 1405 στε.
407 1336 772 1422 ἐπιστήμην
783 1335 1068 1421 πότερον
1082 1333 1374 1420 δύναμίν
1386 1360 1534 1402 τινα
1548 1333 1681 1421 φῂς
1694 1332 1862 1403 εἶναι
1883 1334 2095 1422 αὐτὴν
2113 1330 2161 1421 ἦ
2182 1340 2274 1415 εἰς

260 1440 329 1502 τί
339 1436 535 1520 γένος
545 1440 773 1520 τίθηςς
800 1439 918 1513 Εἰς
939 1441 1158 1518 τοῦτο,
1173 1436 1325 1519 ἔφη,
1350 1440 1584 1500 πασῶν
1595 1458 1670 1517 γε
1694 1435 2050 1520 δυνάμεων
2063 1437 2276 1521 ἐρρω-
2308 1459 2350 1508 E

257 1533 684 1620 μενεστάτην.
730 1539 814 1599 Τί
843 1536 980 1609 δαί;
1011 1532 1215 1610 δόξαν
1251 1537 1344 1608 εἰς
1378 1530 1669 1617 δύναμιν
1701 1527 1746 1617 ἦ
1780 1538 1872 1611 εἰς
1907 1531 2068 1601 ἄλλο
2103 1530 2275 1610 εἶδος

261 1641 562 1716 οἴσομενς
603 1627 956 1716 Οὐδαμῶς,
987 1635 1115 1715 ἔφη
1132 1655 1147 1670 ·
1191 1621 1249 1718 ᾦ
1268 1628 1399 1714 γάρ
1428 1628 1721 1710 δοξάζειν
1749 1629 2121 1716 δυνάμεθα,
2149 1626 2274 1696 οὐκ

259 1727 422 1796 ἄλλο
452 1753 513 1794 τι
547 1723 591 1813 ἢ
627 1727 785 1807 δόξα
818 1729 1013 1795 ἐστίν.
1050 1725 1249 1796 Ἀλλὰ
1278 1726 1404 1811 μὲν
1437 1725 1518 1812 δή
1558 1723 1788 1811 ὀλύγον
1828 1753 1906 1812 γε
1947 1727 2277 1812 πρότερον

263 1828 624 1953 ὡμολόγεις
644 1827 735 1915 μὴ
758 1830 831 1897 τὸ
861 1826 1025 1896 αὐτὸ
1051 1827 1219 1897 εἶναι
1241 1828 1604 1914 ἐπιστήμην
1626 1853 1696 1895 τε
1719 1829 1829 1896 καὶ
1853 1826 2074 1907 δόξαν.
2121 1834 2278 1906 Πῶς

262 1929 392 2018 γὰρ
418 1931 523 2015 ἅν,
548 1935 697 2018 ἔφη,
721 1930 798 1998 τό
819 1955 896 2015 γε
918 1925 1385 2015 ἀναμάρτητον
1406 1935 1501 2018 τῶ
1527 1924 1615 2014 μὴ
1651 1925 2090 2018 ἀναμαρτήτω
2114 1923 2277 1995 ταύ-

263 2030 384 2099 τόν
425 2032 588 2097 ποτέ
624 2053 721 2107 τις
763 2036 936 2096 νοῦν
978 2032 1147 2114 ἔχων
1180 2032 1432 2113 τιθείης
1479 2033 1735 2112 Καλῶς,
1760 2021 1850 2114 ἦν
1882 2025 1945 2094 δ’
1983 2027 2135 2113 ἐγω,
2167 2026 2278 2093 καὶ

263 2125 564 2216 δῆλον,”
525 2154 626 2196 οτι
646 2129 878 2210 ἕτερον
849 2109 1250 2247 Ξέπιστήμης
1274 2124 1431 2206 δόξα
1449 2123 1862 2212 ὁμολογεῖται
1878 2123 2057 2212 ἡμῖν.
2089 2124 2274 2194 Ἕτε·
2312 2147 2418 2204 478

263 2253 411 2313 ρον.
452 2224 591 2311 Ἐφ’
622 2223 890 2315 ἕτέρφ”
847 2250 975 2309 αρα
1010 2224 1242 2306 ετερόν
1273 2249 1338 2290 τι
1373 2226 1712 2308 δυναμένη
1749 2225 2020 2307 ἑκατέρα
2056 2220 2282 2291 αὐτῶν

263 2328 582 2410 πέφυκεν.
626 2322 931 2409 Ἀνάγκη.
959 2318 1312 2408 Ἐπιστήμη
1335 2325 1462 2408 μέν
1484 2323 1566 2407 γε’
1579 2346 1714 2389 που
1746 2323 1853 2389 ἐπὶ
1883 2329 1980 2410 τῶ
2012 2319 2179 2408 ὅντι,
2203 2321 2279 2389 τό

259 2448 351 2489 ον
370 2429 623 2506 γνῶναι
645 2417 733 2499 ῶς
752 2425 912 2506 ἔχει·
895 2469 913 2500 ,
955 2424 1109 2487 Ναί.
1156 2419 1343 2499 Δόξα
1365 2421 1458 2503 δέ,
1489 2422 1729 2504 φαμέν,
1754 2415 2080 2499 δοξάζειν;
2125 2425 2280 2487 Ναί.

263 2527 347 2587 'H
358 2516 603 2587 ταύτὸν
633 2516 798 2604 ὅπερ
832 2517 1152 2602 ἐπιστήμη
1189 2516 1547 2601 γιγνώσκει
1561 2565 1582 2600 ,
1626 2518 1737 2584 καὶ
1772 2520 1953 2584 ἔσται
1979 2514 2284 2601 γνωστόν

265 2644 337 2684 τε
372 2618 481 2686 καὶ
518 2614 837 2696 δοξαστὸν
878 2610 953 2681 τὸ
989 2612 1154 2682 αὐτό
1168 2641 1188 2695 3
1228 2607 1274 2698 ἢ
1303 2609 1674 2694 ἀδύνατον;
1713 2609 2097 2697 Ἀδύνατον,
2131 2618 2281 2700 ἔφη,
2368 2701 2373 2706 .

265 2719 343 2783 ἐκ
370 2722 507 2804 τῶν
529 2710 1079 2799 ὡμολογημένων,
1105 2721 1287 2795 εἴπερ
1310 2708 1414 2778 ἐπ’
1449 2709 1627 2801 ἄλλω
1664 2710 1829 2798 ἄλλη
1862 2712 2144 2798 δύναμις
2165 2713 2284 2779 πέ-

268 2839 466 2900 φυκε,
492 2811 806 2897 δυνάμεις
826 2810 899 2879 δὲ
921 2809 1296 2897 ἀμφότεραί
1310 2812 1524 2895 ἐστον,
1540 2809 1698 2891 δόξα
1718 2836 1790 2878 τε
1801 2812 1911 2878 καὶ
1934 2812 2275 2897 ἐπιστήμη,
2311 2828 2357 2881 Β

269 2913 440 2996 ἄλλη
489 2911 559 2977 δὲ
592 2910 889 2996 ἑκατέρα,
927 2906 1011 2988 ῶς
1047 2911 1298 2995 φαμέν·
1339 2911 1412 2975 ἐκ
1449 2908 1710 2976 τούτων
1745 2906 1826 2993 δὴ
1860 2906 1986 2976 οὐκ
2021 2910 2297 2994 ἐγχωρεῖ

271 3008 575 3096 γνωστὸν
618 3009 728 3075 καὶ
770 3005 1094 3087 δοξαστὸν
1134 3003 1387 3077 ταύτὸν
1426 3004 1615 3074 εἶναι.
1670 3004 1947 3075 Οὐκοῦν
1993 3014 2053 3076 εἰ
2085 3007 2160 3075 τὸ
2207 3003 2290 3075 ὂν

269 3106 596 3196 γνωστόν,
620 3104 783 3174 ἄλλο
805 3130 868 3172 τι
900 3100 987 3172 ἀν
1022 3105 1343 3187 δοξαστὸν
1373 3101 1417 3193 ἦ
1447 3101 1525 3173 τὰ
1562 3100 1645 3173 ὂν
1680 3114 1817 3192 εἴης
1840 3103 2061 3174 Ἀλλο.
2142 3099 2284 3190 Ἆρ’

273 3200 404 3276 οὖν
423 3202 497 3273 τὸ
528 3205 617 3290 μὴ
644 3199 726 3271 ὂν
748 3205 1033 3285 δοξάζεις
1058 3202 1104 3291 ἢ
1125 3203 1466 3273 ἀδύνατον
1501 3207 1610 3273 καὶ
1645 3205 1918 3284 δοξάσαι
1943 3200 2019 3272 τὸ
2046 3202 2135 3290 μή
2173 3202 2289 3285 ὅν;

275 3308 492 3374 ε’ννόει
514 3303 603 3371 δέ.
650 3299 772 3387 οὐχ
795 3300 831 3371 ὁ
858 3303 1150 3384 δοξάζων
1177 3305 1285 3373 ἐπὶ
1311 3306 1372 3372 τὶ
1407 3307 1596 3390 φέρει
1627 3303 1748 3389 τὴν
1782 3302 2021 3383 δόξανς
2060 3296 2108 3387 ἦ
2143 3297 2289 3369 οἷόν

274 3432 345 3473 τε
371 3396 463 3472 αὖ
489 3402 782 3483 δοξάζειν
807 3405 953 3489 μέν,
980 3403 1275 3484 δοξάζειν
1297 3406 1372 3470 δὲ
1393 3405 1631 3489 μηδέν;
1666 3401 2049 3470 Ἀδύνατον.
2111 3396 2287 3466 Ἀλλ’
