2602 3928
841 235 1425 296 ΠοΛιΤΕιΑΣ
1459 232 1531 315 γ’.
2141 236 2224 301 93

212 391 344 480 γὰρ
368 389 455 462 ἂν
478 390 646 461 αὐτοὶ
662 394 964 480 ἐνεχώρει
978 395 1150 464 κακοὶ
1175 395 1353 465 εἷναί
1367 421 1526 466 ποτε
1550 399 1659 465 καὶ
1678 403 1996 484 γενέσθαι
2014 424 2028 440 ·
2054 397 2221 469 ἀλλὰ

212 501 395 579 ψυχῇ
415 501 625 580 σῶμα,
651 484 696 581 ᾗ
717 492 841 562 οὐκ
864 497 1139 581 ἐγχωρεῖ
1150 493 1371 581 κακὴν
1388 494 1762 582 γενομένην
1779 522 1851 564 τε
1870 500 1981 565 καὶ
2003 491 2222 568 οὖσαν

215 587 295 662 εὖ
316 621 380 663 τι
412 595 834 681 θεραπεύειν.
873 591 1150 680 Ὀρθῶς,
1189 598 1336 680 ἔφη.
1370 590 1708 679 Δικαστὴς
1741 597 1819 663 δέ
1834 620 1932 682 γε,
1961 588 2017 663 ὦ
2047 603 2222 683 φίλε,

214 699 392 781 ψυχῇ
434 700 649 779 ψυχῆς
689 692 894 780 ἄρχει,
938 686 986 782 ᾗ
1027 692 1152 762 οὐκ
1181 697 1458 779 ἐγχωρεῖ
1485 696 1557 761 ἐκ
1591 698 1745 774 νέας
1773 698 1861 763 ’ἐν
1900 711 2222 784 πονηραῖς
2258 719 2359 775 409

213 804 455 876 ψυχαῖς
497 791 885 879 τεθράφθαι
916 818 987 860 τε
1019 794 1128 861 καὶ
1166 789 1704 879 ὦμιληκέναι·καὶ
1739 793 1953 862 πάντα
1987 792 2222 883 ἀδική-

213 902 388 975 ματα
416 885 629 975 αὐτὴν
657 887 1052 976 ἠδικηκυῖαν
1087 891 1643 976 διεξεληλυθέναι,
1676 887 1840 960 ὥστε
1868 889 2067 973 ὀξέως
2096 892 2224 980 ἀφῑ

215 983 419 1072 αὑτῆς
445 994 915 1073 τεκμαίρεσθαι
936 984 1015 1054 τὰ
1039 994 1176 1054 τῶν
1207 986 1433 1055 ἄλλων
1453 986 1842 1076 ἀδικήματα,
1879 986 2024 1059 οἷον
2054 989 2221 1059 κατὰ

214 1093 405 1170 σῶμα
428 1086 705 1163 νόσους·
751 1083 897 1154 ἀλλ’
926 1110 1206 1168 απειρον
1227 1083 1443 1172 αυτὴν
1474 1088 1582 1155 καὶ
1616 1084 1934 1172 ἀκέραιον
1961 1094 2069 1157 δεῖ
2100 1114 2223 1157 κα-

211 1207 353 1250 κων
374 1180 572 1268 ἠθῶν
592 1186 755 1251 νέαν
778 1175 993 1250 οὖσαν
1011 1185 1381 1267 γεγονέναι,
1416 1189 1477 1251 εἰ
1504 1183 1725 1269 μέλλει
1751 1186 1919 1274 καλὴ
1956 1185 2222 1274 κάγαθὴ

212 1272 382 1346 ουσα
425 1286 680 1365 κρίνειν
719 1278 924 1365 ὑγιῶς
951 1279 1032 1348 τὰ
1063 1285 1306 1349 δίκαια.
1364 1278 1467 1350 διὸ
1510 1279 1590 1369 δὴ
1636 1286 1744 1352 καὶ
1775 1283 2048 1372 εὐήθεις
2085 1289 2222 1353 νέοι

214 1375 403 1455 ὄντες
427 1380 498 1444 οί
534 1382 834 1456 ἐπιεικεῖς
870 1387 1224 1462 φαίνονται
1265 1380 1377 1447 καὶ
1418 1377 1884 1467 εὐεξαπάτητοι
1917 1379 2054 1448 ὑπὸ
2086 1389 2223 1449 τῶν

124 1536 127 1539 .
212 1471 561 1560 ἀδίκων,““’
516 1499 631 1542 ατε
661 1472 787 1542 οὐκ
811 1481 1071 1561 ἔχοντες
1091 1480 1164 1544 ἐν
1196 1479 1452 1556 ἑαυτοῖς
1474 1477 2020 1564 παραδείγματα“
1991 1504 2222 1566 ομοιο-
2248 1497 2289 1546 Β

214 1579 401 1658 παθῆ
429 1586 565 1649 τοῖς
597 1587 930 1659 πονηροῖς.
999 1577 1128 1642 Καὶ
1165 1573 1287 1660 μὲν
1323 1575 1428 1660 δή,
1467 1581 1614 1660 ἔφη,
1650 1576 1915 1662 σφόδρα
1947 1602 2024 1663 γε
2051 1574 2218 1644 αὐτὸ

213 1671 601 1755 πάσχουσιν.
651 1671 1027 1758 Τοιγάρτοι,
1051 1665 1141 1759 ἦν
1164 1670 1225 1739 δ’
1266 1674 1416 1758 ἐγώ,
1450 1670 1536 1740 οὐ
1562 1678 1715 1740 νέον
1751 1672 1917 1741 ἀλλὰ
1940 1678 2220 1760 γέροντα

215 1773 322 1836 δεῖ
356 1764 476 1834 τὸν
509 1764 772 1850 ἀγαθὸν
810 1766 1133 1855 δικαστὴν
1164 1769 1356 1855 εἶναι,
1400 1767 1702 1856 ὀψιμαθῆ
1744 1771 2065 1856 γεγονότα
2105 1779 2222 1857 τῆς

210 1864 470 1943 ἀδικίας
491 1860 634 1933 οἷόν
659 1867 869 1933 ἐστιν·
909 1864 1035 1934 οὐκ
1070 1873 1325 1936 οἰκείαν
1358 1870 1433 1936 ἐν
1455 1874 1546 1955 ’τῇ
1582 1864 1792 1935 αὑτοῦ
1822 1875 2001 1955 ψυχῇ
2025 1872 2223 1937 ἐνοῦ-

213 1984 341 2032 σαν
362 1958 771 2051 ᾐσθημένον,
802 1960 950 2032 ἀλλ’
978 1963 1336 2050 ἀλλοτρίαν
1367 1967 1443 2033 ἐν
1471 1962 1846 2050 ἀλλοτρίαις
1868 1975 2221 2054 μεμελετη-

210 2062 373 2130 κότα
396 2065 471 2129 ἐν
492 2068 718 2151 πολλῷ
745 2062 965 2148 χρόνῳ
987 2062 1525 2149 διαισθάνεσθαι,
1540 2059 1687 2132 οἷον
1706 2066 1964 2149 πέφυκε
1986 2064 2218 2151 κακόν,

211 2158 555 2245 ἐπιστήμῃ,
599 2155 725 2225 οὐκ
759 2161 1062 2248 ἐμπειρίᾳ
1097 2164 1310 2249 οἰκείᾳ
1339 2165 1762 2247 κεχρημένον.
1816 2162 2221 2230 Γενναιότα-
2250 2174 2288 2227 c

208 2282 320 2335 τος
343 2264 535 2341 γοῦν,
568 2263 717 2343 ἔφη,
740 2261 959 2324 ἔοικεν
984 2254 1152 2323 εἶναι
1174 2254 1209 2324 ὁ
1235 2266 1533 2336 τοιοῦτος
1547 2258 1871 2344 δικαστής.
1896 2260 2032 2326 Καὶ
2052 2256 2219 2343 ἀγα*

209 2354 338 2432 θός
363 2380 459 2439 γε,
491 2348 580 2441 ἧν
603 2353 668 2422 δ’
696 2355 846 2440 ἐγώ,
880 2351 1028 2422 ὂσύ
1048 2352 1312 2440 ἠρώτας
1328 2381 1341 2394 ·
1400 2352 1437 2423 ὁ
1460 2354 1590 2440 γὰρ
1610 2360 1778 2440 ἔχων
1808 2355 2030 2442 ψυχὴν
2051 2356 2220 2442 ἀγα-

208 2450 348 2538 θὴν
368 2449 645 2537 ἀγαθός.
677 2447 714 2519 ὁ
739 2450 808 2519 δὲ
833 2448 1050 2530 δεινὸς
1070 2454 1324 2531 ἐκεῖνος
1345 2456 1457 2521 καὶ
1478 2453 1917 2540 καχύποπτος,
1941 2452 1980 2522 ὁ
2005 2452 2218 2523 πολλὰ

209 2545 412 2626 αὐτὸς
448 2546 781 2634 ἠδικηκώς
822 2549 932 2616 καὶ
976 2549 1358 2634 πανοῦργός
1402 2575 1472 2617 τε
1513 2552 1623 2618 καὶ
1663 2548 1871 2634 σοφὸς
1920 2551 2221 2636 οἰόμενος

212 2644 403 2731 εἶναι,
437 2644 600 2713 ὅταν
645 2645 769 2730 μὲν
807 2642 1060 2732 ὁμοίοις
1093 2644 1310 2734 ὁμιλῇ,
1356 2646 1572 2726 δεινὸς
1607 2654 1912 2734 φαίνεται
1955 2651 2219 2729 ἐξευλα-

206 2742 555 2832 βούμενος,
596 2742 766 2828 πρὸς
797 2743 878 2811 τὰ
913 2747 987 2812 ἐν
1029 2742 1208 2835 αὑτω
1248 2749 1745 2832 παραδείγματα
1781 2745 2215 2816 ἀποσκοπῶν·

209 2840 375 2910 ὅταν
396 2841 467 2910 δὲ
497 2841 779 2928 ἀγαθοῖς
798 2845 908 2910 καὶ
930 2847 1401 2932 πρεσβυτέροις
1420 2844 1546 2931 ἤδη
1570 2846 1922 2933 πλησιάσῃ,
1950 2847 2219 2934 ἀβέλτε-

206 2964 323 3023 ρος
345 2932 433 3006 αὖ
460 2947 783 3025 φαίνεται,
807 2938 1104 3012 ἀπιστῶν
1128 2941 1309 3029 παρὰ
1331 2943 1571 3028 καιρὸν
1603 2941 1772 3012 καὶ’
1733 2953 2000 3030 αγνοῶν
2034 2942 2215 3032 ὑγιὲς
2246 2977 2286 3027 D

204 3030 464 3125 ἦθος,““’
422 3065 534 3106 ατε
559 3037 685 3107 οὐκ
706 3044 877 3125 ἔχων
898 3039 1315 3128 παράδειγμα
1338 3048 1461 3110 τοῦ
1478 3041 1820 3109 τοιούτου·
1866 3044 2219 3124 πλεονάκις

207 3134 279 3202 δε
308 3150 623 3221 πονηροῖς
653 3135 699 3223 ἢ
731 3152 1032 3226 χρηστοῖς
1067 3140 1491 3225 ἐντυγχάνων
1536 3138 1917 3226 σοφώτερος
1956 3136 2001 3227 ἦ
2041 3139 2216 3228 ἀμα-

204 3235 524 3317 θέστερος
554 3239 738 3302 δοκεῖ
760 3233 928 3303 εἶναι
951 3232 1137 3322 αυτςό
1157 3261 1225 3304 τε
1256 3240 1365 3304 καὶ
1395 3236 1635 3315 ἀλλοις.
1670 3239 2065 3307 Παντάπασι
2091 3244 2215 3326 μὲν

203 3323 352 3418 οὖν,
379 3337 530 3418 ἔφη,
551 3330 790 3419 ἀληθῆ.

371 3433 551 3497 xvn.
604 3429 708 3498 Οὐ
729 3437 983 3517 τοίνυν,
1009 3459 1096 3519 ην
1118 3431 1184 3500 δ’
1210 3431 1363 3520 ἐγώ,
1392 3440 1699 3512 τοιοῦτον
1721 3434 1843 3522 χρὴ
1877 3433 1999 3502 τόν
2021 3436 2211 3501 δικα·
