2602 3928
1649 94 1698 111 κω

342 213 434 283 4ο
1060 219 1624 279 ΠΛΑΤΩΝΟΣ

346 386 581 450 κοῦντι
609 378 887 467 τοιούτῳ
923 375 1091 445 εἶναι
1108 403 1122 416 ·
1167 376 1419 463 ἄδηλον
1442 370 1603 465 οὖν,
1650 387 1779 447 εἴτε
1798 388 1922 448 τοῦ
1944 385 2206 450 δικαίου
2227 391 2349 452 εἴτε

348 485 484 546 τῶν
509 481 779 563 δωρεοῖν
812 501 883 543 τε
908 477 1018 543 καὶ
1038 482 1248 560 τιμῶν
1271 475 1464 542 ἕνεκα
1484 482 1781 556 τοιοῦτος
1813 487 1933 566 εἴη.
1978 483 2357 566 γυμνωτέος

349 574 431 660 δὴ
460 575 730 641 πάντων
751 571 928 658 πλὴν
949 571 1399 656 δικαιοσύνης,
1418 572 1529 638 καὶ
1555 577 1854 659 ποιητέος
1874 578 2187 655 ἐναντίως
2208 580 2334 645 δια-

347 677 644 757 κείμενος
663 695 754 737 τω
778 671 1109 757 προτέρω
1131 667 1340 752 μηδὲν
1360 692 1488 754 γαρ
1511 666 1765 737 ἀδικων
1786 671 1990 752 δόξαν
2009 677 2202 759 ἐχέτω
2229 672 2358 759 τὴν

346 775 660 854 μεγίστην
691 739 949 844 ἀδικίας
964 815 982 849 ,
1013 768 1126 833 ινα
1156 756 1202 852 ᾖ
1224 770 1783 852 βεβασανισμένος
1805 775 1898 848 εἰς
1920 771 2356 858 δικαιοσύνην

346 873 438 953 τῷ
471 860 560 950 μὴ
594 864 948 947 τέγγεσθαι
984 857 1115 927 ὑπὸ
1154 865 1541 941 κακοδοξίας
1571 865 1681 931 καὶ
1713 871 1849 932 τῶν
1883 863 2001 933 ἀπ’
2024 864 2227 952 αὐτῆς
2245 894 2354 951 γι-

266 982 305 1031 1)
345 964 722 1048 γνομένων·
767 955 915 1027 ἀλλ’
939 967 1056 1026 ῖτω
1079 955 1523 1044 ἀμετάστατος
1541 965 1729 1046 μέχρι
1746 963 2086 1050 θανάτου,
2132 969 2358 1032 δοκῶν

347 1057 470 1145 μὲν
489 1056 658 1126 εἶναι
677 1053 905 1134 αδικος
939 1053 1054 1122 διὰ
1069 1061 1254 1142 βίου,
1305 1083 1400 1124 ων
1433 1056 1506 1124 δὲ
1531 1059 1887 1144 δίκαιος,”
1856 1056 1947 1126 ιν’
1986 1057 2352 1145 ἀμφότεροι

348 1162 441 1234 εἰς
460 1155 533 1223 τὸ
557 1158 832 1239 ἔσχατον
853 1149 1280 1272 ἐληλυθότες,
1325 1149 1361 1220 ὁ
1384 1153 1508 1237 μὲν
1541 1155 1999 1243 δικαιοσύνης,
2049 1153 2086 1224 ὁ
2109 1157 2183 1226 δὲ
2205 1157 2353 1225 ἀδι-

347 1256 526 1336 κίας,
550 1245 954 1336 κρίνωνται*
926 1249 1240 1334 οπότερος
1262 1250 1494 1319 αὐτοῖν
1515 1248 2116 1337 εὐδαιμονέστερος.

512 1353 582 1414 V.
621 1352 852 1435 Βαβαί,
875 1338 962 1433 ἦν
984 1345 1048 1414 δ’
1072 1348 1225 1432 ἐγώ,
1249 1374 1304 1416 ω
1327 1354 1477 1433 φίλε
1488 1348 1836 1434 Γλαύκων,
1857 1376 1945 1429 ως
1964 1353 2349 1438 ἐρρωμένως

347 1444 663 1529 ἑκάτερον
699 1441 919 1528 ωσπερ
966 1443 1336 1531 ἀνδριάντα
1378 1452 1472 1525 εἰς
1511 1444 1635 1531 τὴν
1673 1453 1893 1533 κρίσιν
1934 1450 2352 1537 ἐκκαθαίρεις

346 1557 488 1611 τοῖν
507 1540 799 1630 ἀνδροῖν.
875 1538 992 1621 Ὡς
1014 1539 1288 1629 μάλιστ’,
1323 1546 1450 1628 ἔφη
1465 1592 1484 1627 ,
1527 1542 1832 1630 δύναμαι.
1873 1542 2099 1615 ὄντοιν
2119 1549 2192 1615 δὲ
2210 1572 2348 1615 τοι-

347 1640 605 1726 ούτοιν,
650 1638 848 1708 οὐδὲν
891 1644 1018 1724 ἔτι,
1066 1664 1154 1717 ως
1184 1630 1465 1729 ἐγῷμαι,
1513 1638 1805 1724 χαλεπὸν
1837 1644 2213 1722 ἐπεξελθεῖν
2254 1651 2347 1731 ταῑ

277 1763 315 1811 13:
348 1737 526 1828 λόγω
544 1788 563 1822 ,
608 1731 745 1816 οἷος
779 1736 1094 1822 ἑκάτερον
1114 1739 1258 1821 βίος
1290 1738 1596 1821 ἐπιμένει.
1640 1743 1902 1806 λεκτέον
1930 1730 2087 1805 οὖν·
2132 1742 2243 1806 καὶ
2264 1738 2345 1827 δὴ

343 1863 473 1906 καν
494 1834 974 1922 ἀγροικοτέρως
992 1832 1277 1918 λέγηται,
1300 1830 1388 1917 μὴ
1412 1835 1523 1918 ἐμὲ
1547 1842 1696 1902 οἴου
1716 1838 1929 1919 λέγειν
1942 1885 1963 1919 ,
1987 1861 2039 1903 ω
2061 1835 2345 1923 Σώκρα-

342 1961 481 2019 τες,
525 1930 692 2001 ἀλλά
741 1930 898 2009 τούς
937 1933 1375 2009 ἐπαινοῦντας
1419 1955 1547 2015 προ
1601 1934 2024 2021 δικαιοσύνης
2060 1932 2341 2004 ἀδικίαν.

341 2038 568 2117 ἐροῦσι
599 2029 672 2097 δὲ
703 2026 888 2113 τάδε,
933 2024 1038 2095 ὅτι
1056 2026 1232 2095 οὕτω
1258 2028 1716 2115 διακείμενος
1684 2056 1721 2099 ο
1746 2035 1995 2111 δίκαιος
2014 2032 2347 2118 μαστιγω-

342 2148 554 2213 σεται,
591 2122 1101 2212 στρεβλώσεται,
1129 2123 1500 2213 δεδήσεται,
1523 2129 2003 2216 ἐκκαυθήσεται
2026 2126 2348 2215 τώφθαλ-

203 2251 309 2308 562
341 2225 475 2314 μοί,
511 2230 836 2293 τελευταῖν
868 2223 1085 2291 πάντα
1105 2224 1276 2292 κακὰ
1298 2225 1541 2295 παθών
1562 2222 2347 2316 ἀνασχινδυλευθήσεται,

343 2325 455 2391 καὶ
486 2320 843 2407 γνώσεται,
883 2318 986 2387 ὅτι
1016 2319 1140 2389 ούκ
1167 2320 1337 2389 εἶναι
1361 2326 1614 2392 δίκαιον
1637 2322 1803 2393 ἀλλὰ
1828 2329 2049 2393 δοκεῖν
2072 2328 2177 2392 δεῖ
2191 2328 2346 2394 ἐθέ-

345 2429 486 2488 λειν
503 2445 517 2459 ·
567 2416 641 2486 τὸ
678 2418 749 2487 δὲ
781 2425 904 2484 τοῦ
923 2418 1267 2503 Αἰσχύλου
1286 2416 1459 2487 πολὺ
1477 2412 1566 2507 ἦν
1587 2420 1717 2504 ἄρα
1740 2419 2111 2508 ὀρθότερον
2130 2425 2346 2507 λέγειν

346 2515 511 2586 κατά
543 2522 666 2583 τοῦ
700 2511 953 2582 ἀδίκου.
996 2520 1088 2605 τῷ,
1122 2514 1265 2584 ὄντι
1292 2513 1423 2603 γὰρ
1459 2515 1751 2603 φήσουσι
1778 2514 1898 2585 τὸν
1918 2516 2154 2587 ἄδικον
2167 2569 2186 2604 ,
2230 2517 2348 2588 ἅτε

345 2612 811 2701 ἐπιτηδεύοντα
830 2620 1100 2700 πρᾶγμα
1132 2612 1447 2701 ἀληθείας
1467 2614 1782 2701 ἐχόμενον
1802 2615 1914 2683 καὶ
1935 2612 2018 2682 ού
2040 2612 2207 2700 πρὸς
2228 2615 2348 2684 δό-

343 2717 465 2794 ξαν
488 2717 697 2792 ζῶντα
711 2762 730 2796 ,
754 2708 838 2779 ού
865 2716 1084 2781 δοκεῖν
1107 2710 1342 2781 ἄδικον
1362 2708 1511 2781 ἀλλ’
1537 2711 1704 2781 εἶναι
1723 2716 2011 2801 ἐθέλειν,

594 2821 879 2900 βαθεῖαν
905 2811 1112 2880 ἄλοκα
1135 2809 1241 2880 διὰ
1265 2811 1514 2900 φρενὸς
1534 2810 2005 2900 καρπούμενον
2019 2864 2036 2896 ,

272 2929 310 2977 Β
601 2912 667 2991 ἐξ
685 2900 765 2998 ἧς
785 2909 864 2977 τὰ
885 2911 1085 2979 κεδνοὶ
1107 2910 1463 2998 βλαστάνει
1483 2909 1904 2998 βουλεύματα
1918 2960 1937 2994 ,

344 3012 613 3094 πρῶτον
651 3010 774 3094 μὲν
814 3007 1038 3095 ἄρχειν
1077 3012 1150 3078 ἐν
1190 3016 1272 3097 τῇ
1310 3007 1499 3076 πόλει
1539 3012 1852 3077 δοκοῦντι
1891 3012 2121 3097 δικαίῳ
2156 3006 2350 3092 εἶναι,

344 3110 817 3192 ἔπειταγαμεῐν
837 3104 1096 3175 ὁπόθεν
1115 3102 1201 3174 α”ν
1223 3105 1573 3192 βούληται,
1617 3104 1950 3173 ἐκδιδόναι
1986 3111 2078 3184 εἰς
2109 3103 2227 3185 οὓς
2259 3101 2345 3172 ἂν

342 3204 662 3294 βούληται
675 3258 694 3291 ,
717 3206 1139 3297 ξυμβάλλειν,
1166 3220 1515 3294 κοινωνεῖν
1537 3201 1633 3285 οἷς
1654 3201 1740 3274 ἂν
1761 3209 1963 3295 ἐθέλῃ
1976 3257 1996 3292 ,
2035 3210 2145 3275 καὶ
2167 3204 2346 3293 παρὰ

341 3311 549 3373 ταῦτα
582 3303 798 3374 πάντα
834 3303 1240 3392 ὠφελεῖσθαι
1272 3307 1707 3391 κερδαίνοντα
1738 3311 1832 3391 τῷ
1863 3303 1952 3390 μὴ
1996 3308 2346 3391 δυσχεραί-

342 3426 487 3471 νειν
505 3399 581 3470 τὸ
605 3399 856 3471 ἀδικεῖν
871 3430 885 3444 ·
935 3409 1025 3481 εἰς
1060 3400 1323 3488 ἀγῶνας
1342 3407 1574 3469 τοίνυν
1596 3401 1783 3471 ἰόντα
1803 3403 1915 3470 καὶ
1939 3405 2075 3491 ἰδίᾳ
2096 3403 2207 3470 καὶ
2226 3405 2349 3486 δη·
