2602 3928
381 244 509 309 386
1107 245 1676 305 HAATszzvoz
2322 256 2404 313 οε

312 406 356 459 D
387 402 492 473 ἐπ’
510 404 790 491 ἐσχάτην
803 403 931 493 τὴν
950 404 1254 492 κεφαλὴν
1269 406 1665 491 περιστήσας
1676 404 1903 495 κύκλῳ
1919 409 2069 493 περὶ
2091 406 2211 475 τὸν
2230 408 2406 493 τρά-

382 512 590 589 χηλον
612 504 967 590 έκόλλήσεν
989 501 1346 589 ὁμοιότητι,
1380 505 1492 571 καὶ
1524 502 1640 581 τὰς
1673 502 1992 589 σιαγόνας
2024 504 2232 593 ἄκρας
2274 502 2405 573 αὖ-

384 613 521 679 τοῖς
542 605 902 689 ξυνέδησεν
920 599 1051 669 ὑπὸ
1074 599 1197 688 την
1221 601 1430 687 φύσιν
1451 608 1573 669 τοῦ
1595 600 1959 688 προσώπου
1974 629 1987 643 ·
2032 601 2115 670 τὰ
2141 601 2206 671 δ’
2230 603 2404 671 ἄλλα

383 699 477 778 εἰς
499 696 760 767 ἅπαντα
780 697 863 766 τά
882 700 1045 785 μέλη
1073 702 1418 785 διέσπειρε,
1455 699 1809 779 ξυνάπτων
1842 700 2107 785 ἄρθρον
2141 698 2401 790 ἅρθρφ.

383 795 510 883 τὴν
533 796 605 865 δὲ
627 794 711 883 δὴ
733 805 857 865 τοῦ
879 796 1206 883 στόματος
1225 793 1421 883 ἡμῶν
1441 797 1731 886 δύναμιν
1752 793 1987 865 ὀδοῦσι
2006 801 2120 866 καὶ
2138 798 2406 886 γλώττῃ

384 897 496 963 καὶ
514 900 796 980 χείλεσιν
826 897 1020 963 ἕνεκα
1040 899 1178 961 τῶν
1211 891 1597 979 ἀναγκαίων
1625 898 1737 963 καὶ
1772 902 1907 963 τῶν
1938 893 2227 982 ἀρίστων
2262 899 2406 963 διε-

386 993 732 1079 κόσμησαν
755 996 824 1060 οἱ
848 996 1399 1078 διακοσμοῦντες,
1433 982 1630 1080 ᾖνῦν
1651 997 2079 1077 διατέτακται,
2115 991 2239 1078 τὴν
2278 991 2407 1078 μὲν

313 1098 356 1150 Ι
388 1096 655 1160 εἴσοδον
673 1097 809 1159 τῶν
829 1088 1216 1177 ἀναγκαίων
1229 1091 1691 1177 μηχανώμενοι
1704 1091 1922 1177 χάριν,
1934 1090 2057 1177 τὴν
2079 1091 2144 1158 δ’
2170 1095 2406 1170 ἔξοδον

388 1196 528 1256 τών
553 1187 874 1275 ἀρίστων·
921 1186 1287 1273 ἀναγκαῖον
1327 1187 1450 1273 μὲν
1493 1186 1621 1273 γὰρ
1662 1196 1799 1256 πᾶν
1840 1184 2005 1256 ὅσον
2048 1191 2408 1274 εἰσέρχεται

387 1283 649 1373 τροφὴν
672 1284 860 1354 διδὸν
887 1293 983 1376 τῷ
1003 1285 1287 1372 σώματι,
1323 1282 1398 1352 τὸ
1426 1284 1497 1353 δὲ
1518 1286 1742 1370 λόγων
1764 1294 1942 1372 νᾶμα
1964 1291 2085 1366 ἔξω
2110 1289 2268 1370 ῥέον
2290 1288 2405 1354 καὶ

386 1381 767 1470 ὑπηρετοῦν
800 1383 1125 1471 φρονήσει
1157 1383 1510 1452 κάλλιστον
1546 1386 1654 1451 καὶ
1688 1384 1959 1471 ἄριστον
1982 1383 2253 1452 πάντων
2276 1410 2406 1451 να-

387 1481 633 1568 μάτων.
680 1479 805 1568 την
841 1479 902 1548 δ’
942 1473 1033 1548 αὖ
1050 1477 1357 1568 κεφαλὴν
1399 1479 1553 1549 οῦτε
1594 1481 1807 1567 μόνον
1852 1478 2154 1569 ὀστεΐνην
2196 1480 2405 1567 ψιλὴν

387 1577 680 1646 δυνατὸν
700 1581 821 1667 έᾷν
842 1570 930 1665 ἦν
953 1576 1062 1647 διὰ
1083 1579 1208 1666 τὴν
1229 1581 1303 1646 έν
1323 1590 1465 1658 ταῖς
1494 1578 1693 1665 ὥραις
1709 1577 1816 1665 ἐφ’
1846 1578 2158 1665 ἑκάτερον
2191 1576 2401 1663 ῦπερ-·

384 1677 617 1764 βολήν,
661 1674 808 1744 οὔτ’
861 1670 951 1744 αὖ
995 1681 1512 1758 ξυσκιασθεῖσαν
1550 1675 1792 1763 κωφὴν
1834 1678 1945 1744 καὶ
1984 1673 2402 1764 ἀναίσθητον

388 1772 496 1841 διὰ
520 1772 642 1842 τὸν
674 1781 813 1842 τῶν
834 1782 1104 1859 σαρκῶν
1131 1772 1331 1860 ὄχλον
1354 1778 1673 1861 περιιδεῖν
1696 1775 2101 1861 γιγνομένην
2116 1798 2131 1813 ·
2176 1781 2295 1860 τῆς
2316 1771 2399 1858 δὴ

282 1883 351 1940 76
389 1874 818 1956 σαρκοειδοῦς
849 1870 1116 1957 φύσεως
1149 1869 1233 1939 οὐ
1266 1873 1906 1958 καταξηραινομένης
1937 1875 2147 1957 λέμμα
2180 1877 2402 1957 μεῖζον

385 1968 939 2056 περιγιγνόμενον
954 1972 1310 2090 ἐχωρίζετο,
1329 1974 1534 2057 δέρμα
1554 1968 1627 2037 τὰ
1652 1976 1783 2038 νῦν
1793 1970 2176 2056 λεγόμενον.
2199 1977 2400 2037 τοῦτο

385 2071 456 2134 δὲ
480 2066 587 2134 διὰ
611 2065 737 2153 τὴν
757 2068 905 2153 περὶ
936 2065 1061 2135 τὸν
1079 2070 1450 2154 ἐγκέφαλον
1481 2072 1710 2136 νοτίδα
1744 2067 1975 2147 ξυνιόν
2021 2064 2186 2135 αὐτὸ
2232 2065 2403 2150 πρὸς

386 2160 548 2231 αὑτὸ
574 2168 684 2233 καὶ
705 2165 1084 2251 βλαστάνον
1104 2164 1331 2255 κυκλω
1353 2168 1873 2252 περιημφιέννυε
1905 2163 2029 2251 τὴν
2059 2164 2396 2251 κεφαλήν·

382 2258 424 2347 ἡ
456 2261 528 2331 δὲ
550 2265 728 2342 νοτὶς
758 2259 888 2330 ὑπὸ
918 2288 1034 2342 τας
1065 2262 1283 2350 ῥαφὰς
1320 2261 1601 2330 ἀνιοῦσα
1633 2254 1795 2350 ἦρδε
1829 2265 1941 2330 καὶ
1972 2263 2402 2330 συνέκλεισεν

384 2356 546 2427 αὐτὰ
586 2360 690 2428 ἐπὶ
710 2357 834 2446 τὴν
876 2359 1208 2447 κορυφήν,
1255 2355 1402 2429 οἷον
1435 2358 1621 2447 ἅμμα
1667 2363 2166 2446 ξυναγαγοῦσα,
2210 2359 2286 2427 τὸ
2327 2357 2400 2428 δὲ

381 2483 518 2525 των
538 2459 779 2543 ῥαφοῖν
799 2455 1229 2526 παντοδαπὸν
1262 2455 1435 2537 εἶδος
1455 2463 1690 2543 γέγονε
1723 2456 1833 2525 διὰ
1867 2455 1991 2544 τὴν
2011 2483 2148 2525 των
2169 2457 2401 2541 περιό-

383 2559 521 2623 δων
545 2555 833 2642 δύναμιν
857 2557 966 2625 καὶ
986 2564 1101 2642 τῆς
1142 2564 1414 2643 τροφῆς,
1455 2561 1717 2642 μᾶλλον
1755 2557 1878 2642 μὲν
1918 2551 2228 2641 ἀλλήλοις
2268 2581 2402 2641 μα-

311 2669 348 2718 Β
383 2657 684 2740 χομένων
726 2654 986 2723 τούτων
1027 2659 1323 2741 πλείους,
1366 2645 1566 2741 ἦττον
1600 2656 1671 2721 δὲ
1713 2654 2042 2732 ἐλάττους.
2079 2659 2278 2720 τοῦτο
2316 2650 2400 2740 δὴ

381 2755 521 2818 πᾶν
541 2748 615 2818 τὰ
639 2754 845 2838 δέρμα
873 2751 1098 2842 κῦκλω
1132 2756 1503 2820 κατεκέντει
1537 2752 1698 2838 πυρὶ
1730 2748 1805 2819 τὸ
1835 2759 2051 2834 θετον,
2093 2752 2402 2869 τρωθέν-

379 2875 492 2928 τος
514 2848 586 2918 δὲ
619 2850 730 2918 καὶ
770 2856 887 2936 τῆς
927 2851 1202 2936 ἰκμάδος
1235 2853 1359 2931 ἔξω
1394 2846 1482 2916 δι’
1510 2847 1724 2918 αὐτοῦ
1741 2850 2127 2969 φερομένης
2158 2845 2235 2914 τὰ
2272 2851 2401 2932 μὲν

383 2941 596 3032 ὑγρὸν
627 2949 739 3017 καὶ
770 2945 1033 3035 θερμὰν
1066 2945 1231 3016 οσον
1265 2945 1681 3035 εἱλικρινὲς’
1640 2946 1900 3034 απῄειν,
1944 2943 2019 3013 τό
2056 2944 2127 3014 δὲ
2159 2943 2401 3031 μικτὸν

382 3044 446 3121 ἐξ
467 3033 567 3111 ών
587 3046 697 3113 καὶ
717 3044 792 3112 τὸ
816 3037 1087 3133 δέρμα
1042 3071 1150 3132 ην,
1189 3044 1549 3132 αἰρόμενον
1570 3046 1697 3132 μὲν
1728 3041 1860 3112 ὑπὸ
1895 3049 2012 3131 τῆς
2030 3067 2251 3129 φορας
2271 3046 2400 3123 ἔξω

379 3139 641 3226 μακρὰν
661 3143 960 3228 ἐτείνετο,
995 3142 1357 3229 λεπτότητα
1391 3153 1543 3230 ἴσην
1563 3148 1715 3230 ἔχον
1736 3168 1827 3233 τω
1850 3139 2398 3228 κατακεντήματι,

380 3238 491 3305 διὰ
534 3240 606 3305 δὲ
657 3242 1037 3328 βραδυτῆτα
1081 3239 1577 3328 ἀπωθούμενον
1614 3238 1749 3308 ὑπὸ
1794 3247 1919 3308 τοῦ
1961 3244 2399 3325 περιεστωτος

384 3338 637 3413 ἔξωθεν
660 3335 1031 3422 πνεύματος
1060 3338 1260 3408 πάλιν
1287 3340 1473 3420 ἐντὸς
1495 3336 1627 3407 ὑπὸ
1650 3336 1725 3407 τὸ
1764 3340 1971 3426 δέρμα
2005 3335 2398 3423 εἰλλόμενον

308 3451 344 3498 c
380 3434 862 3520 κατερριζοῦτο,
884 3437 996 3503 καὶ
1013 3436 1180 3505 κατὰ
1197 3445 1407 3507 ταῦτα
1431 3435 1512 3526 δὴ
1534 3434 1615 3506 τὰ
1629 3438 1820 3524 πάθη
1841 3435 1916 3505 τὰ
1939 3442 2179 3523 τριχῶν
2197 3436 2395 3522 γένος
