2602 3928
939 216 1518 277 ΠΟΛΙΤΕΙΑΣ
1548 209 1621 289 γ’.
2193 217 2280 282 83

264 369 488 456 ὥσπερ
506 371 622 451 τάς
668 369 1020 459 άρμονίας,
1067 374 1341 460 φράσαι.
1404 373 1594 444 Ἀλλά
1630 374 1723 462 μὰ
1745 378 1859 446 Δῖ
1876 426 1896 462 ,
1942 387 2104 464 ἔφη,
2150 376 2278 448 οὐκ

259 475 385 557 ἔχω
408 473 647 557 λέγειν.
687 469 791 540 ὅτι
809 476 934 558 μὲν
954 471 1084 558 γὰρ
1105 470 1245 558 τρί’
1274 470 1437 540 ἅττα
1460 477 1636 542 ἐστὶν
1658 479 1821 560 εἴδη,
1848 477 1913 554 ἐξ
1937 467 2036 542 οἷν
2054 479 2131 544 αἱ
2150 477 2281 563 βά-

261 589 399 648 σεις
419 571 812 657 πλέκονται,
856 568 1079 657 ὥσπερ
1117 575 1191 639 ἐν
1224 586 1362 648 τοῖς
1396 573 1726 657 φθόγγοις
1758 577 2064 658 τέτταρα,
2108 570 2280 640 ὅθεν

263 672 339 735 αἰ
358 674 567 735 πᾶσαι
587 663 928 753 ἁρμονίαι,
950 671 1354 755 τεθεαμένος
1376 663 1463 736 ἄν
1485 677 1730 754 εἴποιμι
1751 694 1764 708 ·
1809 682 1965 737 ποτα
1985 670 2058 735 δὲ
2079 674 2277 737 ποίου

265 772 421 851 βίου
441 764 812 851 μιμήματα,
835 770 1052 852 λέγειν
1086 765 1213 834 οὐκ
1251 772 1396 851 ἔχω.
1456 764 1652 833 Ἀλλά
1675 773 1884 833 ταῦτα
1907 770 2061 851 μέν,
2097 758 2186 852 ἦν
2207 765 2264 835 d'
2298 773 2344 826 Β

261 864 424 948 ἐγώ,
454 864 565 930 καὶ
600 861 765 949 μετὰ
783 863 1118 950 Δάμωνος
1135 863 1668 952 βουλευσόμεθα,
1702 871 1876 942 τίνες
1903 891 1973 931 τε
1997 862 2276 932 άνελευ-

261 967 495 1045 θερίας
515 964 623 1028 καὶ
642 960 903 1049 ὕβρεως
925 958 969 1047 ἢ
1002 968 1242 1049 μανίας
1273 964 1384 1030 καὶ
1405 960 1608 1047 ἄλλης
1639 968 1871 1041 κακίας
1903 966 2276 1046 πρέπουσαι

261 1058 517 1146 βάσεις,
560 1060 674 1127 καὶ
694 1065 877 1138 τίνας
897 1074 1032 1138 τοῖς
1052 1063 1377 1138 ἐναντίοις
1400 1062 1698 1128 λειπτέον
1718 1061 2043 1146 ῥυθμούς.
2096 1058 2276 1146 οἶμαι

263 1160 339 1227 δέ
355 1183 437 1244 με
459 1154 821 1243 άκηκοέναι
853 1154 935 1223 οὐ
972 1166 1204 1242 σαφῶς
1226 1157 1542 1225 ἐνόπλιόν
1561 1161 1635 1226 τέ
1654 1184 1802 1225 τινα
1836 1155 2276 1244 ὀνομάζοντος

262 1253 474 1322 αὐτοῦ
507 1255 837 1335 ξύνθετον
879 1257 990 1322 καὶ
1033 1254 1365 1323 δάκτυλον
1408 1256 1519 1322 καὶ
1550 1252 1782 1343 ἡρῷόν
1812 1281 1921 1340 γε,
1966 1253 2091 1323 οὐκ
2124 1255 2273 1323 οἶδα

263 1349 440 1429 ὅπως
462 1354 982 1438 διακοσμοῦντος
1004 1355 1114 1421 καὶ
1137 1362 1286 1421 ἴσον
1311 1351 1453 1420 ἅνω
1473 1355 1583 1420 καὶ
1618 1351 1799 1420 κάτώ
1821 1356 2153 1433 τιθέντος,-
2183 1360 2273 1432 είς

260 1448 475 1536 βραχύ
495 1475 565 1516 τε
598 1451 708 1519 καὶ
728 1447 988 1535 μακρὰν
1013 1450 1448 1536 γιγνόμενον,
1491 1456 1636 1535 καί,
1684 1448 1773 1529 ὥς
1806 1443 2084 1542 ἐγῷμαι,
2127 1461 2271 1536 ἰαμ-

262 1555 389 1633 βον
407 1552 526 1615 καί
540 1544 656 1615 τιν’
685 1545 894 1616 ἄλλον
914 1561 1225 1634 τροχαῖον
1260 1546 1590 1633 ὠνόμαζε,
1639 1549 1816 1635 μήκη
1856 1550 1929 1618 δὲ
1961 1552 2071 1618 καὶ
2104 1556 2270 1635 βρα-

263 1644 543 1730 χύτητας
564 1653 932 1731 προσῆπτε·
993 1649 1104 1715 καὶ
1135 1645 1396 1713 τούτων
1428 1649 1601 1713 τισὶν
1633 1645 1814 1732 οἶμαι
1847 1645 1963 1723 τὰς
2005 1646 2272 1732 ἀγωγὰς
2310 1668 2348 1721 c

263 1748 383 1809 τοῦ
405 1742 608 1820 ποδὸς
628 1739 839 1811 αὐτὸν
868 1740 992 1829 οὐχ
1013 1736 1216 1830 ἦττον
1236 1745 1468 1828 ψέγειν
1498 1744 1702 1810 τεκαὶ
1730 1747 2024 1811 ἐπαινεῖν
2043 1740 2087 1830 ἦ
2116 1742 2271 1822 τοὺς

214 1902 221 1905 ,
259 1839 567 1926 ῥυθμοὺς
589 1838 865 1926 αὐτούς,
909 1842 1056 1929 η”τοι
1087 1841 1595 1928 ξυναμφότερόν
1629 1868 1721 1909 τι·
1746 1839 1831 1908 οὐ
1862 1843 1992 1927 γὰρ
2024 1849 2149 1927 ἔχω
2173 1844 2272 1909 λέ-

256 1964 437 2025 γειν.
480 1935 647 2008 ἄλλα
668 1947 878 2009 ταῦτα
904 1941 1061 2027 μέν,
1108 1938 1332 2023 ὥσπερ
1371 1937 1593 2025 εἶπον,
1639 1945 1732 2018 εἰς
1752 1941 2055 2026 Δάμωνα
2104 1937 2269 2006 ἀνα-

258 2034 616 2123 βεβλήσθω
631 2062 646 2076 ·
710 2038 1049 2105 διελέσθαι
1069 2035 1199 2122 γάρ
1223 2035 1309 2104 οὐ
1330 2044 1615 2123 σμικροῦ
1639 2036 1874 2123 λόγου·
1921 2033 1965 2123 ἦ
2001 2037 2091 2104 σύ
2114 2046 2270 2116 οἴει;

263 2130 382 2202 Mo}
405 2129 546 2220 Δί’,
571 2130 698 2202 οὐκ
719 2138 944 2220 ἔγωγε.
1002 2133 1198 2203 Ἀλλά
1240 2135 1394 2203 τόδε
1414 2160 1526 2220 γε,
1569 2131 1673 2202 ὅτι
1692 2135 1766 2201 τὸ
1796 2142 1912 2221 τῆς
1946 2132 2274 2219 εὐσχημο-

259 2231 471 2319 σύνης
491 2257 563 2300 τε
585 2235 694 2300 καὶ
728 2228 1194 2318 ἀσχημοσύνης
1211 2241 1306 2321 τῷ
1346 2229 1669 2322 εὐρύθμῳ
1691 2257 1762 2300 τε
1792 2234 1900 2299 καὶ
1941 2230 2273 2321 ἀρρύθμῳ

260 2328 658 2413 ἀκολουθεῖ,
704 2328 990 2396 δύνασαι
1022 2333 1390 2410 διελέσθαις
1459 2337 1614 2409 Πῶς
1647 2325 1710 2397 δ’
1738 2327 1858 2409 οῦς
1904 2326 2095 2396 Ἀλλὰ
2138 2327 2272 2414 μὴν

257 2425 331 2496 τὰ
367 2427 721 2513 εὔρυθμόν
747 2453 826 2513 γε
872 2429 984 2495 καὶ
1023 2425 1099 2494 τό
1145 2427 1502 2514 ἄρρυθμον
1535 2427 1608 2494 τὸ
1632 2430 1755 2512 μὲν
1789 2434 1870 2514 τῇ
1903 2435 2071 2516 καλῇ
2102 2429 2270 2504 λέξει
2303 2438 2347 2489 D

260 2527 482 2594 ἕπεται
529 2522 1007 2612 ὁμοιούμενον,
1049 2521 1123 2591 τὸ
1168 2524 1241 2593 δὲ
1276 2532 1357 2613 τῇ
1389 2528 1686 2612 ἐναντία,
1731 2524 1840 2591 καὶ
1874 2521 1948 2591 τό
1986 2521 2266 2609 εὐάρμο-

259 2644 420 2690 στον
444 2625 553 2693 καὶ
578 2621 1002 2710 ἀνάρμοστον
1026 2621 1341 2700 ὡσαύτως
1360 2672 1380 2707 ,
1427 2620 1894 2707 εἴπερ·ρυθμός
1916 2647 1991 2706 γε
2022 2623 2131 2689 καὶ
2154 2619 2265 2702 ἁρ-

257 2730 455 2806 μονία
478 2720 688 2812 λόγῳ,
715 2720 939 2804 ὥσπερ
962 2721 1113 2804 ἄρτι
1134 2722 1426 2806 ἐλέγετο,
1461 2719 1628 2787 ἀλλὰ
1664 2721 1753 2805 μὴ
1779 2720 1976 2804 λόγος
1998 2719 2276 2796 τούτοις.

254 2816 446 2888 Ἀλλά
469 2819 602 2906 μήν
618 2871 635 2898 ,
676 2811 720 2904 ἦ
744 2818 810 2887 δ’
838 2817 947 2905 ὅς,
993 2820 1201 2887 ταῦτά
1219 2844 1297 2904 γε
1320 2818 1498 2908 λόγῳ
1521 2816 2036 2903 ἀκολουθητέον.
2112 2823 2196 2884 Τι’
2213 2813 2272 2884 δ’

259 2915 557 3001 ὁτρόπος
578 2926 693 3004 τῆς
712 2919 977 3003 λέξεως,
1018 2909 1108 3004 ἦν
1130 2916 1182 2983 δ’
1208 2917 1371 3002 ἐγαί,
1422 2919 1530 2984 καὶ
1566 2913 1602 2984 ὁ
1634 2914 1865 3000 λόγος;
1909 2911 1993 2981 οὐ
2026 2922 2119 3003 τῷ
2160 2920 2276 2997 τῆς

259 3025 471 3103 ψυχῆς
497 3015 646 3102 ἤθει
670 3018 926 3098 ἕπεται;
964 3023 1121 3094 Πῶς
1141 3014 1270 3100 γὰρ
1295 3014 1413 3096 οῦς
1445 3023 1542 3102 Τῇ
1566 3015 1637 3082 δὲ
1657 3018 1823 3093 λέξει
1844 3005 2082 3096 τᾶλλα;
2119 3021 2270 3083 Ναί.

260 3114 554 3201 Εὐλογία
578 3114 708 3199 ἄρα
728 3117 839 3184 καὶ
862 3112 1261 3201 εὐαρμοστία
1284 3117 1394 3182 καὶ
1410 3112 1873 3200 εὐσχημοσύνη
1890 3115 1998 3179 καὶ
2016 3111 2272 3193 εὐρυθ-

260 3222 376 3299 μία
421 3211 700 3301 εὐηθείᾳ
743 3212 1136 3294 ἀκολουθεῖ,
1187 3209 1310 3298 οὐχ
1332 3210 1417 3297 ἢν
1434 3212 1673 3280 ἄνοιαν
1706 3204 1918 3278 οὖσαν
1964 3208 2275 3293 ὑποκορι-
2311 3228 2351 3278 E

262 3314 525 3400 ζόμενοι
551 3319 886 3398 καλοῦμεν
911 3310 1000 3392 ὥς
1034 3312 1353 3399 εὐήθειαν
1370 3363 1389 3397 ,
1435 3310 1602 3380 άλλά
1634 3308 1758 3397 τὴν
1783 3306 1871 3387 ὡς
1894 3307 2163 3394 άληθῶς
2200 3301 2279 3376 εὐ

259 3437 330 3480 τε
350 3413 459 3480 καὶ
479 3418 697 3488 καλῶς
717 3408 792 3478 τὸ
814 3401 988 3496 ἦθος
1016 3413 1638 3496 κατεσκευασμένην
1662 3407 1983 3550 διάνοιὲκῖ.
2021 3406 2278 3472 namo?-
