2602 3928
325 209 453 275 334
1055 204 1627 265 ΠΛΑΤΩΝΟΣ
2268 216 2336 269 10

328 368 394 439 δ’
418 366 602 448 ἐκτὸς
624 363 721 436 ὢν
742 364 955 433 πάντα
977 362 1016 432 ὅ
1039 389 1102 432 τι
1118 363 1398 449 μάλιστα
1417 364 1735 448 γενέσθαι
1758 362 2094 450 ἐβουλήθη
2119 387 2297 449 παρα

327 467 574 555 πλήσια
616 467 827 555 ἑαυτῷ
842 489 855 502 ·
896 463 1147 548 ταύτην
1189 462 1261 527 δὲ
1294 464 1615 545 γενέσεως
1646 461 1758 528 καὶ
1790 462 2049 548 κόσμου
2082 458 2334 548 μάλιστ’

326 565 414 634 ἄν
434 590 530 643 τις
551 559 761 649 ἀρχὴν
782 559 1200 646 κυριωτάτην
1220 557 1381 641 παρ’
1413 555 1684 641 ἀνδρῶν
1711 566 2061 646 φρονίμων
2090 560 2340 628 ἀποδε-

230 676 302 731 30
328 665 609 752 χόμενος
624 659 959 744 ὀρθότατα
989 653 1361 743 ἀποδέχοιτ’
1395 656 1498 724 ἄν.
1543 661 1902 744 βουληθεὶς
1926 657 2058 746 γὰρ
2103 657 2138 726 ὁ
2176 656 2340 738 θεὸς

326 758 551 848 ἀγαθοὶ
573 760 698 846 μὲν
717 757 954 843 πάντα,
979 763 1286 842 φλαῦρον
1309 754 1381 823 δὲ
1413 754 1621 841 μηδὲν
1644 754 1813 823 εἶναι
1835 755 2001 825 κατὰ
2024 758 2339 844 δύναμιν,

326 859 505 928 οὕτω
541 858 624 943 δὴ
661 863 798 923 πᾶν
828 852 995 922 ὅσον
1027 846 1114 939 ἦν
1158 851 1406 936 ὁρατὸν
1453 852 1861 941 παραλαβων
1897 853 2020 940 οὐχ
2055 853 2342 941 ἡσυχίαν

328 957 497 1042 άγον
520 952 688 1023 ἀλλὰ
705 950 1105 1038 κινούμενον
1127 957 1524 1036 πλημμελως
1545 950 1724 1019 καὶ’
1686 952 2003 1038 ἀτάκτως,
2028 957 2121 1029 εἰς
2150 952 2340 1031 τάξιν

328 1052 491 1123 αὐτὸ
528 1053 776 1139 ἤγαγεν
813 1053 885 1118 ἐκ
930 1075 1042 1137 της
1077 1045 1358 1133 ἀταξίας,
1402 1045 1820 1135 ἡγησάμενος
1851 1053 2062 1117 έκεῖνο
2093 1050 2342 1118 τούτου

329 1153 593 1229 πάντως
627 1150 919 1236 ἄμεινον.
965 1151 1157 1232 θέμις
1190 1148 1262 1214 δὲ
1294 1143 1441 1214 ουτ’
1478 1138 1570 1232 ἦν
1609 1144 1753 1214 ουτ’
1804 1152 1941 1215 ἔστι
1941 1154 2072 1267 τῷ
2093 1145 2341 1236 ἀρίστῳ

330 1255 502 1337 δρᾷν
522 1247 685 1315 άλλο
708 1244 883 1331 πλὴν
901 1243 976 1313 τὸ
1007 1245 1391 1313 κάλλιστον·
1431 1242 1861 1329 λογισάμενος
1883 1236 2011 1311 οὖν
2033 1241 2342 1331 ευρισκεν

259 1369 299 1420 Β
338 1349 413 1414 ἐκ
434 1354 572 1413 τῶν
597 1343 762 1412 κατὰ
787 1344 997 1430 φύσιν
1017 1339 1277 1429 ὁρατῶν
1298 1339 1550 1411 οῦδὲν’
1509 1341 1799 1429 ανόητον
1818 1350 1942 1410 τοῦ
1963 1351 2130 1410 νοῦν
2152 1347 2341 1429 ἔχον-

329 1469 442 1521 τος
482 1440 643 1511 ολον
682 1440 849 1510 ολου
878 1441 1157 1510 κάλλιον
1190 1445 1470 1510 ἔσεσθαί
1495 1464 1654 1509 ποτε
1685 1445 1905 1526 ἔργον,
1946 1448 2119 1508 νοῦν
2151 1439 2215 1507 δ’
2249 1467 2335 1507 ατ

331 1543 529 1628 χωρὶς
556 1546 768 1626 ψυχῆς
789 1536 1129 1608 ἀδύνατον
1151 1541 1650 1625 παραγενέσθαι
1671 1564 1779 1627 τω.
1831 1539 1941 1606 διὰ
1965 1538 2046 1627 δὴ
2081 1538 2201 1608 τὸν
2220 1547 2342 1608 λο-

329 1635 574 1724 γισμόν
591 1635 786 1704 τόνδε
807 1643 976 1704 νοῦν
998 1635 1120 1722 μὲν
1145 1639 1218 1704 ἐν
1239 1645 1439 1724 ψυχῇ,
1463 1635 1684 1722 ψυχὴν
1707 1605 1779 1705 δὲ
1801 1618 1878 1704 έν
1904 1635 2158 1722 σώματι
2181 1642 2342 1717 ξυν-

332 1758 516 1813 ιστας
560 1735 633 1802 τὰ
666 1742 803 1802 πᾶν
850 1738 1399 1818 ξυνετεκταίνετο,
1447 1733 1627 1814 ὅπως
1669 1763 1704 1802 ο
1747 1762 1810 1803 τι
1841 1735 2196 1803 κάλλιστον
2237 1745 2338 1822 εἴη

332 1830 496 1900 κατὰ
520 1831 728 1918 φύσιν
760 1831 1039 1915 αριστόν
1060 1857 1131 1899 τε
1154 1837 1355 1916 ἔργον
1379 1827 1913 1917 ἀπειργασμένος.
1979 1858 2192 1911 ουτως
2213 1859 2340 1901 ουν

334 1931 416 2016 δη
454 1928 619 1998 κατὰ
659 1929 864 2015 λόγον
904 1927 1023 1997 τὸν
1066 1926 1286 1997 εἰκότα
1313 1933 1418 1996 δει
1442 1932 1678 2014 λέγειν,
1705 1929 1900 1999 τόνδε
1937 1926 2058 1998 τόν
2084 1930 2342 2017 κόσμον

333 2034 503 2107 ζῶον
526 2033 823 2113 ἔμψυχον
841 2031 1085 2095 ἔννουν
1106 2052 1177 2094 τε
1198 2033 1279 2112 τῇ
1300 2025 1582 2115 ἀληθείᾳ
1603 2024 1713 2095 διὰ
1748 2024 1872 2114 τὴν
1893 2035 2016 2096 τοῦ
2035 2037 2208 2096 θεοῦ
2226 2055 2339 2115 γε-

271 2140 309 2190 c
334 2126 573 2191 νέσθαι
615 2124 942 2206 πρόνοιαν
959 2150 973 2165 ·
1009 2124 1254 2193 τούτου
1287 2122 1353 2191 δ’
1389 2122 1802 2210 ὑπάρχοντος
1841 2117 1931 2192 αὖ
1966 2124 2048 2192 τὰ
2083 2128 2341 2205 τούτοις

332 2222 567 2305 ἐφεξῆς
587 2215 745 2305 ἡμῖν
765 2222 1052 2303 λεκτέον,
1075 2226 1206 2287 τίνι
1238 2228 1376 2287 τῶν
1407 2221 1593 2301 ζώων
1623 2218 1833 2289 αὐτὸν
1867 2227 1959 2299 εἰς
1987 2220 2341 2307 ὁμοιότητα

334 2315 370 2385 ὁ
395 2313 701 2397 ξυνιστὰς
722 2318 1092 2404 ξυνέστησε.
1134 2325 1272 2384 τῶν
1290 2320 1414 2403 μὲν
1433 2312 1563 2386 οὖν
1585 2323 1657 2386 έν
1676 2323 1918 2405 μέρους
1939 2325 2100 2387 εῖδει
2119 2343 2339 2406 πεφυυ

331 2415 552 2482 κότων
595 2415 828 2501 μηδενὶ
871 2414 1377 2500 καταξιώσωμεν
1397 2441 1412 2456 ·
1459 2414 1680 2484 ἀτελεῖ
1703 2415 1833 2501 γάρ
1875 2415 2091 2495 ἐοικὸς
2137 2415 2343 2484 οὐδέν

334 2508 485 2580 ποτ’
512 2509 597 2579 ἂν
618 2512 877 2596 γένοιτο
899 2511 1134 2579 καλόν·
1181 2502 1265 2578 οὗ
1288 2509 1352 2577 δ’
1381 2517 1515 2580 ἔστι
1536 2505 1742 2580 τᾶλλα
1775 2519 1907 2594 ζαῖα
1942 2510 2105 2581 καθ’
2134 2517 2208 2581 ἓν
2229 2515 2344 2582 καὶ

335 2608 501 2679 κατὰ
524 2611 685 2694 γένη
717 2606 940 2694 μόρια,
960 2609 1178 2698 τούτῳ
1212 2609 1487 2678 πάντων
1522 2609 1918 2696 ὁμοιότατον
1941 2609 2148 2681 αὐτὸν
2171 2610 2344 2679 εἶναι

331 2715 645 2792 τιθῶμεν.
703 2703 783 2772 τά
825 2703 953 2792 γάρ
986 2702 1066 2791 δὴ
1102 2703 1308 2792 νοητά
1340 2712 1470 2787 ζῶα
1488 2753 1493 2756 -
1511 2708 1729 2776 πάντα
1763 2713 1971 2778 έκεῖνο
2014 2712 2090 2777 ἐν
2128 2710 2345 2797 ἑαυτῷ

333 2801 691 2890 περιλαβὸν
722 2809 871 2888 ἔχει,
895 2802 1204 2887 καθάπερ
1229 2800 1345 2870 ὅδε
1366 2801 1402 2869 ὁ
1438 2802 1682 2889 κόσμος
1712 2802 1885 2890 ἡμᾶς
1906 2805 2031 2871 ὅσα
2069 2830 2139 2871 τε
2173 2804 2344 2872 ἄλλα

264 2924 305 2973 D
335 2905 679 2987 θρέμματα
702 2902 1098 2986 ξυνέστηκεν
1117 2896 1345 2983 ὁρατά.
1366 2908 1458 2986 τῷ
1470 2898 1601 2987 γὰρ
1619 2909 1756 2970 ταῖν
1772 2906 2158 2988 νοουμένων
2178 2909 2344 2968 καλ-

331 3005 529 3089 λίστῳ
552 3003 660 3066 καὶ
680 2998 847 3067 κατὰ
870 2995 1089 3065 πάντα
1105 3000 1304 3088 τελέῳ
1325 2997 1608 3083 μάλιστα
1630 2998 1838 3067 αὐτὸν
1859 2996 1894 3066 ὁ
1918 2997 2345 3084 θεὸςόμοιῶ-

336 3118 448 3165 σαι
473 3099 832 3184 βουληθεὶς
864 3102 1034 3175 ζῶον
1066 3098 1143 3164 ἓν
1183 3092 1449 3183 ὁρατόν,
1495 3096 1711 3165 πάνθ’
1756 3095 1880 3165 ὅσα
1924 3096 2135 3164 αὐτοῦ
2173 3094 2345 3163 κατὰ

234 3215 299 3269 31
336 3193 547 3283 φύσιν
570 3197 853 3279 ξυγγενῆ
876 3198 1005 3273 ζῶα
1028 3191 1213 3272 ἐντὸς
1236 3199 1388 3280 ἔχον
1409 3196 1669 3281 ἑαυτοῦ,
1707 3198 2077 3281 ξυνέστησε.
2142 3193 2331 3261 πότε·

335 3319 457 3378 ρον
494 3283 619 3358 οὖν
656 3289 879 3377 ὀρθοῖς
915 3292 1033 3358 ἕνα
1068 3291 1367 3375 οὐρανὸν
1397 3292 1940 3378 προσειρήκαμεν,
1973 3286 2020 3377 ἦ
2050 3287 2348 3370 πολλοὺς

332 3391 440 3457 καὶ
484 3386 798 3473 ἀπείρους
840 3391 1058 3474 λέγειν
1084 3382 1169 3475 ἦν
1206 3389 1603 3478 όρθότερον;
1644 3391 1781 3475 ἕνα,
1829 3398 2010 3475 εἴπερ
2052 3386 2218 3456 κατὰ
2261 3409 2331 3455 τε
