<?xml version="1.0" encoding="UTF-8"?>
<!DOCTYPE html PUBLIC "-//W3C//DTD XHTML 1.0 Transitional//EN"
    "http://www.w3.org/TR/xhtml1/DTD/xhtml1-transitional.dtd">
<html xmlns="http://www.w3.org/1999/xhtml" xml:lang="en" lang="en">
 <head>
  <title>
</title>
<meta http-equiv="Content-Type" content="text/html;charset=utf-8" />
  <meta name='ocr-system' content='tesseract 3.04.00' />
  <meta name='ocr-capabilities' content='ocr_page ocr_carea ocr_par ocr_line ocrx_word'/>
</head>
<body>
  <div class='ocr_page' id='page_1' title='image "./dialogisecundum07platgoog_0281.png"; bbox 0 0 2602 3928; ppageno 0'>
   <div class='ocr_carea' id='block_1_1' title="bbox 721 244 2217 327">
    <p class='ocr_par' dir='ltr' id='par_1_1' title="bbox 721 244 2217 327">
     <span class='ocr_line' id='line_1_1' title="bbox 721 244 2217 327; baseline 0.002 -20"><span class='ocrx_word' id='word_1_1' title='bbox 721 299 729 307; x_wconf 88' lang='lat'><strong><em>.</em></strong></span> <span class='ocrx_word' id='word_1_2' title='bbox 852 251 1432 311; x_wconf 79' lang='grc' dir='ltr'><em>ΠΟΛΙΤΕΙΑΣ</em></span> <span class='ocrx_word' id='word_1_3' title='bbox 1477 246 1549 327; x_wconf 80' lang='grc' dir='ltr'><strong><em>η’.</em></strong></span> <span class='ocrx_word' id='word_1_4' title='bbox 2087 244 2217 312; x_wconf 76' lang='lat'><strong><em>245</em></strong></span> 
     </span>
    </p>
   </div>
   <div class='ocr_carea' id='block_1_2' title="bbox 125 401 2358 3538">
    <p class='ocr_par' dir='ltr' id='par_1_2' title="bbox 196 401 2286 1577">
     <span class='ocr_line' id='line_1_2' title="bbox 201 401 2213 499; baseline -0 -21"><span class='ocrx_word' id='word_1_5' title='bbox 201 419 325 479; x_wconf 79' lang='grc' dir='ltr'><strong><em>τοῦ</em></strong></span> <span class='ocrx_word' id='word_1_6' title='bbox 353 419 561 499; x_wconf 81' lang='grc' dir='ltr'><strong><em>χοροῦ</em></strong></span> <span class='ocrx_word' id='word_1_7' title='bbox 595 411 913 498; x_wconf 77' lang='grc' dir='ltr'><strong><em>ἐστήσατο</em></strong></span> <span class='ocrx_word' id='word_1_8' title='bbox 957 412 1068 478; x_wconf 79' lang='grc' dir='ltr'><strong><em>καὶ</em></strong></span> <span class='ocrx_word' id='word_1_9' title='bbox 1107 414 1290 495; x_wconf 89' lang='grc' dir='ltr'><strong><em>ἐτίμα</em></strong></span> <span class='ocrx_word' id='word_1_10' title='bbox 1326 410 1628 494; x_wconf 87' lang='grc' dir='ltr'><strong><em>μα’λιστα.</em></strong></span> <span class='ocrx_word' id='word_1_11' title='bbox 1675 402 1801 493; x_wconf 82' lang='grc' dir='ltr'><strong><em>Εὖ,</em></strong></span> <span class='ocrx_word' id='word_1_12' title='bbox 1838 401 1926 496; x_wconf 81' lang='grc' dir='ltr'><strong><em>ἦν</em></strong></span> <span class='ocrx_word' id='word_1_13' title='bbox 1965 407 2028 475; x_wconf 88' lang='grc' dir='ltr'><strong><em>δ’</em></strong></span> <span class='ocrx_word' id='word_1_14' title='bbox 2066 408 2213 493; x_wconf 70' lang='grc' dir='ltr'><strong><em>ἐγώ.</em></strong></span> 
     </span>
     <span class='ocr_line' id='line_1_3' title="bbox 200 503 2216 594; baseline -0.003 -17"><span class='ocrx_word' id='word_1_15' title='bbox 200 508 349 577; x_wconf 85' lang='grc' dir='ltr'><strong><em>τόδε</em></strong></span> <span class='ocrx_word' id='word_1_16' title='bbox 374 508 444 577; x_wconf 71' lang='grc' dir='ltr'><strong><em>δὲ</em></strong></span> <span class='ocrx_word' id='word_1_17' title='bbox 473 507 729 577; x_wconf 86' lang='grc' dir='ltr'><strong><em>σκόπει.</em></strong></span> <span class='ocrx_word' id='word_1_18' title='bbox 775 507 1193 593; x_wconf 64' lang='grc' dir='ltr'><strong><em>κηφηνώδεις</em></strong></span> <span class='ocrx_word' id='word_1_19' title='bbox 1220 510 1580 593; x_wconf 78' lang='grc' dir='ltr'><strong><em>ἐπιθυμίας</em></strong></span> <span class='ocrx_word' id='word_1_20' title='bbox 1606 510 1682 575; x_wconf 85' lang='grc' dir='ltr'><strong><em>ἐν</em></strong></span> <span class='ocrx_word' id='word_1_21' title='bbox 1717 503 1901 594; x_wconf 75' lang='grc' dir='ltr'><strong><em>αὐτῷ</em></strong></span> <span class='ocrx_word' id='word_1_22' title='bbox 1938 503 2045 573; x_wconf 73' lang='grc' dir='ltr'><strong><em>διὰ</em></strong></span> <span class='ocrx_word' id='word_1_23' title='bbox 2090 503 2216 590; x_wconf 85' lang='grc' dir='ltr'><strong><em>τὴν</em></strong></span> 
     </span>
     <span class='ocr_line' id='line_1_4' title="bbox 196 601 2213 691; baseline -0.002 -19"><span class='ocrx_word' id='word_1_24' title='bbox 196 603 635 674; x_wconf 72' lang='grc' dir='ltr'><strong><em>ἀπαιδευσίαν</em></strong></span> <span class='ocrx_word' id='word_1_25' title='bbox 671 605 760 691; x_wconf 80' lang='grc' dir='ltr'><strong><em>μὴ</em></strong></span> <span class='ocrx_word' id='word_1_26' title='bbox 803 610 1041 690; x_wconf 85' lang='grc' dir='ltr'><strong><em>φῶμεν</em></strong></span> <span class='ocrx_word' id='word_1_27' title='bbox 1072 605 1521 691; x_wconf 88' lang='grc' dir='ltr'><strong><em>ἐγγίγνεσθαι,</em></strong></span> <span class='ocrx_word' id='word_1_28' title='bbox 1557 603 1673 684; x_wconf 82' lang='grc' dir='ltr'><strong><em>τάς</em></strong></span> <span class='ocrx_word' id='word_1_29' title='bbox 1703 604 1827 690; x_wconf 74' lang='grc' dir='ltr'><strong><em>μὲν</em></strong></span> <span class='ocrx_word' id='word_1_30' title='bbox 1861 601 2213 687; x_wconf 78' lang='grc' dir='ltr'><strong><em>πτωχικάς,</em></strong></span> 
     </span>
     <span class='ocr_line' id='line_1_5' title="bbox 197 697 2285 789; baseline -0.003 -20"><span class='ocrx_word' id='word_1_31' title='bbox 197 702 313 782; x_wconf 85' lang='grc' dir='ltr'><strong><em>τάς</em></strong></span> <span class='ocrx_word' id='word_1_32' title='bbox 332 700 407 770; x_wconf 73' lang='grc' dir='ltr'><strong><em>δὲ</em></strong></span> <span class='ocrx_word' id='word_1_33' title='bbox 426 701 873 788; x_wconf 74' lang='grc' dir='ltr'><strong><em>κακούργους,</em></strong></span> <span class='ocrx_word' id='word_1_34' title='bbox 907 705 1344 787; x_wconf 81' lang='grc' dir='ltr'><strong><em>κατεχομένας</em></strong></span> <span class='ocrx_word' id='word_1_35' title='bbox 1375 707 1490 789; x_wconf 74' lang='grc' dir='ltr'><strong><em>βία</em></strong></span> <span class='ocrx_word' id='word_1_36' title='bbox 1522 698 1654 768; x_wconf 78' lang='grc' dir='ltr'><strong><em>ὑπὸ</em></strong></span> <span class='ocrx_word' id='word_1_37' title='bbox 1691 707 1806 786; x_wconf 90' lang='grc' dir='ltr'><strong><em>τῆς</em></strong></span> <span class='ocrx_word' id='word_1_38' title='bbox 1840 697 2042 785; x_wconf 73' lang='grc' dir='ltr'><strong><em>ἄλλης</em></strong></span> <span class='ocrx_word' id='word_1_39' title='bbox 2075 702 2218 766; x_wconf 85' lang='grc' dir='ltr'><strong><em>ἐπι-</em></strong></span> <span class='ocrx_word' id='word_1_40' title='bbox 2246 711 2285 762; x_wconf 84' lang='lat' dir='ltr'>G</span> 
     </span>
     <span class='ocr_line' id='line_1_6' title="bbox 197 792 2218 887; baseline -0.002 -19"><span class='ocrx_word' id='word_1_41' title='bbox 197 805 489 887; x_wconf 82' lang='grc' dir='ltr'><strong><em>μελείας;</em></strong></span> <span class='ocrx_word' id='word_1_42' title='bbox 535 801 666 868; x_wconf 84' lang='grc' dir='ltr'><strong><em>Καὶ</em></strong></span> <span class='ocrx_word' id='word_1_43' title='bbox 686 796 869 885; x_wconf 79' lang='grc' dir='ltr'><strong><em>μάλ’,</em></strong></span> <span class='ocrx_word' id='word_1_44' title='bbox 893 803 1045 885; x_wconf 77' lang='grc' dir='ltr'><strong><em>ἔφη.</em></strong></span> <span class='ocrx_word' id='word_1_45' title='bbox 1086 795 1289 866; x_wconf 87' lang='grc' dir='ltr'><strong><em>Οἷσθ’</em></strong></span> <span class='ocrx_word' id='word_1_46' title='bbox 1318 792 1467 884; x_wconf 78' lang='grc' dir='ltr'><strong><em>οὖν,</em></strong></span> <span class='ocrx_word' id='word_1_47' title='bbox 1492 797 1700 885; x_wconf 81' lang='grc' dir='ltr'><strong><em>εἷπον,</em></strong></span> <span class='ocrx_word' id='word_1_48' title='bbox 1738 792 1809 866; x_wconf 86' lang='grc' dir='ltr'><strong><em>οἷ</em></strong></span> <span class='ocrx_word' id='word_1_49' title='bbox 1836 796 2218 884; x_wconf 74' lang='grc' dir='ltr'><strong><em>ἀποβλέψας</em></strong></span> 
     </span>
     <span class='ocr_line' id='line_1_7' title="bbox 199 894 2220 984; baseline -0.002 -17"><span class='ocrx_word' id='word_1_50' title='bbox 199 897 478 980; x_wconf 81' lang='grc' dir='ltr'><strong><em>κατόψει</em></strong></span> <span class='ocrx_word' id='word_1_51' title='bbox 510 895 737 966; x_wconf 79' lang='grc' dir='ltr'><strong><em>αὐτῶν</em></strong></span> <span class='ocrx_word' id='word_1_52' title='bbox 770 897 887 977; x_wconf 74' lang='grc' dir='ltr'><strong><em>τὰς</em></strong></span> <span class='ocrx_word' id='word_1_53' title='bbox 921 903 1375 984; x_wconf 80' lang='grc' dir='ltr'><strong><em>κακουργίας;</em></strong></span> <span class='ocrx_word' id='word_1_54' title='bbox 1391 905 1552 979; x_wconf 82' lang='grc' dir='ltr'><strong><em>Ποῖ;</em></strong></span> <span class='ocrx_word' id='word_1_55' title='bbox 1590 901 1738 983; x_wconf 80' lang='grc' dir='ltr'><strong><em>ἔφη.</em></strong></span> <span class='ocrx_word' id='word_1_56' title='bbox 1783 903 1902 976; x_wconf 80' lang='grc' dir='ltr'><strong><em>Εἰς</em></strong></span> <span class='ocrx_word' id='word_1_57' title='bbox 1936 894 2053 975; x_wconf 81' lang='grc' dir='ltr'><strong><em>τάς</em></strong></span> <span class='ocrx_word' id='word_1_58' title='bbox 2081 904 2220 963; x_wconf 85' lang='grc' dir='ltr'><strong><em>τῶν</em></strong></span> 
     </span>
     <span class='ocr_line' id='line_1_8' title="bbox 198 993 2218 1083; baseline -0.001 -19"><span class='ocrx_word' id='word_1_59' title='bbox 198 995 529 1082; x_wconf 81' lang='grc' dir='ltr'><strong><em>ὀρφανῶν</em></strong></span> <span class='ocrx_word' id='word_1_60' title='bbox 571 995 1062 1083; x_wconf 74' lang='grc' dir='ltr'><strong><em>ἐπιτροπεύσεις</em></strong></span> <span class='ocrx_word' id='word_1_61' title='bbox 1103 997 1210 1062; x_wconf 78' lang='grc' dir='ltr'><strong><em>καὶ</em></strong></span> <span class='ocrx_word' id='word_1_62' title='bbox 1254 1004 1323 1064; x_wconf 75' lang='grc' dir='ltr'><strong><em>εἴ</em></strong></span> <span class='ocrx_word' id='word_1_63' title='bbox 1358 994 1494 1062; x_wconf 87' lang='grc' dir='ltr'><strong><em>πού</em></strong></span> <span class='ocrx_word' id='word_1_64' title='bbox 1537 1021 1601 1062; x_wconf 91' lang='grc' dir='ltr'><strong><em>τι</em></strong></span> <span class='ocrx_word' id='word_1_65' title='bbox 1643 993 1868 1074; x_wconf 77' lang='grc' dir='ltr'><strong><em>αὐτοῖς</em></strong></span> <span class='ocrx_word' id='word_1_66' title='bbox 1909 1000 2218 1062; x_wconf 88' lang='grc' dir='ltr'><strong><em>τοιοῦτον</em></strong></span> 
     </span>
     <span class='ocr_line' id='line_1_9' title="bbox 197 1089 2214 1181; baseline -0.002 -20"><span class='ocrx_word' id='word_1_67' title='bbox 197 1099 565 1181; x_wconf 79' lang='grc' dir='ltr'><strong><em>ξυμβαίνει,</em></strong></span> <span class='ocrx_word' id='word_1_68' title='bbox 611 1092 780 1162; x_wconf 88' lang='grc' dir='ltr'><strong><em>ωστε</em></strong></span> <span class='ocrx_word' id='word_1_69' title='bbox 821 1100 1069 1179; x_wconf 83' lang='grc' dir='ltr'><strong><em>πολλῆς</em></strong></span> <span class='ocrx_word' id='word_1_70' title='bbox 1104 1095 1402 1172; x_wconf 77' lang='grc' dir='ltr'><strong><em>ἐξουσίας</em></strong></span> <span class='ocrx_word' id='word_1_71' title='bbox 1431 1096 1753 1180; x_wconf 72' lang='grc' dir='ltr'><strong><em>λαβέσθαι</em></strong></span> <span class='ocrx_word' id='word_1_72' title='bbox 1785 1100 1909 1161; x_wconf 82' lang='grc' dir='ltr'><strong><em>τοῦ</em></strong></span> <span class='ocrx_word' id='word_1_73' title='bbox 1941 1089 2214 1160; x_wconf 77' lang='grc' dir='ltr'><strong><em>ἀδικεῖν.</em></strong></span> 
     </span>
     <span class='ocr_line' id='line_1_10' title="bbox 193 1185 2216 1283; baseline 0 -22"><span class='ocrx_word' id='word_1_74' title='bbox 193 1192 460 1279; x_wconf 80' lang='grc' dir='ltr'><strong><em>Ἀληθῆ.</em></strong></span> <span class='ocrx_word' id='word_1_75' title='bbox 499 1186 643 1281; x_wconf 87' lang='grc' dir='ltr'><strong><em>Αρ’</em></strong></span> <span class='ocrx_word' id='word_1_76' title='bbox 667 1185 798 1261; x_wconf 82' lang='grc' dir='ltr'><strong><em>οὖν</em></strong></span> <span class='ocrx_word' id='word_1_77' title='bbox 818 1219 904 1261; x_wconf 92' lang='grc' dir='ltr'><strong><em>ου</em></strong></span> <span class='ocrx_word' id='word_1_78' title='bbox 926 1193 1140 1283; x_wconf 74' lang='grc' dir='ltr'><strong><em>τούτῳ</em></strong></span> <span class='ocrx_word' id='word_1_79' title='bbox 1173 1192 1467 1280; x_wconf 78' lang='grc' dir='ltr'><strong><em>δῆλον,”</em></strong></span> <span class='ocrx_word' id='word_1_80' title='bbox 1427 1220 1529 1263; x_wconf 90' lang='grc' dir='ltr'><strong><em>οτι</em></strong></span> <span class='ocrx_word' id='word_1_81' title='bbox 1549 1197 1624 1262; x_wconf 87' lang='grc' dir='ltr'><strong><em>ἐν</em></strong></span> <span class='ocrx_word' id='word_1_82' title='bbox 1642 1208 1780 1274; x_wconf 85' lang='grc' dir='ltr'><strong><em>τοῖς</em></strong></span> <span class='ocrx_word' id='word_1_83' title='bbox 1800 1193 2029 1272; x_wconf 89' lang='grc' dir='ltr'><strong><em>αλλοις</em></strong></span> <span class='ocrx_word' id='word_1_84' title='bbox 2049 1198 2216 1279; x_wconf 77' lang='grc' dir='ltr'><strong><em>ξυμ-</em></strong></span> 
     </span>
     <span class='ocr_line' id='line_1_11' title="bbox 200 1287 2212 1389; baseline -0 -30"><span class='ocrx_word' id='word_1_85' title='bbox 200 1288 549 1377; x_wconf 83' lang='grc' dir='ltr'><strong><em>βολαίοις</em></strong></span> <span class='ocrx_word' id='word_1_86' title='bbox 517 1318 554 1359; x_wconf 92' lang='grc' dir='ltr'><strong><em>ο</em></strong></span> <span class='ocrx_word' id='word_1_87' title='bbox 577 1299 895 1375; x_wconf 83' lang='grc' dir='ltr'><strong><em>τοιοῦτος,</em></strong></span> <span class='ocrx_word' id='word_1_88' title='bbox 917 1295 993 1360; x_wconf 88' lang='grc' dir='ltr'><strong><em>ἐν</em></strong></span> <span class='ocrx_word' id='word_1_89' title='bbox 1015 1287 1114 1372; x_wconf 83' lang='grc' dir='ltr'><strong><em>οἶς</em></strong></span> <span class='ocrx_word' id='word_1_90' title='bbox 1134 1291 1472 1389; x_wconf 83' lang='grc' dir='ltr'><strong><em>εὐδοκιμεῖ</em></strong></span> <span class='ocrx_word' id='word_1_91' title='bbox 1504 1296 1724 1361; x_wconf 88' lang='grc' dir='ltr'><strong><em>δοκῶν</em></strong></span> <span class='ocrx_word' id='word_1_92' title='bbox 1748 1296 2000 1371; x_wconf 91' lang='grc' dir='ltr'><strong><em>δίκαιος</em></strong></span> <span class='ocrx_word' id='word_1_93' title='bbox 2019 1290 2212 1379; x_wconf 83' lang='grc' dir='ltr'><strong><em>εἶναι,</em></strong></span> 
     </span>
     <span class='ocr_line' id='line_1_12' title="bbox 196 1377 2286 1481; baseline -0 -23"><span class='ocrx_word' id='word_1_94' title='bbox 196 1393 476 1458; x_wconf 81' lang='grc' dir='ltr'><strong><em>ἐπιεικεῖ</em></strong></span> <span class='ocrx_word' id='word_1_95' title='bbox 502 1392 630 1458; x_wconf 79' lang='grc' dir='ltr'><strong><em>τινὶ</em></strong></span> <span class='ocrx_word' id='word_1_96' title='bbox 671 1391 914 1458; x_wconf 80' lang='grc' dir='ltr'><strong><em>ἑαυτοῦ</em></strong></span> <span class='ocrx_word' id='word_1_97' title='bbox 954 1398 1069 1481; x_wconf 77' lang='grc' dir='ltr'><strong><em>βίᾳ</em></strong></span> <span class='ocrx_word' id='word_1_98' title='bbox 1102 1377 1356 1477; x_wconf 79' lang='grc' dir='ltr'><strong><em>κάτέχει</em></strong></span> <span class='ocrx_word' id='word_1_99' title='bbox 1385 1389 1587 1469; x_wconf 77' lang='grc' dir='ltr'><strong><em>ἄλλας</em></strong></span> <span class='ocrx_word' id='word_1_100' title='bbox 1619 1388 1827 1469; x_wconf 84' lang='grc' dir='ltr'><strong><em>κακάς</em></strong></span> <span class='ocrx_word' id='word_1_101' title='bbox 1858 1393 2215 1476; x_wconf 78' lang='grc' dir='ltr'><strong><em>ἐπιθυμίας</em></strong></span> <span class='ocrx_word' id='word_1_102' title='bbox 2241 1416 2286 1467; x_wconf 78' lang='grc' dir='ltr'><strong><em>ι)</em></strong></span> 
     </span>
     <span class='ocr_line' id='line_1_13' title="bbox 199 1484 2213 1578; baseline 0 -24"><span class='ocrx_word' id='word_1_103' title='bbox 199 1487 503 1571; x_wconf 87' lang='grc' dir='ltr'><strong><em>ἐνούσας,</em></strong></span> <span class='ocrx_word' id='word_1_104' title='bbox 527 1484 613 1555; x_wconf 83' lang='grc' dir='ltr'><strong><em>ού</em></strong></span> <span class='ocrx_word' id='word_1_105' title='bbox 635 1494 917 1573; x_wconf 72' lang='grc' dir='ltr'><strong><em>πείθων,</em></strong></span> <span class='ocrx_word' id='word_1_106' title='bbox 941 1513 1045 1556; x_wconf 91' lang='grc' dir='ltr'><strong><em>οτι</em></strong></span> <span class='ocrx_word' id='word_1_107' title='bbox 1066 1485 1192 1557; x_wconf 85' lang='grc' dir='ltr'><strong><em>ούκ</em></strong></span> <span class='ocrx_word' id='word_1_108' title='bbox 1216 1515 1513 1577; x_wconf 86' lang='grc' dir='ltr'><strong><em>αμεινον,</em></strong></span> <span class='ocrx_word' id='word_1_109' title='bbox 1538 1487 1688 1556; x_wconf 78' lang='grc' dir='ltr'><strong><em>οὐδ’</em></strong></span> <span class='ocrx_word' id='word_1_110' title='bbox 1711 1485 1979 1575; x_wconf 81' lang='grc' dir='ltr'><strong><em>ἡμερῶν</em></strong></span> <span class='ocrx_word' id='word_1_111' title='bbox 2011 1488 2213 1578; x_wconf 73' lang='grc' dir='ltr'><strong><em>λόγῳ,</em></strong></span> 
     </span>
    </p>

    <p class='ocr_par' dir='ltr' id='par_1_3' title="bbox 125 1583 2358 3538">
     <span class='ocr_line' id='line_1_14' title="bbox 125 1583 2212 1675; baseline -0.002 -20"><span class='ocrx_word' id='word_1_112' title='bbox 125 1620 130 1624; x_wconf 63' lang='grc'><strong><em>’</em></strong></span> <span class='ocrx_word' id='word_1_113' title='bbox 200 1583 351 1655; x_wconf 79' lang='grc' dir='ltr'><strong><em>ἀλλ’</em></strong></span> <span class='ocrx_word' id='word_1_114' title='bbox 390 1583 648 1672; x_wconf 74' lang='grc' dir='ltr'><strong><em>ἀνάγκη</em></strong></span> <span class='ocrx_word' id='word_1_115' title='bbox 682 1588 793 1653; x_wconf 79' lang='grc' dir='ltr'><strong><em>καὶ</em></strong></span> <span class='ocrx_word' id='word_1_116' title='bbox 832 1586 1047 1675; x_wconf 73' lang='grc' dir='ltr'><strong><em>φόβῳ,</em></strong></span> <span class='ocrx_word' id='word_1_117' title='bbox 1088 1589 1239 1672; x_wconf 87' lang='grc' dir='ltr'><strong><em>περὶ</em></strong></span> <span class='ocrx_word' id='word_1_118' title='bbox 1269 1594 1386 1674; x_wconf 87' lang='grc' dir='ltr'><strong><em>τῆς</em></strong></span> <span class='ocrx_word' id='word_1_119' title='bbox 1423 1586 1625 1672; x_wconf 89' lang='grc' dir='ltr'><strong><em>αλλης</em></strong></span> <span class='ocrx_word' id='word_1_120' title='bbox 1657 1584 1888 1665; x_wconf 82' lang='grc' dir='ltr'><strong><em>οὐσίας</em></strong></span> <span class='ocrx_word' id='word_1_121' title='bbox 1918 1588 2212 1671; x_wconf 79' lang='grc' dir='ltr'><strong><em>τρέμων;</em></strong></span> 
     </span>
     <span class='ocr_line' id='line_1_15' title="bbox 201 1675 2217 1771; baseline 0.001 -23"><span class='ocrx_word' id='word_1_122' title='bbox 201 1683 336 1749; x_wconf 86' lang='grc' dir='ltr'><strong><em>Καὶ</em></strong></span> <span class='ocrx_word' id='word_1_123' title='bbox 363 1680 629 1766; x_wconf 80' lang='grc' dir='ltr'><strong><em>πάνυγ’</em></strong></span> <span class='ocrx_word' id='word_1_124' title='bbox 635 1731 655 1766; x_wconf 88' lang='grc'><strong><em>,</em></strong></span> <span class='ocrx_word' id='word_1_125' title='bbox 681 1687 834 1769; x_wconf 72' lang='grc' dir='ltr'><strong><em>ἔφη.</em></strong></span> <span class='ocrx_word' id='word_1_126' title='bbox 878 1686 1011 1750; x_wconf 86' lang='grc' dir='ltr'><strong><em>Καὶ</em></strong></span> <span class='ocrx_word' id='word_1_127' title='bbox 1043 1681 1126 1771; x_wconf 81' lang='grc' dir='ltr'><strong><em>νὴ</em></strong></span> <span class='ocrx_word' id='word_1_128' title='bbox 1157 1689 1315 1769; x_wconf 87' lang='grc' dir='ltr'><strong><em>Δία,</em></strong></span> <span class='ocrx_word' id='word_1_129' title='bbox 1355 1675 1447 1769; x_wconf 80' lang='grc' dir='ltr'><strong><em>ἦν</em></strong></span> <span class='ocrx_word' id='word_1_130' title='bbox 1479 1680 1545 1750; x_wconf 84' lang='grc' dir='ltr'><strong><em>δ’</em></strong></span> <span class='ocrx_word' id='word_1_131' title='bbox 1589 1682 1740 1768; x_wconf 72' lang='grc' dir='ltr'><strong><em>ἐγώ,</em></strong></span> <span class='ocrx_word' id='word_1_132' title='bbox 1775 1708 1826 1762; x_wconf 88' lang='grc' dir='ltr'><strong><em>ω</em></strong></span> <span class='ocrx_word' id='word_1_133' title='bbox 1863 1689 2035 1768; x_wconf 85' lang='grc' dir='ltr'><strong><em>φίλε,</em></strong></span> <span class='ocrx_word' id='word_1_134' title='bbox 2077 1697 2217 1761; x_wconf 86' lang='grc' dir='ltr'><strong><em>τοῖς</em></strong></span> 
     </span>
     <span class='ocr_line' id='line_1_16' title="bbox 203 1776 2217 1867; baseline 0.001 -22"><span class='ocrx_word' id='word_1_135' title='bbox 203 1784 473 1857; x_wconf 84' lang='grc' dir='ltr'><strong><em>πολλοῖς</em></strong></span> <span class='ocrx_word' id='word_1_136' title='bbox 506 1804 583 1863; x_wconf 85' lang='grc' dir='ltr'><strong><em>γε</em></strong></span> <span class='ocrx_word' id='word_1_137' title='bbox 613 1776 840 1847; x_wconf 81' lang='grc' dir='ltr'><strong><em>αὐτῶν</em></strong></span> <span class='ocrx_word' id='word_1_138' title='bbox 881 1776 1201 1866; x_wconf 77' lang='grc' dir='ltr'><strong><em>εὑρήσεις,</em></strong></span> <span class='ocrx_word' id='word_1_139' title='bbox 1236 1806 1402 1847; x_wconf 90' lang='grc' dir='ltr'><strong><em>οταν</em></strong></span> <span class='ocrx_word' id='word_1_140' title='bbox 1437 1782 1553 1867; x_wconf 77' lang='grc' dir='ltr'><strong><em>δέῃ</em></strong></span> <span class='ocrx_word' id='word_1_141' title='bbox 1592 1778 1946 1866; x_wconf 87' lang='grc' dir='ltr'><strong><em>τάλλότρια</em></strong></span> <span class='ocrx_word' id='word_1_142' title='bbox 1981 1777 2217 1848; x_wconf 87' lang='grc' dir='ltr'><strong><em>ἀναλί-</em></strong></span> 
     </span>
     <span class='ocr_line' id='line_1_17' title="bbox 203 1874 2214 1967; baseline 0.001 -24"><span class='ocrx_word' id='word_1_143' title='bbox 203 1896 410 1961; x_wconf 87' lang='grc' dir='ltr'><strong><em>σκειν,</em></strong></span> <span class='ocrx_word' id='word_1_144' title='bbox 456 1874 574 1956; x_wconf 77' lang='grc' dir='ltr'><strong><em>τὰς</em></strong></span> <span class='ocrx_word' id='word_1_145' title='bbox 617 1883 741 1945; x_wconf 90' lang='grc' dir='ltr'><strong><em>τοῦ</em></strong></span> <span class='ocrx_word' id='word_1_146' title='bbox 782 1885 1082 1966; x_wconf 83' lang='grc' dir='ltr'><strong><em>κηφῆνος</em></strong></span> <span class='ocrx_word' id='word_1_147' title='bbox 1131 1882 1466 1964; x_wconf 77' lang='grc' dir='ltr'><strong><em>ξυγγενεῖς</em></strong></span> <span class='ocrx_word' id='word_1_148' title='bbox 1507 1881 1788 1958; x_wconf 77' lang='grc' dir='ltr'><strong><em>ἐνούσας</em></strong></span> <span class='ocrx_word' id='word_1_149' title='bbox 1840 1882 2214 1967; x_wconf 82' lang='grc' dir='ltr'><strong><em>ἐπιθυμίας.</em></strong></span> 
     </span>
     <span class='ocr_line' id='line_1_18' title="bbox 199 1968 2217 2065; baseline 0 -20"><span class='ocrx_word' id='word_1_150' title='bbox 199 1979 333 2045; x_wconf 84' lang='grc' dir='ltr'><strong><em>Καὶ</em></strong></span> <span class='ocrx_word' id='word_1_151' title='bbox 355 1975 555 2063; x_wconf 79' lang='grc' dir='ltr'><strong><em>μάλα,</em></strong></span> <span class='ocrx_word' id='word_1_152' title='bbox 578 1968 624 2060; x_wconf 83' lang='grc' dir='ltr'><strong><em>ἦ</em></strong></span> <span class='ocrx_word' id='word_1_153' title='bbox 654 1974 717 2045; x_wconf 86' lang='grc' dir='ltr'><strong><em>δ’</em></strong></span> <span class='ocrx_word' id='word_1_154' title='bbox 740 1974 837 2062; x_wconf 81' lang='grc' dir='ltr'><strong><em>ὅς,</em></strong></span> <span class='ocrx_word' id='word_1_155' title='bbox 876 1978 1158 2063; x_wconf 85' lang='grc' dir='ltr'><strong><em>σφόδρα.</em></strong></span> <span class='ocrx_word' id='word_1_156' title='bbox 1201 1976 1347 2045; x_wconf 88' lang='grc' dir='ltr'><strong><em>Ούκ</em></strong></span> <span class='ocrx_word' id='word_1_157' title='bbox 1379 1976 1494 2063; x_wconf 71' lang='grc' dir='ltr'><strong><em>ἄρ’</em></strong></span> <span class='ocrx_word' id='word_1_158' title='bbox 1532 1975 1621 2047; x_wconf 77' lang='grc' dir='ltr'><strong><em>ἀν</em></strong></span> <span class='ocrx_word' id='word_1_159' title='bbox 1654 1987 1754 2065; x_wconf 82' lang='grc' dir='ltr'><strong><em>εἴη</em></strong></span> <span class='ocrx_word' id='word_1_160' title='bbox 1787 1976 2217 2057; x_wconf 87' lang='grc' dir='ltr'><strong><em>ἀστασίαστος</em></strong></span> 
     </span>
     <span class='ocr_line' id='line_1_19' title="bbox 201 2071 2219 2164; baseline 0 -22"><span class='ocrx_word' id='word_1_161' title='bbox 201 2074 238 2142; x_wconf 86' lang='grc' dir='ltr'>ὁ</span> <span class='ocrx_word' id='word_1_162' title='bbox 262 2081 561 2154; x_wconf 82' lang='grc' dir='ltr'><strong><em>τοιοῦτος</em></strong></span> <span class='ocrx_word' id='word_1_163' title='bbox 580 2078 656 2142; x_wconf 84' lang='grc' dir='ltr'><strong><em>ἐν</em></strong></span> <span class='ocrx_word' id='word_1_164' title='bbox 677 2077 912 2164; x_wconf 73' lang='grc' dir='ltr'><strong><em>ἑαυτῷ,</em></strong></span> <span class='ocrx_word' id='word_1_165' title='bbox 938 2074 1095 2144; x_wconf 77' lang='grc' dir='ltr'><strong><em>οὐδὲ</em></strong></span> <span class='ocrx_word' id='word_1_166' title='bbox 1120 2071 1215 2155; x_wconf 86' lang='grc' dir='ltr'><strong><em>εἷς</em></strong></span> <span class='ocrx_word' id='word_1_167' title='bbox 1234 2074 1402 2146; x_wconf 78' lang='grc' dir='ltr'><strong><em>ἀλλὰ</em></strong></span> <span class='ocrx_word' id='word_1_168' title='bbox 1426 2081 1702 2156; x_wconf 79' lang='grc' dir='ltr'><strong><em>διπλοῦς</em></strong></span> <span class='ocrx_word' id='word_1_169' title='bbox 1721 2104 1837 2161; x_wconf 87' lang='grc' dir='ltr'><strong><em>τις,</em></strong></span> <span class='ocrx_word' id='word_1_170' title='bbox 1861 2079 2219 2163; x_wconf 81' lang='grc' dir='ltr'><strong><em>ἐπιθυμίας</em></strong></span> 
     </span>
     <span class='ocr_line' id='line_1_20' title="bbox 204 2169 2304 2261; baseline 0.001 -22"><span class='ocrx_word' id='word_1_171' title='bbox 204 2176 277 2240; x_wconf 78' lang='grc' dir='ltr'><strong><em>δὲ</em></strong></span> <span class='ocrx_word' id='word_1_172' title='bbox 297 2175 676 2258; x_wconf 73' lang='grc' dir='ltr'><strong><em>ἐπιθυμιῶν</em></strong></span> <span class='ocrx_word' id='word_1_173' title='bbox 697 2170 787 2253; x_wconf 76' lang='grc' dir='ltr'><strong><em>ὥς</em></strong></span> <span class='ocrx_word' id='word_1_174' title='bbox 808 2172 884 2241; x_wconf 83' lang='grc' dir='ltr'><strong><em>τὸ</em></strong></span> <span class='ocrx_word' id='word_1_175' title='bbox 907 2172 1080 2241; x_wconf 77' lang='grc' dir='ltr'><strong><em>πολὺ</em></strong></span> <span class='ocrx_word' id='word_1_176' title='bbox 1104 2173 1477 2257; x_wconf 72' lang='grc' dir='ltr'><strong><em>κρατούσας</em></strong></span> <span class='ocrx_word' id='word_1_177' title='bbox 1497 2169 1584 2242; x_wconf 75' lang='grc' dir='ltr'><strong><em>ἀν</em></strong></span> <span class='ocrx_word' id='word_1_178' title='bbox 1604 2179 1740 2260; x_wconf 83' lang='grc' dir='ltr'><strong><em>ἔχοι</em></strong></span> <span class='ocrx_word' id='word_1_179' title='bbox 1757 2180 2058 2261; x_wconf 88' lang='grc' dir='ltr'><strong><em>βελτίους</em></strong></span> <span class='ocrx_word' id='word_1_180' title='bbox 2082 2199 2215 2261; x_wconf 79' lang='grc' dir='ltr'><strong><em>χει-</em></strong></span> <span class='ocrx_word' id='word_1_181' title='bbox 2265 2194 2304 2243; x_wconf 74' lang='grc' dir='ltr'>Β</span> 
     </span>
     <span class='ocr_line' id='line_1_21' title="bbox 206 2269 2220 2359; baseline 0.001 -22"><span class='ocrx_word' id='word_1_182' title='bbox 206 2271 450 2355; x_wconf 86' lang='grc' dir='ltr'><strong><em>ρόνων.</em></strong></span> <span class='ocrx_word' id='word_1_183' title='bbox 498 2271 719 2338; x_wconf 71' lang='grc' dir='ltr'><strong><em>Ἔστιν</em></strong></span> <span class='ocrx_word' id='word_1_184' title='bbox 751 2269 981 2351; x_wconf 79' lang='grc' dir='ltr'><strong><em>οὕτως.</em></strong></span> <span class='ocrx_word' id='word_1_185' title='bbox 1036 2271 1172 2340; x_wconf 80' lang='grc' dir='ltr'><strong><em>Διά</em></strong></span> <span class='ocrx_word' id='word_1_186' title='bbox 1203 2279 1412 2339; x_wconf 83' lang='grc' dir='ltr'><strong><em>ταῦτα</em></strong></span> <span class='ocrx_word' id='word_1_187' title='bbox 1451 2271 1555 2359; x_wconf 85' lang='grc' dir='ltr'><strong><em>δή,</em></strong></span> <span class='ocrx_word' id='word_1_188' title='bbox 1587 2271 1786 2359; x_wconf 83' lang='grc' dir='ltr'><strong><em>οἶμαι,</em></strong></span> <span class='ocrx_word' id='word_1_189' title='bbox 1817 2271 2220 2358; x_wconf 81' lang='grc' dir='ltr'><strong><em>εὐσχημονέ-</em></strong></span> 
     </span>
     <span class='ocr_line' id='line_1_22' title="bbox 203 2364 2221 2458; baseline 0.001 -24"><span class='ocrx_word' id='word_1_190' title='bbox 203 2389 434 2452; x_wconf 88' lang='grc' dir='ltr'><strong><em>στερος</em></strong></span> <span class='ocrx_word' id='word_1_191' title='bbox 474 2364 562 2434; x_wconf 74' lang='grc' dir='ltr'><strong><em>ἂν</em></strong></span> <span class='ocrx_word' id='word_1_192' title='bbox 601 2375 871 2436; x_wconf 87' lang='grc' dir='ltr'><strong><em>πολλῶν</em></strong></span> <span class='ocrx_word' id='word_1_193' title='bbox 904 2367 941 2437; x_wconf 85' lang='grc' dir='ltr'><strong><em>ὁ</em></strong></span> <span class='ocrx_word' id='word_1_194' title='bbox 986 2376 1286 2448; x_wconf 88' lang='grc' dir='ltr'><strong><em>τοιοῦτος</em></strong></span> <span class='ocrx_word' id='word_1_195' title='bbox 1330 2379 1429 2458; x_wconf 75' lang='grc' dir='ltr'><strong><em>εἴη</em></strong></span> <span class='ocrx_word' id='word_1_196' title='bbox 1446 2398 1460 2411; x_wconf 86' lang='grc'>·</span> <span class='ocrx_word' id='word_1_197' title='bbox 1517 2368 1952 2457; x_wconf 82' lang='grc' dir='ltr'><strong><em>ὁμονοητικῆς</em></strong></span> <span class='ocrx_word' id='word_1_198' title='bbox 1992 2370 2064 2438; x_wconf 73' lang='grc' dir='ltr'><strong><em>δὲ</em></strong></span> <span class='ocrx_word' id='word_1_199' title='bbox 2112 2369 2221 2437; x_wconf 81' lang='grc' dir='ltr'><strong><em>καὶ</em></strong></span> 
     </span>
     <span class='ocr_line' id='line_1_23' title="bbox 200 2464 2222 2554; baseline 0 -21"><span class='ocrx_word' id='word_1_200' title='bbox 200 2464 621 2552; x_wconf 82' lang='grc' dir='ltr'><strong><em>ἡρμοσμένης</em></strong></span> <span class='ocrx_word' id='word_1_201' title='bbox 639 2474 755 2553; x_wconf 87' lang='grc' dir='ltr'><strong><em>τῆς</em></strong></span> <span class='ocrx_word' id='word_1_202' title='bbox 772 2474 985 2553; x_wconf 79' lang='grc' dir='ltr'><strong><em>ψυχῆς</em></strong></span> <span class='ocrx_word' id='word_1_203' title='bbox 1004 2465 1262 2554; x_wconf 79' lang='grc' dir='ltr'><strong><em>ἀληθὴς</em></strong></span> <span class='ocrx_word' id='word_1_204' title='bbox 1283 2466 1482 2554; x_wconf 84' lang='grc' dir='ltr'><strong><em>ἀρετὴ</em></strong></span> <span class='ocrx_word' id='word_1_205' title='bbox 1506 2468 1737 2553; x_wconf 82' lang='grc' dir='ltr'><strong><em>πόρρω</em></strong></span> <span class='ocrx_word' id='word_1_206' title='bbox 1760 2494 1874 2536; x_wconf 92' lang='grc' dir='ltr'><strong><em>ποι</em></strong></span> <span class='ocrx_word' id='word_1_207' title='bbox 1906 2467 2222 2553; x_wconf 83' lang='grc' dir='ltr'><strong><em>ἐκφεύγοι</em></strong></span> 
     </span>
     <span class='ocr_line' id='line_1_24' title="bbox 206 2561 2219 2653; baseline 0 -23"><span class='ocrx_word' id='word_1_208' title='bbox 206 2561 297 2630; x_wconf 77' lang='grc' dir='ltr'><strong><em>ἂν</em></strong></span> <span class='ocrx_word' id='word_1_209' title='bbox 326 2562 555 2632; x_wconf 82' lang='grc' dir='ltr'><strong><em>αὐτόν.</em></strong></span> <span class='ocrx_word' id='word_1_210' title='bbox 594 2572 810 2632; x_wconf 80' lang='grc' dir='ltr'><strong><em>Δοκεῖ</em></strong></span> <span class='ocrx_word' id='word_1_211' title='bbox 835 2590 966 2651; x_wconf 90' lang='grc' dir='ltr'><strong><em>μοι.</em></strong></span> <span class='ocrx_word' id='word_1_212' title='bbox 1012 2568 1142 2633; x_wconf 80' lang='grc' dir='ltr'><strong><em>Καὶ</em></strong></span> <span class='ocrx_word' id='word_1_213' title='bbox 1176 2565 1311 2652; x_wconf 81' lang='grc' dir='ltr'><strong><em>μὴν</em></strong></span> <span class='ocrx_word' id='word_1_214' title='bbox 1341 2564 1834 2652; x_wconf 83' lang='grc' dir='ltr'><strong><em>ἀνταγωνιστής</em></strong></span> <span class='ocrx_word' id='word_1_215' title='bbox 1864 2591 1940 2650; x_wconf 86' lang='grc' dir='ltr'><strong><em>γε</em></strong></span> <span class='ocrx_word' id='word_1_216' title='bbox 1973 2570 2109 2653; x_wconf 80' lang='grc' dir='ltr'><strong><em>ἰδίᾳ</em></strong></span> <span class='ocrx_word' id='word_1_217' title='bbox 2144 2567 2219 2632; x_wconf 87' lang='grc' dir='ltr'><strong><em>ἐν</em></strong></span> 
     </span>
     <span class='ocr_line' id='line_1_25' title="bbox 204 2658 2358 2750; baseline 0 -22"><span class='ocrx_word' id='word_1_218' title='bbox 204 2662 395 2730; x_wconf 85' lang='grc' dir='ltr'><strong><em>πόλει</em></strong></span> <span class='ocrx_word' id='word_1_219' title='bbox 417 2658 452 2729; x_wconf 84' lang='grc' dir='ltr'>ὁ</span> <span class='ocrx_word' id='word_1_220' title='bbox 473 2660 800 2747; x_wconf 82' lang='grc' dir='ltr'><strong><em>φειδωλὸς</em></strong></span> <span class='ocrx_word' id='word_1_221' title='bbox 815 2670 1075 2749; x_wconf 85' lang='grc' dir='ltr'><strong><em>φαῦλος</em></strong></span> <span class='ocrx_word' id='word_1_222' title='bbox 1092 2662 1138 2749; x_wconf 84' lang='grc' dir='ltr'>ἥ</span> <span class='ocrx_word' id='word_1_223' title='bbox 1155 2688 1335 2741; x_wconf 89' lang='grc' dir='ltr'><strong><em>τινος</em></strong></span> <span class='ocrx_word' id='word_1_224' title='bbox 1355 2670 1542 2750; x_wconf 85' lang='grc' dir='ltr'><strong><em>νίκης</em></strong></span> <span class='ocrx_word' id='word_1_225' title='bbox 1559 2659 1605 2750; x_wconf 82' lang='grc' dir='ltr'><strong><em>ἦ</em></strong></span> <span class='ocrx_word' id='word_1_226' title='bbox 1625 2664 1829 2748; x_wconf 70' lang='grc' dir='ltr'><strong><em>ἄλλης</em></strong></span> <span class='ocrx_word' id='word_1_227' title='bbox 1849 2668 2221 2748; x_wconf 87' lang='grc' dir='ltr'><strong><em>φιλοτιμίας</em></strong></span> <span class='ocrx_word' id='word_1_228' title='bbox 2252 2687 2358 2742; x_wconf 78' lang='lat'><strong><em>555</em></strong></span> 
     </span>
     <span class='ocr_line' id='line_1_26' title="bbox 205 2761 2221 2849; baseline 0.001 -21"><span class='ocrx_word' id='word_1_229' title='bbox 205 2768 344 2829; x_wconf 88' lang='grc' dir='ltr'><strong><em>τῶν</em></strong></span> <span class='ocrx_word' id='word_1_230' title='bbox 378 2768 626 2845; x_wconf 87' lang='grc' dir='ltr'><strong><em>καλῶν,</em></strong></span> <span class='ocrx_word' id='word_1_231' title='bbox 662 2761 959 2849; x_wconf 77' lang='grc' dir='ltr'><strong><em>χρήματά</em></strong></span> <span class='ocrx_word' id='word_1_232' title='bbox 992 2787 1064 2830; x_wconf 90' lang='grc' dir='ltr'><strong><em>τε</em></strong></span> <span class='ocrx_word' id='word_1_233' title='bbox 1095 2761 1223 2829; x_wconf 82' lang='grc' dir='ltr'><strong><em>οὐκ</em></strong></span> <span class='ocrx_word' id='word_1_234' title='bbox 1258 2765 1514 2830; x_wconf 81' lang='grc' dir='ltr'><strong><em>ἐθέλων</em></strong></span> <span class='ocrx_word' id='word_1_235' title='bbox 1553 2761 1848 2843; x_wconf 79' lang='grc' dir='ltr'><strong><em>εὐδοξίας</em></strong></span> <span class='ocrx_word' id='word_1_236' title='bbox 1881 2765 2075 2829; x_wconf 80' lang='grc' dir='ltr'><strong><em>ἕνεκα</em></strong></span> <span class='ocrx_word' id='word_1_237' title='bbox 2109 2765 2221 2830; x_wconf 81' lang='grc' dir='ltr'><strong><em>καὶ</em></strong></span> 
     </span>
     <span class='ocr_line' id='line_1_27' title="bbox 203 2858 2222 2947; baseline 0.002 -21"><span class='ocrx_word' id='word_1_238' title='bbox 203 2866 342 2927; x_wconf 86' lang='grc' dir='ltr'><strong><em>τῶν</em></strong></span> <span class='ocrx_word' id='word_1_239' title='bbox 360 2860 687 2928; x_wconf 86' lang='grc' dir='ltr'><strong><em>τοιούτων</em></strong></span> <span class='ocrx_word' id='word_1_240' title='bbox 715 2858 1001 2945; x_wconf 71' lang='grc' dir='ltr'><strong><em>ἀγώνων</em></strong></span> <span class='ocrx_word' id='word_1_241' title='bbox 1026 2858 1434 2947; x_wconf 86' lang='grc' dir='ltr'><strong><em>ἀναλίσκειν,</em></strong></span> <span class='ocrx_word' id='word_1_242' title='bbox 1457 2860 1689 2941; x_wconf 81' lang='grc' dir='ltr'><strong><em>δεδιως</em></strong></span> <span class='ocrx_word' id='word_1_243' title='bbox 1717 2860 1834 2940; x_wconf 76' lang='grc' dir='ltr'><strong><em>τὰς</em></strong></span> <span class='ocrx_word' id='word_1_244' title='bbox 1864 2864 2222 2947; x_wconf 87' lang='grc' dir='ltr'><strong><em>ἐπιθυμίας</em></strong></span> 
     </span>
     <span class='ocr_line' id='line_1_28' title="bbox 206 2955 2222 3047; baseline 0.002 -23"><span class='ocrx_word' id='word_1_245' title='bbox 206 2959 323 3035; x_wconf 84' lang='grc' dir='ltr'><strong><em>τὰς</em></strong></span> <span class='ocrx_word' id='word_1_246' title='bbox 356 2955 767 3036; x_wconf 76' lang='grc' dir='ltr'><strong><em>ἀναλωτικὰς</em></strong></span> <span class='ocrx_word' id='word_1_247' title='bbox 799 2961 1082 3046; x_wconf 86' lang='grc' dir='ltr'><strong><em>ἐγείρειν</em></strong></span> <span class='ocrx_word' id='word_1_248' title='bbox 1112 2962 1223 3026; x_wconf 85' lang='grc' dir='ltr'><strong><em>καὶ</em></strong></span> <span class='ocrx_word' id='word_1_249' title='bbox 1257 2961 1793 3045; x_wconf 80' lang='grc' dir='ltr'><strong><em>ξυμπαρακαλεῖν</em></strong></span> <span class='ocrx_word' id='word_1_250' title='bbox 1826 2960 1931 3027; x_wconf 85' lang='grc' dir='ltr'><strong><em>ἐπὶ</em></strong></span> <span class='ocrx_word' id='word_1_251' title='bbox 1967 2964 2222 3047; x_wconf 80' lang='grc' dir='ltr'><strong><em>ξυμμα-</em></strong></span> 
     </span>
     <span class='ocr_line' id='line_1_29' title="bbox 205 3055 2220 3144; baseline 0.002 -22"><span class='ocrx_word' id='word_1_252' title='bbox 205 3061 356 3139; x_wconf 88' lang='grc' dir='ltr'><strong><em>χίαν</em></strong></span> <span class='ocrx_word' id='word_1_253' title='bbox 375 3079 446 3121; x_wconf 86' lang='grc' dir='ltr'><strong><em>τε</em></strong></span> <span class='ocrx_word' id='word_1_254' title='bbox 466 3057 576 3122; x_wconf 82' lang='grc' dir='ltr'><strong><em>καὶ</em></strong></span> <span class='ocrx_word' id='word_1_255' title='bbox 588 3063 1021 3143; x_wconf 88' lang='grc' dir='ltr'><strong><em>φιλονεικίαν,</em></strong></span> <span class='ocrx_word' id='word_1_256' title='bbox 1036 3055 1282 3141; x_wconf 84' lang='grc' dir='ltr'><strong><em>ὀλίγοις</em></strong></span> <span class='ocrx_word' id='word_1_257' title='bbox 1303 3061 1476 3126; x_wconf 86' lang='grc' dir='ltr'><strong><em>τισὶν</em></strong></span> <span class='ocrx_word' id='word_1_258' title='bbox 1496 3059 1739 3126; x_wconf 77' lang='grc' dir='ltr'><strong><em>ἑαυτοῦ</em></strong></span> <span class='ocrx_word' id='word_1_259' title='bbox 1756 3065 2067 3144; x_wconf 86' lang='grc' dir='ltr'><strong><em>πολεμῶν</em></strong></span> <span class='ocrx_word' id='word_1_260' title='bbox 2090 3057 2220 3127; x_wconf 82' lang='grc' dir='ltr'><strong><em>ὀλι-</em></strong></span> 
     </span>
     <span class='ocr_line' id='line_1_30' title="bbox 205 3152 2220 3242; baseline 0.003 -24"><span class='ocrx_word' id='word_1_261' title='bbox 205 3161 532 3242; x_wconf 85' lang='grc' dir='ltr'><strong><em>γαρχικῶς</em></strong></span> <span class='ocrx_word' id='word_1_262' title='bbox 551 3152 632 3220; x_wconf 82' lang='grc' dir='ltr'><strong><em>τὰ</em></strong></span> <span class='ocrx_word' id='word_1_263' title='bbox 665 3153 877 3223; x_wconf 77' lang='grc' dir='ltr'><strong><em>πολλὰ</em></strong></span> <span class='ocrx_word' id='word_1_264' title='bbox 898 3152 1168 3241; x_wconf 81' lang='grc' dir='ltr'><strong><em>ἡττᾶται</em></strong></span> <span class='ocrx_word' id='word_1_265' title='bbox 1194 3157 1307 3223; x_wconf 85' lang='grc' dir='ltr'><strong><em>καὶ</em></strong></span> <span class='ocrx_word' id='word_1_266' title='bbox 1328 3164 1614 3226; x_wconf 85' lang='grc' dir='ltr'><strong><em>πλουτεῖ.</em></strong></span> <span class='ocrx_word' id='word_1_267' title='bbox 1678 3158 1809 3224; x_wconf 73' lang='grc' dir='ltr'><strong><em>Καὶ</em></strong></span> <span class='ocrx_word' id='word_1_268' title='bbox 1836 3155 2033 3241; x_wconf 75' lang='grc' dir='ltr'><strong><em>μάλα,</em></strong></span> <span class='ocrx_word' id='word_1_269' title='bbox 2073 3160 2220 3242; x_wconf 77' lang='grc' dir='ltr'><strong><em>ἔφη.</em></strong></span> 
     </span>
     <span class='ocr_line' id='line_1_31' title="bbox 194 3242 2222 3341; baseline 0.001 -25"><span class='ocrx_word' id='word_1_270' title='bbox 194 3250 331 3316; x_wconf 82' lang='grc' dir='ltr'><strong><em>Ἔτι</em></strong></span> <span class='ocrx_word' id='word_1_271' title='bbox 352 3242 505 3337; x_wconf 81' lang='grc' dir='ltr'><strong><em>οὖν,</em></strong></span> <span class='ocrx_word' id='word_1_272' title='bbox 526 3242 613 3336; x_wconf 81' lang='grc' dir='ltr'><strong><em>ἦν</em></strong></span> <span class='ocrx_word' id='word_1_273' title='bbox 637 3248 700 3318; x_wconf 87' lang='grc' dir='ltr'><strong><em>δ’</em></strong></span> <span class='ocrx_word' id='word_1_274' title='bbox 737 3253 890 3339; x_wconf 69' lang='grc' dir='ltr'><strong><em>ἐγώ,</em></strong></span> <span class='ocrx_word' id='word_1_275' title='bbox 916 3251 1346 3339; x_wconf 81' lang='grc' dir='ltr'><strong><em>ἀπιστοῦμεν,</em></strong></span> <span class='ocrx_word' id='word_1_276' title='bbox 1374 3252 1462 3341; x_wconf 84' lang='grc' dir='ltr'><strong><em>μὴ</em></strong></span> <span class='ocrx_word' id='word_1_277' title='bbox 1491 3255 1657 3324; x_wconf 78' lang='grc' dir='ltr'><strong><em>κατὰ</em></strong></span> <span class='ocrx_word' id='word_1_278' title='bbox 1682 3253 1804 3341; x_wconf 88' lang='grc' dir='ltr'><strong><em>τὴν</em></strong></span> <span class='ocrx_word' id='word_1_279' title='bbox 1827 3253 2222 3338; x_wconf 86' lang='grc' dir='ltr'><strong><em>ὀλιγαρχου-</em></strong></span> 
     </span>
     <span class='ocr_line' id='line_1_32' title="bbox 206 3347 2223 3439; baseline 0 -24"><span class='ocrx_word' id='word_1_280' title='bbox 206 3354 418 3436; x_wconf 85' lang='grc' dir='ltr'><strong><em>μένην</em></strong></span> <span class='ocrx_word' id='word_1_281' title='bbox 438 3350 640 3419; x_wconf 90' lang='grc' dir='ltr'><strong><em>πόλιν</em></strong></span> <span class='ocrx_word' id='word_1_282' title='bbox 661 3347 995 3439; x_wconf 86' lang='grc' dir='ltr'><strong><em>ὁμοιότητι</em></strong></span> <span class='ocrx_word' id='word_1_283' title='bbox 1015 3350 1137 3421; x_wconf 83' lang='grc' dir='ltr'><strong><em>τὸν</em></strong></span> <span class='ocrx_word' id='word_1_284' title='bbox 1161 3353 1497 3437; x_wconf 86' lang='grc' dir='ltr'><strong><em>φειδωλόν</em></strong></span> <span class='ocrx_word' id='word_1_285' title='bbox 1530 3379 1600 3421; x_wconf 89' lang='grc' dir='ltr'><strong><em>τε</em></strong></span> <span class='ocrx_word' id='word_1_286' title='bbox 1633 3355 1743 3421; x_wconf 83' lang='grc' dir='ltr'><strong><em>καὶ</em></strong></span> <span class='ocrx_word' id='word_1_287' title='bbox 1775 3348 2223 3439; x_wconf 77' lang='grc' dir='ltr'><strong><em>χρηματιστὴν</em></strong></span> 
     </span>
     <span class='ocr_line' id='line_1_33' title="bbox 209 3446 1122 3538; baseline 0.003 -24"><span class='ocrx_word' id='word_1_288' title='bbox 209 3450 555 3533; x_wconf 80' lang='grc' dir='ltr'><strong><em>τετάχθαι;</em></strong></span> <span class='ocrx_word' id='word_1_289' title='bbox 600 3446 949 3538; x_wconf 82' lang='grc' dir='ltr'><strong><em>Οὐδαμῶς,</em></strong></span> <span class='ocrx_word' id='word_1_290' title='bbox 978 3457 1122 3537; x_wconf 82' lang='grc' dir='ltr'><strong><em>ἔφη.</em></strong></span> 
     </span>
    </p>
   </div>
  </div>
 </body>
</html>
