2602 3928
322 205 450 269 254
628 170 632 174 ’
1048 203 1619 263 ΠΛΑΤΩΝΟΣ

250 392 285 442 B
323 370 432 434 καὶ
459 369 533 434 ἐκ
553 370 991 452 δημοκρατίας
1009 369 1356 447 vvpavv10'93
1398 369 1588 443 110593
1616 358 1693 429 Ὀ
1718 360 2120 449 προῦθεντο,
2149 356 2240 450 ἦν
2262 362 2317 431 δ’

318 464 466 550 ἐγώ,
490 461 777 549 ἀγαθόν,
803 463 912 528 καὶ
936 459 1024 527 δι’
1062 452 1145 528 οὗ
1176 458 1218 547 ἡ
1256 459 1593 545 ὀλιγαρχία
1617 465 1978 527 καθίστατο
2019 501 2095 511 —·
2121 469 2319 531 τοῦτο

318 559 381 628 δ’
424 552 511 645 ἦν
548 556 1078 644 [ὑπέρ]πλοῦτος·
1135 548 1180 642 ἦ
1213 555 1373 640 γάρ;
1414 561 1566 623 Ναί.
1628 554 1719 623 H
1750 556 2049 625 πλούτου
2088 564 2319 635 τοίνυν

318 655 639 742 ἀπληστία
660 659 770 725 καὶ
791 653 832 742 ἡ
861 663 997 723 τῶν
1020 653 1242 723 α’λλων
1263 651 1532 738 ἀμέλεια
1566 652 1674 722 διὰ
1707 653 2159 742 χρηματισμὸν
2192 653 2320 723 αὐ-

314 753 438 839 τὴν
456 751 750 822 ἀπώλλυ.
786 749 1053 838 Ἀληθῆ,
1076 756 1223 836 ἔφη.
1256 743 1394 834 Αρ’
1422 741 1548 817 οὖν
1569 748 1742 818 καὶ“
1703 777 1738 818 ο
1764 754 2167 838 δημοκρατία
2189 749 2319 840 ὁρί·

315 856 485 931 ζεται
508 849 798 937 ἀγαθόν,
836 847 877 943 ἡ
912 849 1156 916 τούτου
1187 845 1514 930 ἀπληστία
1547 848 1657 913 καὶ
1687 848 1938 933 ταύτην
1969 849 2316 931 καταλύεις

315 951 541 1032 Λέγεις
582 945 645 1015 δ’
693 944 903 1032 αυτὴν
944 953 1010 1012 τί
1049 942 1412 1030 ὁρίζεσθαις
1462 940 1601 1029 Τὴν
1646 948 2058 1033 ἐλευθερίαν,
2107 944 2312 1013 εἷπον.

250 1059 287 1110 G
318 1052 515 1112 τοῦτο
536 1045 664 1131 γάρ
688 1068 819 1111 που
841 1046 915 1112 ἐν
938 1043 1523 1130 δημοκρατουμένῃ
1554 1041 1739 1109 πόλει
1776 1041 2091 1121 ἀκούσαις
2118 1038 2205 1110 ἀν
2229 1069 2320 1123 ως

314 1147 441 1228 ἔχει
468 1167 538 1208 τε
559 1141 915 1208 κάλλιστον
942 1142 1052 1208 καὶ
1074 1137 1183 1206 διά
1203 1146 1412 1206 ταῦτα
1445 1141 1520 1206 έν
1538 1141 1715 1226 μόνῃ
1750 1141 1953 1229 ταύτῃ
1988 1140 2177 1220 αξιον
2215 1146 2318 1208 015-
2342 1163 2351 1170 ·

314 1252 458 1307 κεῖν
498 1236 677 1316 ὅστις
718 1238 918 1324 φύσει
944 1238 1315 1321 ἐλεύθερος.
1373 1239 1648 1321 Λέγεται
1698 1235 1827 1323 γὰρ
1872 1239 1977 1325 δή,
2020 1243 2169 1324 ἔφη,
2209 1240 2318 1305 καὶ
2351 1289 2357 1295 -

316 1335 489 1404 πολὺ
509 1341 707 1404 τοῦτο
730 1335 802 1404 τὸ
840 1339 1033 1421 ῥῆμα.
1080 1326 1223 1418 ’Ἆρ’
1259 1325 1407 1419 οὖν,
1440 1326 1530 1420 ἦν
1577 1333 1640 1402 δ’
1676 1335 1829 1420 ἐγώ,
1864 1333 2028 1421 ὅπερ
2063 1328 2153 1423 ᾖα
2188 1343 2315 1403 νῦν

318 1433 397 1520 δὴ
423 1436 615 1518 έροῖν,
645 1430 687 1519 ἡ
708 1441 830 1501 τοῦ
848 1430 1153 1500 τοιούτου
1179 1427 1499 1518 ἀπληστία
1536 1436 1648 1500 καὶ
1677 1431 1718 1519 ἡ
1751 1440 1888 1501 τῶν
1910 1432 2134 1500 ἄλλων
2158 1428 2314 1517 ἀμέη

313 1540 451 1599 λεια
492 1535 605 1599 καὶ
640 1532 888 1617 ταύτην
928 1527 1053 1615 τὴν
1080 1535 1416 1597 πολιτείαν
1448 1537 1802 1618 μεθίστησί
1838 1558 1908 1600 τε
1951 1534 2061 1600 καὶ
2103 1555 2317 1616 παρα-

313 1631 610 1711 σκευάζει
637 1633 1028 1714 τυραννίδος
1062 1632 1417 1714 δεηθῆναις
1459 1635 1648 1711 Πῶς;
1690 1634 1836 1716 ἔφη.
1864 1628 2089 1715 Ὅταν,
2115 1627 2313 1714 οἶμαι,

315 1729 900 1813 δημοκρατουμένη
937 1725 1127 1805 πόλις
1163 1728 1544 1810 ἐλευθερίας
1589 1727 1920 1813 διψήσασα
1954 1733 2183 1795 κακῶν
2215 1732 2314 1793 οἰ-

245 1848 287 1898 D
318 1824 577 1910 νοχόων
599 1824 1151 1909 προστατούντων
1172 1824 1361 1911 τύχῃ,
1397 1827 1506 1891 καὶ
1540 1826 1939 1910 πορρωτέρω
1974 1831 2097 1893 τοῦ
2121 1826 2303 1892 δέον·

312 1948 421 2001 τος
458 1920 752 2008 ἀκράτου
784 1917 986 2008 αὐτῆς
1025 1929 1367 2009 μεθυσθῇ,
1403 1918 1561 2001 τούς
1591 1921 1913 2009 ἄρχοντας
1946 1922 2051 2010 δή,
2097 1917 2183 1990 ἀν
2223 1919 2310 2010 μὴ

315 2023 495 2087 πάνυ
538 2028 740 2104 πρᾶοι
781 2012 906 2087 οἷσι
932 2024 1039 2086 καὶ
1071 2021 1327 2107 πολλὴν
1370 2024 1696 2106 παρέχωσι
1736 2021 1858 2107 τὴν
1897 2024 2310 2105 ἐλευθερίαν,

314 2120 569 2200 κολάζει
581 2121 930 2205 αἰτιωμένη
949 2117 1038 2199 ὥς
1058 2121 1338 2205 μιαρούς
1358 2145 1427 2187 τε
1446 2124 1558 2189 καὶ
1579 2118 2054 2206 ὀλιγαρχικούς.
2081 2127 2311 2207 Δρῶσι

311 2214 461 2302 γάρ,
485 2221 634 2302 ἔφη,
659 2223 873 2283 τοῦτο.
927 2214 1097 2295 Τοὺς
1117 2220 1193 2286 δέ
1209 2244 1305 2303 γε,
1340 2217 1547 2305 εἷπον,
1582 2226 1718 2287 τῶν
1742 2216 2088 2304 ἀρχόντων
2108 2242 2312 2302 κατη-

311 2312 512 2392 κόους
534 2319 999 2399 προπηλακίζει
1023 2313 1111 2394 ὡς
1132 2316 1617 2394 ἐθελοδούλους
1638 2341 1707 2382 τε
1727 2318 1839 2385 καὶ
1860 2313 2060 2383 οὐδὲν
2093 2314 2307 2394 ὄντας,

309 2407 466 2488 τοὺς
488 2409 559 2478 δὲ
579 2409 902 2496 ἄρχοντας
929 2411 1053 2497 μὲν
1079 2410 1484 2500 ἀρχομένοις,
1519 2412 1923 2500 ἀρχομένους
1957 2411 2029 2480 δὲ·
2057 2410 2306 2500 ἄρχου-

309 2528 419 2575 σιν
442 2505 710 2593 ὁμοίους
736 2513 871 2599 ἰδίᾳ
890 2535 960 2577 τε
990 2513 1102 2578 καὶ
1134 2516 1417 2599 δημοσίᾳ
1444 2513 1701 2579 ἐπαινεῖ
1725 2537 1795 2577 τε
1828 2513 1938 2585 καὶ
1972 2516 2147 2598 τιμᾷ.
2191 2500 2302 2591 ἀρ’

224 2636 261 2684 Ε
310 2604 433 2673 οὐκ
456 2604 711 2692 ἀνάγκη
734 2608 810 2675 έν
829 2606 1100 2695 τοιαύτῃ
1134 2608 1322 2676 πόλει
1352 2610 1458 2676 ἐπὶ
1499 2614 1634 2675 πᾶν
1673 2606 1747 2675 τὸ
1781 2614 1897 2695 τῆς
1930 2612 2310 2691 ἐλευθερίας

308 2708 509 2786 ἰέναι;
552 2710 708 2783 Πῶς
740 2703 869 2789 γὰρ
893 2704 1010 2785 οὕς
1050 2707 1182 2774 Καὶ
1214 2704 1673 2773 καταδύεσθαί
1700 2731 1796 2791 γε,
1840 2732 1927 2828 ην
1963 2701 2026 2772 δ’
2063 2695 2306 2791 έγαί,ω

305 2808 478 2888 φίλε,
503 2811 595 2880 εἰς
613 2826 685 2868 τε
705 2799 822 2880 τάς
855 2805 1026 2882 ἰδίας
1060 2808 1268 2882 οἰκίας
1299 2805 1409 2870 καὶ
1441 2811 1754 2891 τελευτᾶν
1787 2804 1973 2888 μέχρι
2004 2827 2141 2870 των
2171 2810 2304 2888 θη-

305 2905 471 2985 ρίων
491 2925 616 2984 την
634 2894 958 2984 ἀναρχίαν
978 2902 1421 2986 ἐμφυομένην.
1468 2906 1644 2985 Πως,
1677 2890 1724 2986 ἦ
1758 2894 1819 2966 δ’
1858 2897 1953 2984 ὅς,
1983 2897 2056 2966 τὸ
2083 2903 2308 2966 τοιοῦ-

302 3023 422 3064 τον
461 3001 770 3083 λέγομεν;
821 2991 1006 3084 Οἶον,
1054 3003 1245 3085 ἔφην,
1287 3003 1538 3082 πατέρα
1577 2998 1700 3085 μὲν
1742 2999 2082 3079 ἐθίζεσθαι
2123 3000 2306 3064 παιδὶ

302 3092 538 3178 ὅμοιον
557 3098 909 3177 γὴνεσθαι
927 3095 1038 3162 καὶ
1062 3102 1421 3181 φοβεῖσθαι
1442 3120 1600 3175 τους
1617 3099 1800 3180 υἱεῖς,
1823 3093 1974 3162 υἱὸν
1996 3094 2067 3163 δὲ·
2085 3100 2304 3179 πατρί,

301 3193 410 3258 καὶ
432 3191 592 3276 μήτε
629 3188 1063 3276 αἰσχύνεσθαι
1093 3193 1252 3279 μήτε
1287 3195 1568 3261 δεδιέναι
1596 3190 1757 3272 τούς
1783 3195 2104 3279 γονέας,“
2075 3218 2189 3260 ινα
2221 3192 2303 3278 δη

166 3315 265 3369 563
299 3289 658 3373 ἐλεύθερος
692 3278 763 3374 ᾖ
816 3293 1122 3375 μέτοικον
1158 3292 1230 3360 δὲ
1265 3289 1446 3381 ἀστῷ
1477 3293 1586 3359 καὶ
1619 3287 1826 3358 α’στόν
1856 3297 2136 3380 μετοίκῳ
2175 3292 2305 3371 ἐξι-

298 3390 611 3472 σοῦσθαι,
648 3387 759 3454 καὶ
795 3389 985 3466 ξένον
1017 3389 1347 3469 ωσαυτως.
1402 3396 1707 3475 Γίγνεται
1738 3386 1867 3474 γὰρ
1900 3388 2131 3473 οὕτως,
2156 3393 2306 3473 ἔφη.
