2602 3928
364 227 492 295 416
1032 228 1409 316 TIMAm
1450 228 1786 315 ΛΟΚΡῼ
2316 237 2389 292 93

367 401 558 477 ζεται,
590 389 669 461 τὰ
694 388 767 460 δὲ
789 392 965 480 ροπᾷ
987 392 1136 457 ποτὶ
1168 387 1294 457 τάν
1325 386 1564 474 χώραν.
1610 385 1653 454 6
1683 388 1807 474 μὲν
1828 385 1961 476 γὰρ
1997 385 2139 475 ἁφά
2170 396 2393 476 κρίνει

365 492 482 570 τοὶς
473 486 776 573 ζωτικας
812 487 1157 574 δυναμιας,
1180 486 1583 573 θερμότατα,
1604 486 2009 572 ψυχρότατα,
2039 486 2389 574 ξηρότατα,

366 589 719 675 ὑγρότατα,
755 586 1079 670 λειότατα,
1117 584 1510 673 τραχύτατα,
1553 592 1837 670 εἴκοντα,
1874 581 2222 671 ἀντίτυπα,
2256 611 2393 671 μα-

368 687 560 771 λακά,
602 683 884 771 σκληρα·
938 681 1116 772 βαρὺ
1147 681 1221 751 δὲ
1248 685 1360 751 καὶ
1392 689 1656 767 κοῦφον
1690 678 1831 765 ἁφὰ
1866 681 1989 769 μὲν
2022 667 2390 769 πρῶιρίνει,

367 785 564 904 λόγος
598 780 662 850 δ’
709 780 906 867 ὁρίζει
937 808 1020 870 τα
1055 787 1145 860 εἰς
1177 779 1253 850 τὸ
1278 783 1485 866 μέσον
1517 780 1626 848 καὶ
1662 778 1793 848 ἀπὸ
1828 806 1918 849 τω
1943 784 2120 866 μέσω
2139 780 2389 848 νεύσει.

300 904 340 954 Ε
375 909 557 952 κατω
601 884 672 948 δὲ
704 883 812 948 καὶ
839 881 1043 966 μέσον
1077 876 1328 947 ταύτὸν
1370 876 1741 963 φαντί·τὸ
1773 877 1903 964 γὰρ
1947 882 2228 960 κέντρον
2270 884 2393 956 τᾶς

369 988 674 1067 σφαίρας,
697 977 899 1046 τοῦτό
922 982 1058 1045 ἐστι
1090 975 1165 1045 τὰ
1202 976 1405 1062 κάτω,
1434 974 1510 1043 τὸ
1545 973 1611 1043 δ’
1646 973 1816 1060 ὑπὲρ
1849 974 2065 1044 τούτω
2097 973 2248 1060 ἄχρι
2270 1001 2395 1055 τας

370 1082 791 1165 περιφερείας
825 1074 986 1144 ἅνω.
1030 1073 1104 1142 τὸ
1129 1074 1254 1158 μὲν
1287 1065 1386 1140 ών
1428 1072 1691 1159 θερμόν
1731 1073 2123 1158 λεπτομερές
2163 1097 2234 1139 τε
2275 1075 2394 1141 καὶ

372 1172 793 1246 διαστατικόν
815 1180 953 1241 τῶν
973 1193 1300 1258 σωματων
1323 1174 1511 1238 δοκεῖ
1526 1168 1727 1256 εἶμεν,
1751 1168 1826 1237 τὸ
1852 1168 1925 1238 δὲ
1958 1168 2221 1258 ψυχρὸν
2256 1195 2392 1238 πα-

372 1277 851 1363 χυμερέστερον
882 1273 993 1340 καὶ
1029 1266 1509 1356 συμπιλατικὸν
1542 1269 1773 1357 πόρων
1809 1275 1963 1338 ἐστί.
2009 1269 2090 1338 τὰ
2126 1268 2199 1338 δὲ
2238 1261 2394 1357 περὶ

369 1372 496 1442 τᾶν
514 1380 747 1460 γεῦσιν
767 1377 940 1440 ἔοικε
968 1376 1050 1459 τᾷ
1072 1365 1232 1456 ἁφᾷ.
1279 1373 1621 1453 συγκρίσει
1640 1367 1771 1455 γὰρ
1792 1371 1903 1436 καὶ
1925 1372 2267 1456 διακρίσει,
2293 1376 2392 1438 ἔτι

373 1472 446 1541 δὲ
465 1479 549 1559 τᾷ
573 1473 638 1548 ἐς
653 1467 782 1547 τώς
794 1466 1016 1554 πόρως
1030 1466 1333 1535 διαδόσει
1342 1469 1453 1535 καὶ
1464 1481 1599 1546 τοῖς
1611 1467 2054 1554 σχημάτεσσιν
2068 1464 2114 1556 ἦ
2126 1491 2393 1555 στρυφ-

371 1569 457 1638 νά
491 1565 536 1656 ἦ
578 1577 741 1653 λεῖα,
778 1565 1195 1634 ἄποτάκοντα
1238 1567 1360 1651 μὲν
1398 1571 1509 1635 καὶ
1548 1565 1884 1651 ρύπτοντα
1916 1568 2043 1637 ταν
2084 1576 2391 1654 γλῶτταν

373 1663 683 1753 στρυφνοὶ
709 1671 1036 1751 φαίνεται,
1061 1664 1489 1749 μετριάζοντα
1512 1663 1585 1733 δὲ
1606 1672 1692 1753 τᾷ
1719 1665 1920 1748 ρύψει
1951 1663 2241 1753 ἁλμυρά,
2277 1669 2394 1734 έκ-

238 1784 338 1841 101
380 1772 727 1850 πυροῦντα
766 1760 839 1830 δὲ
887 1765 997 1830 καὶ
1047 1765 1294 1848 διαιρέο
1303 1788 1421 1829 ντα
1464 1761 1588 1829 τάν
1625 1762 1843 1847 σάρκα
1885 1767 2145 1851 δριμέα·
2190 1763 2273 1831 τὰ
2317 1760 2390 1829 δ’

374 1869 640 1935 ἐναντία
662 1860 807 1929 λεία
823 1886 894 1927 τε
916 1860 1026 1929 καὶ
1046 1863 1294 1945 γλυκέα
1319 1860 1697 1947 κεχύλωται.
1746 1858 1954 1947 ὀσμᾶς
1975 1860 2048 1929 δὲ
2069 1866 2248 1930 εἴδεα
2267 1863 2396 1948 μὲν

374 1962 458 2034 οὐ
498 1961 839 2048 διώρισται
852 1987 866 2002 ·
912 1956 1020 2028 διὰ
1052 1958 1182 2046 γὰρ
1218 1969 1473 2029 στενῶν
1502 1957 1732 2046 πόρων
1753 1964 2159 2048 διωθεῖσθαι,
2198 1980 2397 2048 στερ-

374 2065 667 2149 ροτέρων
695 2058 911 2127 ὅντων
932 2053 976 2144 ἦ
1006 2056 1095 2138 ὥς
1121 2060 1538 2145 συνάγεσθαι
1574 2061 1684 2128 καὶ
1721 2065 2117 2145 διίστασθαι,
2152 2060 2397 2141 σᾰψεσι

374 2158 448 2227 δὲ
470 2159 579 2225 καὶ
592 2161 827 2237 πέψεσι
845 2163 969 2243 γᾶς
987 2181 1060 2224 τε
1081 2158 1191 2223 καὶ
1211 2159 1561 2240 γεοειδέων
1582 2153 1840 2223 εὖώδεά
1857 2181 1931 2224 τε
1949 2157 2059 2224 καὶ
2085 2155 2397 2224 δυσώδεα

373 2254 572 2341 εἶμεν.

396 2418 401 2424 ,
538 2355 668 2419 ΧΙΙ.
716 2347 919 2418 Φωνά
958 2349 1018 2418 δ’
1067 2353 1199 2419 ἐστὶ
1236 2350 1360 2436 μὲν
1395 2354 1624 2432 πλᾶξις
1661 2355 1736 2419 ἐν
1778 2350 1924 2439 ἀέρι
1958 2354 2396 2437 διικνουμένα

372 2453 520 2518 ποτὶ
552 2448 678 2517 τάν
716 2446 937 2533 ψυχὰν
982 2445 1070 2515 δι’
1114 2446 1327 2534 ώτων,
1376 2438 1475 2516 ών
1512 2450 1615 2516 τοὶ
1646 2448 1846 2536 πόροι
1877 2447 2174 2535 διήκοντι
2209 2447 2399 2535 ἄχρις

370 2546 622 2635 ἥπατος
656 2546 1043 2630 χωρέοντες·
1090 2545 1163 2611 ἐν
1195 2540 1259 2611 δ’
1290 2570 1380 2610 αυ
1414 2545 1677 2625 τούτοις
1704 2553 1987 2631 πνεῦμα,
2018 2572 2100 2613 ου
2132 2543 2176 2613 6
2197 2551 2397 2614 κίνα-

298 2666 337 2716 B
374 2664 476 2724 σις
498 2641 714 2710 ἀκουα
696 2640 890 2708 ’.ἐστι
935 2648 1166 2724 φωνᾶς
1188 2639 1260 2709 δὲ
1294 2639 1468 2709 καὶ’
1430 2651 1681 2722 ακουας
1713 2639 1756 2710 6
1789 2642 1912 2729 μὲν
1944 2656 2163 2729 ταχεῖα
2192 2639 2395 2727 ὀξεῖα,

374 2741 415 2812 6
443 2742 514 2810 δὲ
536 2743 811 2827 βραδεῖα
831 2744 1085 2825 βαρεῖα,
1111 2741 1276 2825 μέσα
1306 2738 1368 2806 δ’
1403 2738 1446 2806 6
1467 2739 1998 2828 συμμετροτατα·
2043 2742 2153 2808 καὶ
2191 2737 2235 2808 6
2269 2742 2398 2826 μὲν

375 2836 586 2907 πολλὰ
618 2839 728 2906 καὶ
762 2839 1088 2923 κεχυμένα
1121 2837 1398 2925 μεγαλα,
1443 2835 1487 2906 6
1523 2841 1596 2906 δὲ
1628 2838 1817 2924 ὀλίγα
1852 2842 1965 2908 καὶ
2006 2841 2399 2926 συναγμένα

375 2936 607 3057 μικρά·
652 2934 695 3001 6
732 2935 804 3004 δὲ
839 2940 1201 3022 τεταγμένα
1234 2939 1386 3004 ποτὶ
1418 2935 1631 3022 λόγως
1660 2937 1969 3024 μωσικώς
2011 2933 2398 3025 ἐμμελής,ἁ

378 3034 518 3104 δὲ’
492 3035 776 3115 ἄτακτός
819 3062 890 3104 τε
938 3037 1048 3105 καὶ
1091 3035 1332 3123 ἄλογος
1373 3037 1651 3123 ἐκμελής
1690 3063 1761 3107 τε
1802 3040 1912 3108 καὶ
1955 3038 2393 3126 ἀνάρμοστος.

374 3134 688 3219 τέταρτόν
729 3159 799 3201 τε
836 3139 1027 3220 γένος
1059 3141 1404 3222 αίσθητων
1434 3140 1986 3206 πολυειδέστατον
2022 3140 2134 3206 καὶ
2169 3162 2399 3206 ποικι-

374 3232 690 3315 λώτατον,
740 3227 947 3318 ὁρατὰ
990 3232 1063 3301 δὲ
1107 3238 1384 3321 λέγεται,
1431 3236 1508 3304 έν
1550 3227 1607 3324 ᾦ
1645 3235 1959 3323 χρώματά
1995 3262 2068 3303 τε
2109 3249 2399 3304 παντοῖα

305 3351 342 3401 c
376 3328 486 3395 καὶ
504 3332 926 3415 κεχρωσμένα
956 3339 1179 3422 μυρία,
1213 3342 1430 3421 πρᾶτα
1464 3336 1537 3405 δὲ
1559 3339 1848 3422 τέττορα,
1874 3335 2136 3420 λευκόν,
2161 3339 2397 3420 μέλαν,

380 3422 704 3508 λαμπρόν,
743 3436 1129 3511 φοινικοῦν·
1175 3423 1382 3500 τᾶλλα
1417 3429 1545 3518 γὰρ
1577 3437 1647 3502 ἐκ
1678 3436 2098 3519 κιρναμένων
2132 3432 2401 3500 τούτων
