2602 3928
259 221 353 273 121
1103 213 1157 272 Κ
1175 209 1261 266 ΡΙ
1288 209 1384 266 TI
1394 209 1451 266 A
1465 211 1535 264 Σ.
2152 206 2280 270 439

256 396 455 455 τερον
476 372 956 456 παραβεβηκώς
987 376 1110 453 εἴη,
1133 367 1210 436 τό
1247 392 1319 434 τε
1351 358 1442 434 αὖ
1473 393 1633 453 μετα
1668 361 1871 438 τοῦτο’
1900 372 2108 458 μηδὲν
2144 378 2288 457 τῶν,

256 467 665 557 γραμμάτων
687 465 952 545 ἑκόντες
984 466 1519 586 παραβήσεσθαι,
1538 467 1705 554 μηδὲ
1725 468 1950 591 ἄρξειν
1971 474 2136 557 μηδὲ
2156 471 2283 556 ἅρ-

258 593 442 654 χοντι
465 570 814 634 πείσεσθαι
832 562 1012 651 πλὴν
1034 571 1204 633 κατὰ
1237 569 1398 645 τούς
1428 574 1551 634 τοῦ
1584 567 1831 653 πατρὸς
1867 571 2273 640 έπιτάττοντι
2306 580 2348 631 Β

260 664 528 749 νόμους.
574 669 784 732 ταῦτα
817 665 1315 750 ἐπευξαμενος”
1279 685 1552 743 εκαστος
1574 663 1799 734 αὐτων
1833 665 2018 759 αὐτῷ
2046 674 2158 739 καὶ
2190 679 2287 756 τῷ

259 760 371 847 ἀφ’
419 758 630 829 αὑτοῦ
671 767 869 846 γένει,
915 764 1091 829 πιών
1132 763 1244 830 καὶ
1283 760 1562 843 ἀναθεὶς
1612 765 1737 852 τὴν
1777 736 2029 854 φιάλήν
2070 774 2162 847 εἰς
2208 769 2283 836 τὸ

260 856 444 944 ἱερὸν
465 868 590 928 τοῦ
610 866 804 945 θεοῦ,
830 857 1075 979 περὶτὰ
1102 863 1377 928 δεῖπνον
1397 864 1510 929 καὶ
1529 861 1895 949 τάναγκαῖα
1917 868 2283 954 διατρίψας,

260 955 484 1046 ἐπειδη
507 966 801 1045 γύγνοιτο
825 958 1062 1036 σκότος
1081 960 1193 1025 καὶ
1222 958 1298 1025 τό
1324 964 1461 1046 πῦρ
1498 961 1877 1047 ἐψυγμένον
1910 962 1985 1031 τὰ
2021 964 2173 1051 περὶ
2204 963 2286 1032 τά

261 1057 536 1142 θύματα
564 1067 688 1144 εἴη,
725 1056 970 1135 πάντες
992 1054 1208 1135 οὕτως
1227 1056 1542 1137 ἐνδύντες
1564 1058 1605 1125 ὅ
1629 1087 1692 1127 τι
1727 1068 2084 1149 καλλίστην
2116 1089 2287 1131 κυα-

259 1162 392 1241 νῆν
413 1155 680 1242 στολήν,
707 1156 813 1223 ἐπὶ
833 1155 916 1223 τά
937 1161 1074 1223 τῶν
1095 1151 1531 1242 ὄρκωμοσίων
1549 1158 1855 1244 καύματα
1875 1161 2074 1244 χαμαὶ
2096 1166 2287 1228 καθί·

261 1259 502 1339 ζοντες,
521 1253 811 1343 νύκτωρ,
835 1260 973 1322 πᾶν
993 1253 1068 1323 vd
1092 1255 1339 1341 περὶτὰ
1363 1256 1550 1339 ἱερὸν
1568 1255 2105 1345 ἀποσβεννύντες
2125 1265 2286 1344 πῦρ,

263 1352 644 1434 έδικάζοντό
663 1377 735 1421 τε
755 1355 867 1421 καὶ
898 1357 1218 1440 ἐδίκαζον,
1254 1361 1323 1421 εἴ
1351 1360 1468 1433 τίς·
1484 1381 1547 1422 τι
1582 1363 2023 1443 παραβαίνειν
2054 1355 2285 1426 αὐτῶν
2316 1367 2355 1419 c

267 1451 534 1541 αἰτιῷτό
564 1479 715 1520 τινα
728 1476 744 1491 ·
782 1453 1170 1532 δικάσαντες
1205 1454 1277 1521 δὲ
1309 1450 1389 1520 τά
1422 1458 1846 1542 δικασθέντα,
1882 1454 2104 1544 ἐπειδὴ
2144 1465 2290 1544 φιός

264 1552 550 1637 γένοιτο,
597 1553 673 1618 έν
709 1556 938 1640 χρυσῷ
964 1558 1194 1620 πίνακι
1229 1550 1607 1637 γράψαντες
1647 1550 1813 1638 μετὰ
1856 1562 1992 1622 τῶν
2029 1563 2291 1623 στολῶν

267 1662 551 1736 μνημεῖα
579 1645 993 1718 ἀνετὺθεσαν.
1050 1648 1246 1737 νόμοι
1275 1647 1349 1717 δὲ
1382 1653 1615 1718 πολλοὶ
1648 1652 1772 1736 μὲν
1804 1650 1993 1720 ἄλλοι
2026 1655 2178 1737 περὶ
2209 1651 2289 1722 τὰ

264 1749 430 1834 γέρα
462 1755 600 1817 τῶν
633 1752 961 1835 βασιλέων
995 1749 1294 1818 ἑκάστων
1329 1741 1506 1836 ἦσαν
1541 1754 1716 1836 ἴδιοι,
1759 1749 1839 1818 τά
1874 1753 1947 1818 δὲ
1990 1755 2287 1839 μέγιστα,
2419 1743 2436 1760 ⁴

267 1845 433 1933 μήτε
455 1847 614 1914 ποτε
636 1843 811 1915 ὅπλα
833 1844 937 1915 ἐπ’
963 1845 1289 1934 ἀλλήλους
1304 1858 1515 1916 οἴσειν
1526 1848 1899 1936 βοηθήσειν
1919 1875 1990 1918 τε
2011 1850 2289 1935 πάντας,

267 1971 355 2012 αν
389 1944 526 2013 πού
561 1971 660 2025 τις
699 1942 927 2016 αὐτῶν
961 1951 1037 2016 έν
1075 1973 1208 2014 τινι
1228 1945 1420 2015 πόλει
1450 1944 1525 2016 τό
1559 1945 1911 2035 βασιλικὸν
1932 1946 2290 2018 καταλύειν

267 2044 558 2132 ἐπιχειρῇ
579 2050 793 2131 γένος,
827 2052 1025 2134 κοινῇ
1049 2049 1141 2130 δέ,
1178 2044 1491 2135 καθάπερ
1516 2052 1585 2116 οἱ
1612 2047 1938 2134 πρόσθεν,
1963 2043 2373 2134 βουλευό-Ῑ)

269 2169 460 2229 μενοι
480 2143 562 2213 τὰ
584 2145 871 2224 δόξαντα
890 2148 1042 2230 περὶ
1074 2150 1370 2232 πολέμου
1391 2150 1501 2215 καὶ
1532 2153 1671 2215 τῶν
1702 2148 1927 2216 άλλων
1962 2146 2291 2235 πράξεων,

267 2239 633 2329 ἡγεμονίαν
656 2241 1084 2322 ἀποδιδόντες
1103 2251 1200 2334 τῷ
1227 2241 1619 2333 Ἀτλαντικῷ
1642 2249 1835 2330 γένει.
1879 2247 2187 2315 θανάτου
2222 2246 2294 2312 δὲ

266 2337 393 2409 τὸν
410 2344 686 2429 βασιλέα
707 2348 847 2411 τοῖν
871 2350 1220 2428 συγγενῶν
1254 2341 1539 2429 μηδενὸς
1572 2341 1743 2411 εἶναι
1777 2342 2037 2431 κύριον,
2079 2340 2168 2412 ἂν
2203 2345 2293 2431 μη

268 2446 409 2508 τῶν
432 2444 589 2509 δέκα
609 2454 744 2520 τοῖς
765 2437 932 2529 ὑπὲρ
953 2440 1163 2528 ἥμισυ
1185 2444 1371 2527 δοκῇ.

439 2543 570 2606 XII.
623 2538 890 2627 Ταύτην
923 2539 1004 2628 δὴ
1036 2540 1373 2626 τοσαύτην
1405 2543 1519 2608 καὶ
1544 2539 1860 2627 τοιαύτην
1893 2539 2186 2626 δύναμιν
2217 2542 2293 2607 ἐν

271 2641 550 2718 ἐκείνοις
570 2638 718 2707 τότε
740 2631 954 2707 οὖσαν
971 2654 1110 2720 τοῖς
1139 2639 1369 2719 τόποις
1391 2636 1428 2707 6
1452 2636 1615 2719 θεὸς
1636 2641 1742 2708 ἐπὶ
1761 2638 2002 2707 τούσδε
2026 2628 2117 2706 αὖ
2137 2634 2296 2717 τοὺς

273 2737 521 2816 τόπους
561 2737 882 2818 ξυντάξας
925 2738 1237 2824 ἐκόμισεν
1281 2742 1356 2806 ἔκ
1397 2764 1578 2817 τινος
1619 2741 1906 2822 τοιοῖσδε,
1946 2763 2034 2816 ως
2074 2735 2293 2820 λόγος,

272 2833 688 2922 προφάσεως.
730 2838 837 2906 ἐπὶ
857 2836 1106 2916 πολλὰς
1126 2835 1251 2925 μὲν
1269 2836 1529 2923 γενεάς,
1552 2838 1742 2924 μέχρι
1763 2860 1887 2923 περ
1908 2831 1951 2923 ἡ
1975 2842 2100 2903 τοῦ
2122 2840 2293 2903 θεοῦ

276 2933 479 3018 φύσις
512 2933 739 3014 αυτοῖς
770 2933 1044 3021 ἐξήρκει,
1086 2935 1410 3023 κατήκοοί
1432 2961 1503 3005 τε
1534 2927 1712 3022 ἦσαν
1747 2959 1886 3002 των
1917 2932 2151 3020 νόμων
2182 2934 2293 3002 καὶ
2327 2924 2369 2974 Ε

274 3033 444 3151 πρὸς
472 3030 547 3102 τὸ
575 3032 882 3122 ξυγγενὲς
914 3044 1108 3103 θεῖον
1144 3038 1573 3122 φιλοφρόνως
1609 3032 1815 3120 εἶχον·
1855 3031 1936 3101 τά
1968 3029 2098 3118 γὰρ
2126 3057 2300 3150 φρο-

274 3129 536 3219 νήματα
570 3131 863 3221 ἀληθινὰ
893 3134 1004 3202 καὶ
1034 3134 1251 3220 πάντη
1287 3133 1541 3219 μεγάλα
1574 3135 1946 3220 ἐκέκτηντο,
1980 3128 2300 3217 πραότητι

274 3229 438 3318 μετὰ
461 3233 851 3320 φρονήσεως
881 3232 1048 3321 πρός
1063 3258 1134 3301 τε
1156 3232 1275 3311 τὰς
1305 3231 1405 3300 ἀεὶ
1427 3231 1921 3319 ξυμβαινούσας
1952 3229 2152 3315 τύχας
2187 3227 2298 3295 καὶ

275 3332 444 3417 πρὸς
463 3330 795 3420 ἀλλήλους
812 3332 1160 3420 χρώμενοι,
1190 3329 1293 3399 διὸ
1324 3328 1503 3418 πλὴν
1524 3327 1762 3418 ἀρετῆς
1795 3328 2012 3396 πάντα
2047 3324 2298 3411 ὑπερο-

276 3439 526 3519 ρῶντες
561 3429 805 3520 σμικρὰ
848 3428 1138 3518 ἡγοῦντο
1182 3429 1263 3498 τὰ
1297 3429 1600 3518 παρόντα
1632 3428 1744 3497 καὶ
1774 3429 2018 3517 ῥαδίως
2051 3430 2298 3513 ἔφερον
