2602 3928
328 220 448 283 142
1058 222 1628 280 ΠΛΑΤΩΝΟΣ

327 388 419 462 εἰς
441 381 749 469 φυλακὴν
771 381 1043 466 πόλεως,
1069 379 1242 466 πλὴν
1266 379 1390 447 ὅσα
1412 377 1856 467 ἀσθενεστέρα
1879 376 1921 467 ἢ
1946 384 2334 465 ἰσχυροτέρα

328 483 520 548 ἐστίν.
560 487 886 548 Φαίνεται.
926 498 936 506 ’

247 595 285 644 Β
493 581 589 643 Vl.
642 581 774 645 Καὶ
796 592 1105 663 γυναῖκες
1127 575 1256 663 ἄρα
1277 581 1350 643 αἱ
1381 582 1677 643 τοιαῦται
1704 589 1839 654 τοῖς
1869 577 2188 655 τοιούτοις
2209 576 2332 643 ἀν-

326 674 560 757 δράσιν
594 679 920 742 ἐκλεκτέαι
941 681 1268 754 ξυνοικεῖν
1289 698 1361 739 τε
1383 666 1491 740 καὶ
1525 674 2030 759 ξυμφυλάττειν,
2068 677 2331 758 ἐπείπερ

327 774 491 840 εἰσὶν
512 774 733 840 ἱκαναὶ
755 776 863 840 καὶ
885 776 1216 857 ξυγγενεῖς
1237 769 1462 849 αὐτοῖς
1488 769 1611 855 τὴν
1632 770 1857 856 φύσιν.
1884 771 2081 837 Πάνυ
2102 798 2194 856 γε.
2232 771 2327 839 Τά

327 866 391 937 δ’
419 869 898 956 ἐπιτηδεύματα
921 866 1006 937 οὐ
1037 867 1116 936 τὰ
1139 864 1309 935 αὐτοὶ
1345 865 1671 936 ἀποδοτέα
1702 883 1841 948 ταῖς
1865 867 2091 948 αὐταῖς
2118 871 2330 955 φύσε-

328 988 468 1047 σιν;
523 966 618 1034 Τὰ
643 965 833 1034 αὐτοὶ.
866 966 1161 1052 ’Ἠκομεν
1183 964 1316 1052 ἄρα
1340 971 1432 1044 εἰς
1451 963 1530 1033 τὰ
1565 966 1855 1052 πρότερα
1890 968 2332 1053 περιφερόμε-

324 1091 452 1151 νοι,
477 1067 586 1131 καὶ
607 1062 1064 1150 ὁμολογοῦμεν
1084 1062 1172 1150 μὴ
1197 1061 1377 1150 παρὰ
1412 1063 1619 1148 φύσιν
1652 1063 1821 1131 εἶναι
1854 1077 1994 1142 ταῖς
2023 1071 2162 1131 τῶν
2195 1091 2331 1149 φυ-

327 1162 553 1229 λάκων
574 1150 830 1246 γυναιξὶ
850 1161 1178 1249 μουσικήν
1197 1187 1266 1228 τε
1299 1164 1410 1230 καὶ
1440 1160 1895 1248 γυμναστικὴν
1918 1159 2329 1231 ἀποδιδόναι.

259 1281 298 1332 c
330 1256 725 1326 Παντάπασι
758 1258 880 1344 μὲν
916 1251 1060 1325 οὖν.
1120 1255 1266 1325 Οὐκ
1303 1257 1431 1344 ἄρα
1465 1255 1764 1325 ἀδύνατά
1795 1283 1870 1342 γε
1915 1256 2072 1325 οὐδὲ
2115 1257 2333 1344 εὐχαῖς

327 1352 521 1440 ὅμοια
544 1359 1096 1442 ἐνομοθετοῦμενρ
1134 1359 1396 1438 ἐπείπερ
1431 1353 1595 1422 κατὰ
1633 1354 1843 1440 φύσιν
1877 1359 2176 1441 ἐτίθεμεν
2212 1356 2331 1423 τὸν

327 1451 572 1538 νόμον·
607 1452 774 1521 ἀλλὰ
796 1451 874 1521 τὰ
900 1460 1031 1521 νῦν
1053 1455 1230 1534 παρὰ
1263 1459 1472 1520 ταῦτα
1508 1453 1868 1538 γιγνόμενα
1906 1455 2083 1536 παρὰ
2119 1453 2329 1539 φύσιν

327 1558 603 1637 μᾶλλον,
628 1548 714 1630 ὡς
736 1558 928 1637 ἔοικε,
950 1559 1258 1638 γίγνεται.
1288 1552 1563 1619 Ἔοικεν.
1615 1549 1891 1619 Οὐκοῦν
1922 1551 1964 1638 ἡ
1995 1558 2331 1632 ἐπίσκεψις

327 1647 486 1737 ἡμῖν
508 1642 614 1736 ἦν,
639 1658 699 1718 εἰ
717 1652 970 1743 δυνατοί
991 1677 1061 1720 τε
1081 1654 1191 1719 καὶ
1211 1654 1512 1738 βέλτιστα
1536 1643 2005 1736 λέγοιμενςςΗν
2026 1652 2174 1736 γάρ.
2199 1654 2330 1717 Καὶ

331 1745 432 1814 ὅτι
451 1746 574 1834 μὲν
595 1749 673 1836 δὴ
697 1750 969 1832 δυνατά,
1009 1749 1519 1835 διωμολόγηται;
1558 1755 1709 1814 Ναί.
1740 1747 1882 1815 Ὅτι
1905 1750 1975 1814 δὲ
1999 1747 2077 1833 δὴ
2116 1750 2329 1834 βέλτι-

331 1861 472 1930 σταρ
496 1845 568 1913 τό
593 1845 753 1930 μετὰ
778 1853 974 1914 τοῦτο
1000 1850 1105 1914 δεῖ
1132 1852 1726 1931 διομολογηθῆναις
1762 1852 2006 1932 Δῆλον.
2058 1845 2332 1914 Οὐκοῦν

330 1941 497 2025 πρός
535 1970 609 2026 γε
647 1941 720 2009 τὸ
758 1940 1142 2028 φυλακικὴν
1174 1955 1459 2026 γυναῖκα
1491 1945 1806 2028 γενέσθαι
1853 1941 1976 2010 οὐκ
2012 1941 2177 2029 ἄλλη
2212 1943 2332 2029 μὲν

329 2038 488 2124 ἡμῖν
509 2039 757 2124 ἄνδρας
778 2040 1037 2126 ποιήσει
1059 2044 1338 2124 παιδεία,
1364 2039 1526 2126 ἄλλη
1553 2045 1624 2108 δὲ
1644 2056 1982 2126 γυναῖκας,
2017 2040 2230 2120 ἄλλως
2262 2068 2332 2109 τε

250 2172 290 2220 D
328 2141 437 2205 καὶ
459 2136 582 2224 τὴν
605 2136 816 2222 αὐτὴν
838 2139 1049 2224 φύσιν
1071 2146 1581 2226 παραλαβοῦσα;
1630 2139 1773 2208 Οὐκ
1799 2140 1983 2226 ἄλλη.
2025 2148 2183 2218 Πιὸς
2203 2135 2332 2206 οὖν

328 2240 490 2320 ἔχεις
514 2234 708 2320 δόξης
730 2241 855 2301 τοῦ
876 2241 1139 2304 τοιοῦδε
1162 2241 1337 2322 πέρις
1388 2242 1581 2315 Τίνος
1614 2237 1727 2322 δή;
1780 2244 1920 2303 Τοῦ
1941 2229 2332 2324 ὑπολαμβά-

327 2358 470 2401 νειν
494 2331 673 2419 παρὰ
697 2339 958 2423 σεαυτῷ
988 2333 1107 2401 τὸν
1138 2333 1259 2420 μὲν
1295 2331 1541 2419 ἀμείνω
1575 2334 1809 2419 ἄνδρα,
1845 2332 1966 2402 τόν
2002 2339 2074 2402 δὲ
2106 2344 2329 2421 χείρω·

326 2425 370 2515 ἦ
392 2429 642 2506 πάντας
677 2427 945 2516 ὁμοίους
977 2428 1149 2518 ἡγεῖ;
1201 2429 1547 2518 Οὐδαμῶς.
1593 2430 1698 2498 Ἐν
1732 2424 1860 2498 οὖν
1891 2438 1973 2519 τῇ
2008 2432 2215 2518 πόλει,
2248 2430 2333 2517 ἣν

331 2523 669 2617 ᾠκίζομεν,
694 2529 975 2614 πότερον
998 2538 1121 2597 οἴει
1144 2524 1299 2616 ἡμῖν
1325 2525 1633 2614 ἀμείνους
1645 2528 1893 2615 ἄνδρας
1915 2532 2334 2616 ἐξειργάσθαι

329 2625 488 2705 τοὺς
530 2626 834 2712 φύλακας
876 2629 1193 2715 τυχόντας
1234 2620 1315 2713 ἧς
1356 2628 1719 2713 διήλθομεν
1752 2634 2067 2714 παιδείας,
2107 2627 2151 2716 ἢ
2174 2629 2332 2708 τούς

330 2726 782 2812 σκυτοτόμους
824 2732 908 2814 τῇ
952 2735 1230 2813 σκυτικῇ
1282 2731 1796 2808 παιδευθέντας;
1840 2734 2069 2795 Γελοῖο
2080 2755 2136 2812 ν,
2181 2735 2327 2814 ἔφη,

258 2851 299 2900 Ε
333 2825 598 2911 ἐρωτᾷς.
632 2823 1017 2910 Μανθάνω,
1042 2829 1211 2911 ἔφην
1227 2853 1257 2878 22
1286 2834 1353 2892 τί
1371 2830 1446 2893 δέ
1454 2854 1470 2904 ;
1498 2831 1634 2892 τῶν
1657 2824 1876 2892 ἄλλων
1898 2834 2187 2893 πολιτῶν
2209 2825 2332 2911 οὐχ

329 2915 515 2991 οὗτοι
539 2924 825 3008 ἄριστοι;
871 2924 1062 2993 Πολύ
1082 2952 1173 3010 γε.
1227 2931 1310 2991 Τί
1328 2926 1428 3002 δές
1472 2928 1545 2990 αἱ
1577 2939 1884 3009 γυναῖκες
1920 2931 2055 2991 τῶν
2093 2951 2330 3008 γυναι-

328 3028 468 3088 κοῖν
493 3020 614 3107 οὐχ
635 3016 832 3090 αὗται
850 3027 1111 3090 ἔσονται
1143 3027 1502 3110 βέλτισταις
1543 3024 1674 3090 Καὶ
1696 3028 1916 3108 τοῦτο,
1955 3028 2103 3108 ἔφη,
2138 3025 2329 3094 πολύ.

307 3118 489 3186 ’Ἐστι
514 3123 666 3187 δέτι
683 3121 872 3189 πόλει
894 3120 1167 3207 ἄμεινον
1187 3120 1231 3207 ἢ
1253 3124 1571 3206 γυναῖκάς
1592 3147 1661 3188 τε
1682 3124 1790 3188 καὶ
1806 3120 2052 3205 ἄνδρας
2074 3118 2160 3201 ὡς
2183 3120 2333 3203 ἀρί-

331 3235 527 3294 στους
545 3219 1000 3303 ἐγγίγνεσθαι;
1029 3218 1172 3286 Οὐκ
1197 3225 1392 3288 ἔστιν,
1445 3219 1658 3286 Τοῦτο
1696 3217 1767 3286 δὲ
1800 3220 2083 3306 μουσική
2121 3246 2190 3287 τε
2223 3220 2333 3286 καὶ

194 3334 293 3389 457
328 3313 735 3401 γυμναστικὴ
762 3316 1343 3402 παραγιγνόμεναι,
1371 3315 1458 3396 ὥς
1488 3315 1671 3403 ἡμεῖς
1704 3318 2087 3404 διήλθομεν,
2125 3314 2334 3401 ἀπερ-

331 3411 676 3493 γάσονταις
719 3420 879 3492 Παῖς
916 3412 980 3481 δ’
1018 3413 1134 3487 οὕς
1180 3411 1283 3482 Οὐ
1303 3414 1516 3501 μόνον
1535 3414 1665 3498 ἄρα
1692 3412 1984 3481 δυνατὸν
2020 3412 2184 3480 ἀλλά
2222 3412 2332 3478 καὶ
