2602 3928
233 1416 332 1470 341

371 253 450 315 18
1086 213 1658 315 ΠΛΑΤῼῄοΣ

369 444 523 506 ματι
560 417 807 502 οὕτως,
852 415 958 483 ὅτι
996 411 1031 482 6
1070 412 1292 496 ἰατρὸς
1327 412 1641 498 ἐξήμαρτε
1679 413 1787 479 καὶ
1822 407 1859 478 ὁ
1894 420 2200 500 λογιστης
2240 411 2372 498 ἐξή·

369 540 574 600 μαρτε
597 516 705 582 καὶ
728 510 762 581 6
788 511 1308 599 γραμματιστής·
1342 510 1413 576 τὸ
1439 509 1528 593 δ’,
1554 507 1767 595 οἶμαι,
1813 509 2083 589 ἕκαστος
2103 509 2383 595 τούτων,

369 611 535 680 καθ’
568 610 733 680 ὅσον
770 607 955 678 τοῦτ’
996 615 1177 676 ἔστιν
1210 604 1252 673 ὃ
1274 606 1863 692 προσαγορεύομεν
1898 605 2142 692 αὐτόν,
2190 605 2361 675 οὐδέ-

371 735 530 778 ποτε
552 709 950 796 ἁμαρτάνει·
978 705 1147 773 ωστε
1169 702 1335 772 κατὰ
1361 703 1482 772 τὸν
1502 702 1746 792 ἀκριβῆ
1765 705 2005 791 λόγον,
2030 706 2253 792 ἐπειδὴ
2277 707 2387 774 καὶ

370 805 458 874 σὺ
481 807 936 895 ἀκριβολογεῖ,
974 801 1193 881 οὐδεὶς
1213 810 1349 869 τῶν
1371 799 1852 887 δημιουργῶν
1818 802 2200 889 αμαρτάνει.
2241 805 2387 870 ἐπι-

372 905 695 989 λιπούσης
731 899 863 987 γὰρ
898 899 1252 984 ἐπιστήμης
1287 895 1324 966 6
1363 894 1766 985 ἁμαρτάνων
1787 896 2207 1021 ἁμαρτάνει,
2231 905 2305 969 ἐν
2330 890 2387 988 ᾦ

370 999 498 1070 οὐκ
519 1005 656 1068 ἔστι
691 995 1124 1085 δημιουργός·
1167 993 1336 1062 ωστε
1358 994 1837 1080 δημιουργός’“
1793 1023 1834 1081 η
1866 998 2075 1083 σοφὰς
2094 995 2139 1085 ἢ
2164 997 2388 1084 ἄρχων

369 1095 587 1175 οὐδεὶς
609 1093 972 1181 ἁμαρτάνει
993 1093 1139 1160 τότε
1160 1089 1326 1159 όταν
1344 1088 1569 1176 άρχων
1586 1083 1653 1177 ᾖ,
1678 1089 1846 1160 ἀλλά
1865 1101 1993 1173 πᾶς
2010 1091 2065 1180 γ’
2086 1090 2171 1162 ἀν
2191 1104 2383 1181 εἴποι,
2485 1166 2490 1170 ,

369 1193 475 1264 ὅτι
510 1191 545 1260 ὁ
585 1191 810 1276 ἰατρὸς
843 1190 1092 1278 ἥμαρτε
1127 1190 1237 1256 καὶ
1271 1185 1307 1255 ὁ
1344 1213 1570 1274 αρχων
1600 1187 1869 1275 ἥμαρτε.
1914 1198 2222 1259 τοιοῦτον
2258 1184 2387 1259 οὖν

370 1292 454 1380 δή
478 1309 584 1358 σοι
606 1291 715 1357 καὶ
737 1288 849 1374 ἐμὲ
871 1285 1168 1375 ὑπόλαβε
1189 1295 1319 1354 νῦν
1342 1284 1423 1372 δὴ
1459 1284 1972 1374 ἀποκρίνεσθαι
1998 1287 2073 1357 τὰ
2098 1288 2229 1358 δὲ’
2193 1314 2387 1373 ακρι-

369 1391 690 1479 βέστατον
713 1390 924 1455 ἐκεῖνο
947 1385 1257 1471 τυγχάνει
1281 1383 1384 1466 ὅν,
1408 1385 1527 1452 τόν
1550 1384 1859 1470 άρχοντα,
1882 1384 2042 1454 καθ’
2071 1385 2235 1454 ὅσον
2256 1386 2386 1471 ἅρ-

371 1513 509 1575 χων
542 1488 708 1570 ἐστί,
755 1483 842 1572 μὴ
878 1480 1315 1569 ἁμαρτάνειν,
1361 1482 1448 1568 μὴ
1483 1479 1952 1569 ἁμαρτάνοντα
1988 1487 2061 1552 δὲ
2094 1485 2168 1552 τὸ
2203 1482 2385 1575 αὐτῷ

372 1588 715 1673 βέλτιστον
756 1589 1102 1663 τίθεσθαι,
1158 1585 1356 1647 τοῦτο
1404 1578 1475 1646 δὲ
1524 1588 1619 1669 τῷ
1659 1579 2000 1672 ἀρχομένῳ
2046 1588 2353 1670 ποιητέον

376 1680 564 1767 ὥστε,
590 1679 755 1766 ὅπερ
779 1677 906 1759 ἐξ’
867 1686 1070 1764 αρχῆς
1093 1681 1344 1763 ἔλεγον,
1371 1647 1629 1745 δίκαιόν
1651 1679 1820 1764 λέγω
1844 1677 1917 1748 τὸ
1942 1689 2065 1747 τοῦ
2088 1687 2385 1765 κρείττο-

370 1804 488 1858 νος
508 1791 722 1846 ποιεῖν
745 1781 1111 1862 συμφέρον.

533 1881 660 1943 XV.
707 1866 968 1958 Εἶεν,’
923 1899 1012 1958 ην
1034 1870 1093 1939 δ’
1121 1872 1283 1957 ἐγώ,
1311 1897 1362 1938 ω
1389 1872 1816 1958 Θρασύμαχε·
1853 1878 2028 1941 δοκεῖ
2047 1893 2154 1942 σοι
2175 1894 2384 1944 συκο-

367 1989 674 2061 φαντεῖν;
715 1972 914 2040 Πάνυ
933 1970 1055 2056 μὲν
1083 1962 1241 2056 οὖν,
1253 1975 1427 2090 ἔφη.
1522 1978 1665 2038 Οἴει
1686 1970 1814 2055 γάρ
1840 1998 1919 2059 με
1940 1976 2006 2053 ἐξ
2027 1977 2384 2061 ἐπιβουλῆς

365 2074 440 2140 ἐν
473 2085 608 2149 τοῖς
641 2070 866 2155 λόγοις
900 2068 1407 2153 κακουργοῦντά
1430 2086 1505 2135 σε
1539 2071 1809 2154 ἐρέσθαι
1834 2066 1922 2149 ὥς
1941 2068 2232 2159 ἠρόμην·
2275 2065 2384 2139 Ευ

364 2168 487 2254 μὲν
520 2158 648 2234 οὖν
683 2164 868 2251 οἶδα,
915 2169 1076 2251 ἔφη·
1121 2166 1231 2233 καὶ
1265 2162 1468 2233 οὐδέν
1497 2166 1578 2250 γε’
1608 2186 1715 2234 σοι
1748 2169 1953 2235 πλέον
1974 2173 2179 2236 ἔσται·
2224 2169 2382 2237 ούτε

299 2294 337 2343 B
365 2263 495 2350 γὰρ
518 2289 606 2330 αν
626 2287 707 2348 με
727 2261 967 2341 λάθοις
988 2287 1385 2347 κακούργων
1397 2313 1419 2348 ,
1464 2263 1620 2331 οὔτε
1641 2261 1730 2351 μὴ
1757 2265 1993 2333 λαθων
2010 2266 2381 2353 βιάσασθαι

285 3068 324 3120 G

365 2370 463 2450 τῶ
484 2360 659 2449 λόγω
682 2359 939 2427 δύναιο.
1032 2358 1213 2428 Ούδέ
1242 2358 1306 2445 γ’
1335 2388 1422 2429 αν
1446 2362 1952 2449 ἐπιχειρήσαιμι,
1995 2356 2083 2450 ἦν
2120 2363 2181 2431 δ’
2222 2366 2378 2452 ἐγώ,

369 2486 419 2526 ω
443 2458 739 2546 μακάριε.
784 2456 1073 2527 ἀλλ’ἵνα
1106 2455 1194 2545 μὴ
1231 2450 1436 2537 αὖθις
1467 2456 1627 2545 ἡμῖν
1660 2468 1967 2529 τοιοῦτον
2011 2465 2374 2551 ἐγγένηται,

366 2557 682 2641 διόρισαι,
728 2557 1019 2640 ποτέρως
1054 2560 1263 2641 λέγεις
1294 2555 1416 2625 τὸν
1448 2556 1737 2642 αρχοντά
1769 2585 1838 2628 τε
1872 2561 1981 2628 καὶ
2014 2558 2135 2628 τὸν
2155 2569 2378 2646 κρείτ-

363 2680 527 2722 τονα
542 2705 561 2738 ,
605 2651 726 2720 τὸν
722 2679 852 2775 τως
884 2658 1042 2733 ἔπος
1063 2650 1335 2722 scam*
1289 2681 1333 2741 η
1355 2651 1475 2722 τὸν
1497 2652 1762 2743 ἀκριβεῖ
1774 2657 1953 2748 λόγω
1966 2707 1987 2743 ,
2036 2655 2117 2726 ὃν
2137 2666 2268 2726 νῦν
2289 2656 2375 2746 δὴ

360 2757 610 2838 ἔλεγες,
662 2776 746 2818 ου
780 2749 855 2819 τό
891 2753 1231 2837 ξυμφέρον
1264 2741 1712 2838 κρείττονος”
1672 2779 1865 2834 οντος
1898 2758 2157 2823 δίκαιον
2193 2761 2376 2824 ἔσται

359 2855 452 2939 τῷ
483 2847 712 2935 ἥττονι
747 2863 980 2917 ποιεῖν.
1033 2847 1168 2917 Τόν
1201 2877 1293 2940 τφ
1330 2848 1813 2942 ἀκριβεστάτω,
1849 2857 2010 2939 ἔφη,
2047 2854 2276 2944 λόγω’
2246 2855 2372 2942 άρ-

359 2971 558 3031 χοντα
583 2943 761 3014 ὄντα.
808 2945 974 3030 πρὸς
1004 2956 1212 3015 ταῦτα
1242 2949 1600 3070 κακούργει
1622 2951 1733 3017 καὶ
1755 2949 2194 3038 συκοφάντει,
2231 2961 2297 3022 εῖ
2307 2978 2371 3020 τι

359 3043 677 3111 δύνασαι·
702 3041 904 3111 οὐδέν
924 3064 1052 3112 σου
1072 3052 1413 3133 παρίεμαι·
1438 3043 1587 3114 ἀλλ’
1615 3045 1699 3114 ού
1719 3045 1808 3134 μὴ
1834 3042 2059 3129 οἶός’
1994 3076 2032 3116 τ
2081 3042 2177 3138 ᾖς.
2226 3058 2371 3118 Οἴει

355 3137 483 3227 γάρ
506 3167 595 3208 αν
618 3166 733 3228 με,
780 3138 999 3228 εἷπον,
1042 3169 1221 3211 ουτω
1240 3151 1563 3232 μανῆναι,
1589 3142 1756 3213 ωστε
1778 3153 2000 3232 ξυρεῖν
2020 3152 2367 3236 ἐπιχειρεῖν

355 3243 601 3306 λέοντα
623 3239 734 3307 καὶ
769 3255 1214 3326 συκοφαντεῖν
1248 3243 1729 3330 Θρασύμαχον,
1768 3251 1926 3313 Νῦν
1956 3253 2189 3333 γοῦν,
2212 3253 2363 3333 ἔφη,

353 3339 793 3458 ἐπεχείρησας,
816 3333 1096 3406 ούδὲν’“
1043 3364 1140 3405 ων
1163 3342 1272 3409 καὶ
1291 3348 1519 3409 ταῦτα.
1595 3335 1907 3431 Αᾶην,
1860 3371 1947 3430 ην
1968 3343 2030 3411 δ’
2054 3344 2203 3431 ἐγώ,
2226 3370 2365 3412 των

353 3433 693 3502 τοιούτων.
739 3429 886 3503 ἀλλ’
924 3440 1072 3505 εἰπέ
1086 3462 1228 3522 μοι·
1274 3435 1313 3505 ὁ
1349 3466 1439 3526 τῳ
1474 3436 1740 3529 ἀκριβεῖ
1762 3442 1941 3532 λόγω
1980 3441 2234 3530 ἰατρός,
2279 3440 2363 3513 ὃν
