2602 3928
328 241 453 304 330
1040 246 1250 303 ΠΛΛ
1274 245 1616 304 ΤῼΝΟΣ
2275 252 2341 304 12

329 417 501 489 πεῖν,
529 400 819 489 ἀκήκοας
833 429 847 442 ·
906 406 1213 487 λέγοντος
1245 402 1318 471 δὲ
1349 403 1432 486 δὴ
1465 401 1622 488 χθὲς
1657 410 1784 470 σοῦ
1816 403 1967 485 περὶ
2013 408 2344 480 πολιτείας

329 503 438 569 καὶ
459 509 594 568 τῶν
615 498 907 585 ἀνδρῶν,
934 497 1052 580 οὓς
1071 505 1309 585 ἔλεγες,
1339 500 1720 585 ἐθαύμαζον
1753 497 2342 586 ἀναμιμνησκόμε-

330 625 446 677 νος
481 595 650 665 αὐτὰ
684 595 730 665 ἃ
757 606 886 667 νῦν
925 599 1118 683 λε’γω,
1141 605 1509 683 κατανοῶν,
1550 596 1636 678 ὡς
1671 602 2024 683 δαιμονίως
2059 602 2132 665 ἐκ
2161 623 2344 675 τινος

328 697 528 784 τύχης
549 695 675 765 οὐκ
700 697 830 766 ἄπο
867 703 1124 765 σκοποῦ
1161 699 1570 783 ξυνηνέχθης
1595 695 1679 763 τὰ
1721 694 1934 765 πολλὰ
1964 692 2062 775 οἷς
2095 696 2342 765 Σόλων

233 816 300 869 26
337 793 536 863 εἶπεν.
581 792 664 864 οὐ
684 793 818 880 μὴν
844 793 1226 881 ἐβουλήθην
1259 801 1654 879 παραχρῆμα
1688 797 1924 861 εἰπεῖν·
1968 791 2075 861 διὰ
2096 792 2342 879 χρόνου

328 891 458 979 γάρ
482 891 603 978 οὐχ
628 896 871 970 ἱκανῶς
893 891 1276 977 ἐμεμνήμην
1291 917 1306 930 ·
1352 890 1670 976 ἐνενόησα
1694 883 1840 976 οὖν,
1877 888 1980 958 ὅτι
2005 891 2217 976 χρεων
2239 901 2340 977 εἴη

328 1016 408 1076 με
423 988 589 1077 πρὸς
611 990 899 1076 ἐμαυτὸν
919 994 1187 1075 πρῶτον
1205 990 1449 1066 ἱκαναῖς
1461 986 1676 1055 πάντα
1690 986 2109 1076 ἀναλαβόντα
2121 989 2341 1072 λέγειν

330 1087 558 1168 οὕτως.
602 1086 772 1157 ὅθεν
792 1085 953 1172 ταχὺ
969 1085 1503 1171 ,ξυνωμολόγησά
1535 1104 1644 1154 σοι
1663 1084 2142 1171 τάπιταχθέντα
2158 1089 2338 1172 χθές,

325 1184 721 1272 ἡγούμενος,
754 1183 919 1267 ὅπερ
946 1184 1020 1250 ἐν
1055 1180 1261 1250 ἅπασι
1295 1196 1431 1261 τοῖς
1464 1186 1747 1250 τοιοῖσδε
1778 1186 2086 1269 μέγιστον
2118 1187 2339 1269 ἔργον,

331 1283 535 1367 λόγον
554 1281 704 1350 τινὰ
724 1285 1063 1364 πρέποντα
1082 1293 1216 1358 τοῖς
1229 1280 1647 1367 βουλήμασιν
1667 1277 2069 1367 ὑποθέσθαι,
2091 1281 2340 1349 τούτου

328 1385 605 1468 μετρίως
633 1375 805 1465 ἡμᾶς
844 1375 1257 1463 εὐπορήσειν.
1314 1375 1492 1446 οὕτω
1535 1377 1638 1464 δή,
1680 1379 1985 1465 καθάπερ
2027 1376 2128 1446 ὅδ’
2177 1375 2339 1462 εἶπε,

327 1481 489 1563 χθές
507 1503 577 1544 τε
601 1473 812 1554 εὐθὺς
832 1478 1109 1543 ἐνθένδε
1130 1472 1351 1543 ἀπιών
1371 1475 1535 1562 πρὸς
1548 1474 1789 1544 τούσδε
1811 1474 2143 1564 ἀνέφερον
2166 1473 2337 1543 αὐτὰ

255 1594 294 1644 Β
332 1571 1009 1660 ἀναμιμνησκόμενος,
1039 1571 1358 1641 ἀπελθών
1382 1599 1454 1641 τε
1473 1571 1710 1659 σχεδόν
1728 1598 1792 1640 τι
1824 1573 2041 1642 πάντα
2073 1574 2341 1641 ἐπισκο-

332 1680 484 1738 πῶν
515 1679 630 1758 τῆς
663 1672 905 1750 νυκτὸς
941 1667 1291 1757 ἀνέλαβον.
1333 1668 1424 1750 ὡς
1454 1670 1537 1757 δή
1570 1695 1691 1758 τοι,
1729 1667 1804 1738 τὸ
1841 1668 2222 1757 λεγόμενον,
2254 1669 2338 1737 τὰ

327 1774 584 1837 παίδων
604 1768 963 1856 μαθήματα
984 1767 1381 1854 θαυμαστὸν
1403 1773 1530 1855 ἔχει
1550 1795 1612 1836 τι
1643 1781 1980 1856 μνημεῖον.
2034 1765 2162 1853 ἐγώ
2182 1767 2336 1853 γάρ,

330 1863 375 1934 ὁὶ
415 1866 537 1953 μὲν
568 1869 726 1952 χθὲς
767 1865 1047 1954 ἥκουσα,
1078 1863 1202 1953 οὐκ
1237 1859 1326 1933 ἀν
1353 1863 1478 1933 οἷδ’
1507 1871 1568 1934 εί
1605 1869 1935 1954 δυναίμην
1970 1864 2229 1933 ἅπαντα
2264 1866 2338 1931 ἐν

327 1966 552 2056 μνήμῃ
573 1966 775 2034 πάλιν
801 1973 1061 2053 λαβεῖν·
1100 1972 1314 2033 ταῦτα
1345 1968 1437 2048 δέ,
1471 1961 1514 2033 ἃ
1545 1966 1904 2053 πάμπολυν
1922 1963 2168 2051 χρόνον
2190 1967 2337 2031 δια-

326 2065 562 2152 κη’κοα,
594 2063 973 2132 παντάπασι
1006 2059 1424 2149 θαυμάσαιμ’
1461 2060 1547 2131 ἂν
1579 2072 1646 2131 εἴ
1671 2068 1741 2131 τί
1762 2087 1844 2148 με
1867 2057 2092 2129 αὐτῶν
2112 2061 2340 2129 διαπέ-

329 2187 598 2248 φευγεν.
643 2154 731 2249 ἦν
775 2161 897 2248 μὲν
941 2154 1068 2230 οὖν
1108 2161 1269 2247 μετὰ
1313 2168 1560 2247 πολλῆς
1596 2157 1843 2248 ἡδονῆς
1880 2160 1991 2228 καὶ
2034 2164 2340 2244 παιδικῆς

253 2267 292 2319 C
328 2258 478 2326 τότε
508 2256 910 2346 ἀκουόμενα,
933 2263 1044 2327 καὶ
1075 2264 1197 2327 τοῦ
1230 2258 1612 2346 πρεσβύτου
1635 2257 2002 2345 προθύμως
2033 2283 2114 2345 με
2149 2256 2341 2324 ococi-

328 2374 624 2441 σκοντος,
659 2355 764 2423 ἅτ’
816 2360 982 2444 ἐμοῦ
1024 2357 1340 2436 πολλάκις
1384 2358 1950 2441 ἐπανερωτῶντος,
1987 2352 2152 2422 ὥστε
2194 2349 2340 2421 οἷον

326 2454 704 2540 ἐγκαύματα
739 2453 1160 2524 ἀνεκπλύτου
1188 2461 1455 2540 γραφῆς
1486 2454 1741 2541 ἔμμονά
1773 2479 1886 2540 μοι
1920 2455 2183 2538 γέγονε·
2228 2455 2336 2521 καὶ

249 2637 254 2643 ,
330 2549 411 2639 δὴ
439 2553 548 2619 καὶ
567 2555 786 2620 τοῖσδε
809 2548 1020 2631 εὐθὺς
1042 2558 1271 2638 ἔλεγον
1294 2553 1514 2620 ἕωθεν
1535 2549 1703 2619 αὐτὰ
1739 2559 1967 2635 ταῦτα,
1996 2555 2107 2619 ἵνα
2130 2548 2337 2618 εὐπο-

326 2663 507 2736 ροϊεν
529 2649 750 2734 λόγων
770 2646 900 2735 μετ’
927 2653 1106 2736 ἐμοῦ.
1139 2659 1269 2719 νῦν
1292 2643 1439 2736 οὖν,
1458 2641 1880 2739 οὗπερ,ἕνεκα
1895 2649 2111 2718 πάντα
2131 2656 2341 2717 ταῦτα

327 2755 598 2833 εἴρηται,
624 2748 838 2830 λέγειν
861 2750 991 2833 εἰμὶ
1018 2749 1293 2835 ἕτοιμος,
1318 2740 1375 2816 ὦ
1394 2748 1768 2833 Σώκρατες,
1793 2748 1881 2835 μὴ
1903 2746 2117 2835 μόνον
2137 2750 2213 2815 ἐν
2234 2772 2338 2814 κε-

327 2847 635 2927 φαλαίοις
657 2839 805 2909 ἀλλ’
837 2840 1060 2930 ὥσπερ
1081 2842 1339 2931 ἤκουσα
1358 2842 1521 2912 καθ’
1553 2844 1854 2913 ἕκαστον·
1879 2842 2036 2923 τούς
2065 2847 2139 2912 δὲ
2159 2848 2336 2911 πολί-

324 2965 442 3018 τας
468 2941 577 3007 καὶ
596 2938 720 3026 τῆν
746 2940 963 3027 πόλιν,
986 2938 1074 3028 ἢν
1097 2942 1255 3027 χθὲς
1273 2938 1434 3029 ἡμῖν
1456 2939 1544 3020 ὥς
1566 2944 1639 3009 ἐν
1659 2942 1862 3032 μύθῳ
1886 2942 2191 3031 διῄεισθα
2215 2939 2329 3025 σύ,

244 3054 288 3105 D
326 3044 459 3104 νῦν
479 3038 981 3124 μετενεγκόντες
997 3041 1100 3107 ἐπὶ
1113 3035 1396 3125 τάληθὲς
1418 3042 1618 3126 δεῦρο
1640 3039 1942 3126 θήσομεν
1966 3035 2055 3118 ὦς
2076 3042 2338 3124 ἐκείνην

326 3132 523 3220 τήνδε
539 3127 771 3221 οὖσαν,
796 3134 1084 3215 καὶτοὺς
1097 3142 1386 3223 πολίτας,
1411 3134 1530 3216 οὓς
1552 3141 1837 3223 διενοοῦ,
1854 3135 2154 3223 φήσομεν
2175 3140 2338 3205 ἐκεί-

223 3277 232 3292 ,
324 3257 489 3310 νους
515 3228 674 3310 τούς
700 3228 1068 3319 ἀληθινοὺς
1105 3231 1273 3302 εἶναι
1310 3234 1687 3320 προγόνους
1717 3231 1927 3322 ἡμῶν,
1960 3232 2077 3315 οὓς
2111 3240 2338 3319 ἔλεγεν

327 3322 363 3395 ὁ
387 3326 620 3414 ἱερεύς.
673 3327 938 3410 πάντως
951 3327 1322 3417 ἆρμόσουσι
1337 3336 1448 3400 καὶ
1470 3329 1594 3401 οὐκ
1617 3329 2016 3421 ἀπᾳσόμεθα
2034 3334 2341 3417 λέγοντες

329 3419 575 3502 αὐτοὺς
596 3421 761 3493 εἶναι
781 3424 940 3505 τούς
965 3428 1037 3495 ἐν
1062 3437 1159 3518 τῷ
1180 3430 1328 3498 τότε
1351 3428 1548 3511 ὄντας
1568 3429 1787 3522 χρόνῳ
1805 3457 1820 3472 ·
1854 3435 2045 3518 κοινῇ
2082 3428 2152 3497 δὲ
2187 3432 2328 3496 δια·
