2602 3928
389 197 514 261 322
1126 192 1696 256 ΠΛΑΤΩΝΟΣ
2371 205 2407 259 4

316 385 355 435 Β
567 365 676 427 TI.
727 353 1078 441 Οὐδαμῶς,
1103 352 1270 422 ἀλλά
1292 352 1498 421 ταύτὰ
1522 351 1708 420 ταῦτ’
1732 346 1819 439 ἦν
1850 352 1931 421 τά
1965 356 2308 442 λεχθέντα,
2347 349 2407 424 ῶ

396 456 762 541 Σώκρατες.

557 557 633 620 11.
672 558 821 620 ΣΩ.
857 545 1171 619 ’fluuium'
1201 545 1290 617 ἀν
1310 548 1438 636 ἤδη
1459 547 1540 617 τὰ
1562 547 1722 636 μετά
1740 556 1948 617 ταῦτα
1969 552 2254 638 περὶτῆς
2276 576 2403 620 πο-

389 656 649 736 λιτείας,
671 646 758 737 ἢν
780 648 1165 736 διήλθομεν,
1188 642 1336 716 οἶόν
1355 673 1418 714 τι
1438 648 1605 734 πρὸς
1628 642 1838 733 αὐτὴν
1857 647 2216 728 πεπονθώς
2235 675 2405 736 τυγ-

387 749 587 836 χάνω.
630 750 975 834 προσέοικε
1017 747 1089 814 δὲ
1122 744 1204 831 δή
1226 752 1364 813 τινί
1388 770 1502 830 μοι
1533 748 1766 834 τοιῷδε
1798 744 1870 812 τὸ
1899 742 2137 831 πάθος,
2164 741 2311 815 οἷον
2342 757 2412 816 εἴ

391 873 489 924 τις
524 851 654 926 ζῶα
694 843 863 911 καλά
898 854 1032 910 ’που
1067 841 1506 928 θεασάμενος,
1543 851 1671 910 εἴτε
1706 839 1836 910 ὑπὸ
1871 851 2136 930 γραφῆς
2176 849 2403 930 εἰργα-

391 943 599 1029 σμένα
623 951 754 1021 εἴτεΙ
785 943 896 1009 καὶ
922 945 1133 1021 ζῶντα
1172 936 1541 1026 ἀληθινῶς,
1571 935 1849 1025 ἡσυχίαν
1886 938 1959 1006 δὲ
1992 938 2263 1026 ἄγοντα,
2310 946 2404 1020 είς

391 1043 758 1126 ἐπιθυμίαν
805 1035 1111 1123 ἀφίκοιτο
1145 1038 1527 1106 θεάσασθαι
1567 1035 1931 1121 κινούμενά
1961 1062 2032 1105 τε
2077 1035 2242 1105 αὐτὰ
2289 1042 2407 1106 καί

391 1163 456 1204 τι
476 1142 616 1204 τῶν
634 1149 770 1216 τοῖς
789 1135 1050 1223 σωμασι
1079 1135 1468 1205 δοκούντων
1499 1133 1863 1220 προσήκειν
1886 1134 2054 1202 κατὰ
2074 1134 2198 1221 τὴν
2219 1133 2402 1221 ἀγω-

318 1254 358 1307 c
393 1240 546 1302 νίαν
566 1232 912 1302 ἀθλοῦντα
927 1260 941 1274 ·
985 1228 1232 1301 ταύτὸν
1253 1235 1365 1300 καὶ
1386 1233 1514 1317 ἐγώ
1530 1233 1847 1300 πέπονθα
1868 1231 2034 1318 πρὸς
2054 1233 2178 1319 τὴν
2198 1235 2397 1302 πόλιν
2453 1270 2456 1273 *

391 1327 478 1415 ἢν
499 1329 884 1417 διήλθομεν.
927 1327 1135 1417 ἡδέως
1154 1330 1283 1415 γὰρ
1319 1327 1409 1397 ἀν
1442 1354 1564 1397 του
1601 1331 1777 1420 λόγῳ
1811 1330 2164 1412 διεξιόντος
2187 1329 2401 1398 ἀκού-

393 1426 577 1513 σαιμ’
603 1421 688 1495 ἀν
710 1425 985 1514 ἄθλους,
1011 1426 1129 1506 οὓς
1149 1426 1342 1507 πόλις
1373 1425 1589 1513 ἀθλεϊ,
1618 1427 1896 1507 τούτους
1918 1425 2128 1513 αὐτὴν
2151 1427 2401 1513 ἀγωνι-

392 1526 673 1611 ζομένην
713 1524 881 1613 πρὸς
923 1525 1148 1606 πόλεις
1188 1524 1392 1604 ἄλλας
1432 1525 1837 1612 πρεπόντως,
1871 1533 1965 1604 εἴς
1997 1552 2070 1594 τε
2100 1526 2396 1613 πόλεμον

393 1619 808 1708 ἀφικομένην
828 1624 939 1691 καὶ
961 1627 1036 1691 ἐν
1057 1631 1152 1709 τῷ
1171 1630 1482 1708 πολεμεῖν
1493 1622 1574 1690 τά
1594 1624 2015 1710 προσήκοντα
2038 1622 2400 1692 ἀποδιδοῦ-

396 1739 522 1787 σαν
543 1727 621 1807 τῇ
644 1724 905 1809 παιδείᾳ
926 1723 1035 1790 καὶ
1062 1728 1283 1809 τροφῇ
1304 1721 1471 1788 κατά
1490 1746 1560 1788 τε
1581 1721 1698 1800 τὰς
1717 1722 1790 1788 ἐν
1822 1734 1958 1801 τοῖς
1991 1726 2205 1809 ἔργοις
2227 1722 2399 1807 πρά-

395 1822 521 1897 ξεις
539 1815 836 1884 καὶκατὰ
859 1814 977 1895 τὰς
1011 1820 1086 1886 ἐν
1118 1830 1255 1896 τοῖς
1291 1816 1515 1902 λόγοις
1548 1816 2036 1904 διερμηνεύσεις
2056 1815 2224 1904 πρὸς
2246 1817 2399 1886 ἑκά-

394 1936 549 1993 στας
567 1921 702 1981 τῶν
726 1912 1004 1983 πόλεων.
1051 1911 1241 1982 ταῦτ’
1266 1907 1415 2000 οὖν,
1451 1906 1506 1982 ῶ
1533 1919 1772 1999 Κριτία
1804 1918 1916 1985 καὶ
1945 1914 2398 2004 Ἑρμόκρατες,

315 2037 359 2087 1>
397 2013 689 2101 ἐμαυτοῦ
710 2018 834 2101 μὲν
855 2011 1054 2094 αὐτὸς
1074 2020 1460 2102 κατέγνωκα
1481 2019 1573 2102 μή
1595 2014 1745 2083 ποτ’
1778 2012 1865 2085 ἀν
1901 2016 2185 2097 δυνατὸς
2215 2020 2401 2103 γενέ-

396 2123 558 2181 σθαι
578 2110 736 2193 τοὺς
766 2111 1015 2200 ἀνδρας
1036 2115 1145 2182 καὶ
1174 2112 1299 2200 τὴν
1333 2114 1527 2181 πόλιν
1563 2116 1807 2193 ἱκανῶς
1829 2113 2246 2202 ἐγκωμιάσαι.
2291 2118 2400 2183 καὶ

394 2207 467 2277 τὸ
513 2207 636 2293 μὲν
673 2207 836 2294 ἐμὸν
879 2208 1077 2278 οὐδὲν
1114 2210 1539 2296 θαυμαστόν·
1581 2207 1749 2278 ἀλλά
1787 2208 1913 2297 τὴν
1945 2208 2157 2298 αὐτὴν
2200 2211 2404 2291 δόξαν

399 2315 637 2391 εἴληφα
660 2310 770 2374 καὶ
791 2308 942 2392 περὶ
967 2312 1108 2375 τῶν
1126 2307 1335 2375 πάλαι
1353 2307 1732 2394 γεγονότων
1744 2309 1853 2376 καὶ
1875 2316 2011 2376 τῶν
2032 2316 2164 2377 νῦν
2184 2307 2404 2378 ὄντων

397 2411 709 2492 ποιητῶν,
736 2402 822 2471 οὔ
840 2431 905 2473 τι
933 2404 1007 2473 τὰ
1044 2404 1389 2494 ποιητικὸν
1408 2405 1737 2493 ἀτιμάζων
1761 2409 1973 2493 γε’νος,
2007 2404 2173 2476 ἀλλά
2207 2408 2406 2475 παντὶ

400 2506 604 2587 δῆλον
629 2498 717 2580 ὥς
735 2500 811 2568 τὸ
837 2501 1189 2589 μιμητικὸν
1210 2507 1431 2588 ἔθνος,
1457 2497 1555 2582 οἷς
1586 2498 1672 2571 ἂν
1703 2505 2019 2592 ἐντραφῇ,
2053 2509 2261 2571 ταῦτα
2291 2529 2406 2588 μι-

399 2599 675 2686 μήσεται
695 2599 906 2687 ρᾆτα
927 2600 1039 2667 καὶ
1070 2598 1328 2686 ἄριστα,
1365 2596 1439 2668 τὸ
1478 2597 1543 2666 δ’
1590 2598 1778 2680 ε’κτὸς
1809 2606 1926 2686 τῆς
1966 2607 2218 2685 τροφῆς
2247 2600 2409 2668 ἑκά-

321 2718 362 2769 E
398 2716 575 2776 στοις
603 2694 1007 2782 γιγνόμενον
1025 2695 1318 2781 χαλεπὸν
1336 2698 1459 2783 μὲν
1480 2700 1714 2783 ἔργοις,
1734 2700 1829 2763 ἔτι
1858 2696 1930 2764 δὲ
1949 2696 2411 2783 χαλεπώτερον

400 2795 620 2879 λόγοις
642 2785 720 2862 εὖ
741 2802 1100 2880 μιμεῖσθαι.
1146 2793 1221 2862 τὰ
1259 2793 1333 2863 δὲ
1363 2801 1500 2862 τῶν
1528 2800 1870 2880 σοφιστῶν
1903 2795 2096 2878 γένος
2117 2785 2207 2860 αὖ
2237 2800 2407 2860 πολ-

402 2898 540 2960 λῶν
561 2892 684 2978 μὲν
704 2889 925 2978 λόγων
946 2893 1056 2959 καὶ
1076 2900 1303 2960 καλῶν
1322 2889 1560 2959 ,ἀλλων
1595 2888 1755 2978 μάλ’
1794 2896 2105 2977 ἔμπειρον
2138 2888 2408 2975 ἥγημαι,

402 2995 744 3075 φοβοῦμαι
765 2991 857 3073 δέ,
883 2987 974 3076 μή
994 3011 1153 3075 πως,
1178 2988 1293 3057 ἅτε
1315 2986 1655 3075 πλανητὸν
1678 2983 1761 3055 ὂν
1790 2985 1955 3055 κατὰ
1980 2986 2201 3065 πόλεις
2222 2985 2412 3072 οἰκή-

405 3105 540 3166 σεις
571 3111 642 3153 τε
684 3088 851 3163 ἰδίας
887 3083 1150 3175 οὐδαμῇ
1183 3087 1529 3176 διφκηκός,
1553 3083 1836 3170 ἄστοχον
1857 3083 1992 3172 ἅμα
2015 3084 2413 3171 φιλοσόφων

405 3184 676 3270 ἀνδρῶν
712 3174 758 3271 ᾖ
802 3185 910 3252 καὶ
955 3191 1330 3270 πολιτικῶν,
1370 3182 1482 3253 ὅσ’
1522 3179 1608 3251 ἀν
1649 3176 1756 3251 οἷά
1796 3208 1865 3251 τε
1896 3186 1971 3250 ἐν
2004 3186 2264 3271 πολέμῳ
2299 3183 2413 3250 καὶ

407 3281 642 3370 μάχαις
672 3279 1071 3365 πράττοντες
1100 3287 1272 3373 ἔργω
1306 3284 1418 3350 καὶ
1447 3286 1621 3370 λόγῳ
1655 3286 2213 3368 προσομιλοῦντες
2256 3278 2416 3347 ἑκά-

412 3401 587 3459 στοις
641 3377 990 3464 πράττοιεν
1036 3383 1147 3448 καὶ
1189 3382 1460 3467 λέγοιεν.
1522 3381 2012 3447 καταλέλειπται
2056 3379 2137 3465 δὴ
2178 3375 2253 3446 τό
2284 3384 2416 3463 ’τῆς

2568 604 2584 647 1
