2602 3928
890 215 1469 274 ΠοΛιΤΕΙΑΣ
1497 208 1567 291 γ’.
2162 217 2247 281 89

251 370 869 459 προσποιουμένους
899 373 1319 458 τεθράφθαις
1373 369 1420 458 ἢ
1454 372 1578 441 οὐκ
1617 373 1892 460 αἰσχρὸν
1925 382 2109 446 δοκεῖ
2138 380 2248 449 καὶ
2280 402 2315 453 Β

243 469 670 549 ἀπαιδευσίας
690 470 860 554 μέγα
880 468 1239 555 τεκμήριον
1276 467 1351 537 τὸ
1384 474 1640 560 ἐπακτῷ
1677 471 1832 556 παρ’
1871 471 2116 559 ἄλλων,
2163 475 2250 556 (ὃς

240 573 580 636 δεσποτῶν
611 592 681 633 τε
716 567 827 633 καὶ
856 573 1123 652 κριτῶν,
1160 573 1251 653 τῷ
1295 570 1526 657 δικαίῳ
1565 538 2056 652 ἀναγκάζεσθαι
2085 583 2250 658 χρῆ·

239 677 421 752 σθαι,
445 669 552 732 καὶ
577 663 820 750 ἀπορία
857 671 1150 743 οἰκείων;
1193 665 1484 733 Πάντων
1515 666 1642 751 μὲν
1665 659 1812 752 οὖν,
1841 676 1998 754 ἔφη,
2036 680 2251 757 αἴσχι-

240 784 418 832 στον
453 756 540 831 Ἦ
555 767 740 831 δοκεῖ
757 782 887 847 σοι,
908 755 998 848 ἦν
1020 760 1084 830 δ’
1114 763 1263 847 ἐγώ,
1288 763 1533 831 τούτου
1551 775 1815 850 αἴσχιον
1838 765 2006 834 εἶναι
2026 777 2245 853 τοῦτο,

240 861 403 931 ὅταν
441 888 540 939 τις
583 857 672 946 μὴ
717 862 933 945 μόνον
984 858 1057 927 τό
1105 858 1278 928 πολὺ
1323 868 1443 930 τοῦ
1487 870 1641 949 βίου
1692 867 1765 931 έν
1808 869 2249 953 δικαστηρίοις

239 958 513 1045 φεύγων
535 984 603 1024 τε
624 959 734 1027 καὶ
757 955 1021 1027 διώκων
1041 966 1532 1047 κατατρίβηται,
1561 959 1731 1029 ἀλλά
1766 966 1876 1031 καὶ
1905 961 2035 1032 ὑπὸ
2059 963 2248 1033 ἀπει-

188 1061 198 1067 ’
241 1063 551 1143 ροκαλίας
574 1051 676 1122 ἐπ’
706 1052 888 1142 αὐτῷ
927 1052 1009 1139 δὴ
1042 1055 1259 1144 τούτῳ
1297 1065 1545 1144 πεισθῇ
1583 1066 2132 1148 καλλωπίζεσθαι,
2163 1062 2251 1142 ῶς

239 1157 456 1233 δεινὸς
481 1148 578 1220 ω”ν
597 1152 844 1237 περὶτὰ
878 1151 1133 1220 ἀδικεῖν
1157 1156 1264 1222 καὶ
1301 1154 1533 1233 ἱκανὸς
1568 1158 1782 1236 πάσας
1808 1159 1931 1244 μὲν
1953 1158 2249 1246 στροφὰς
2280 1185 2319 1236 c

241 1255 666 1337 στρέφεσθαι,
710 1251 924 1328 πάσας
982 1250 1053 1318 δὲ
1107 1250 1443 1331 διεξόδους
1498 1253 1859 1333 διεξελθών
1909 1256 2248 1344 ἀποστρα-

243 1360 448 1438 φῆναι
478 1348 921 1435 λυγιζόμενος,
955 1348 1124 1416 ῶστε
1144 1348 1233 1435 μὴ
1258 1367 1621 1436 παρασχεῖν
1648 1357 1864 1439 δίκην,
1903 1361 2012 1423 καὶ
2040 1364 2248 1424 ταῦτα

130 1502 139 1509 .
245 1456 543 1534 σμικρῶν
564 1473 634 1515 τε
670 1448 780 1514 καὶ
802 1444 1081 1525 οὐδενὸς
1100 1444 1304 1526 ἀξίων
1329 1448 1550 1531 ἕνεκα,
1584 1447 1873 1535 ἀγνοῶν,
1911 1450 2046 1541 ὅσῳ
2084 1454 2250 1521 κάλ-

240 1555 385 1613 λιον
406 1543 569 1612 καὶ’
538 1548 818 1630 α’μεινον
839 1543 914 1612 τὸ
938 1546 1465 1626 παρασκευάζειν
1485 1546 1607 1613 τὸν
1641 1554 1793 1633 βίον
1825 1545 2006 1638 αυτῶ
2041 1554 2249 1636 μηδὲν

240 1647 502 1711 δεῖσθαι
543 1643 979 1722 νυστάζοντος
1023 1646 1370 1723 δικαστοῦ;
1419 1641 1586 1729 Οὔκ,
1630 1641 1799 1713 ἀλλά
1842 1644 2049 1731 τοῦτ’,
2096 1654 2246 1734 ἔφη,

238 1743 499 1809 ἐκείνου
515 1747 608 1809 ἔτι
630 1751 901 1826 αἴσχιον.
957 1740 1046 1808 Τὸ
1070 1742 1141 1808 δὲ
1165 1733 1548 1826 ἰατρικῆς,
1504 1767 1591 1826 ην
1623 1739 1686 1807 δ’
1704 1741 1856 1829 ἐγώ,
1883 1748 2242 1829 δεισθαι,ο
2214 1744 2247 1768 ‘'

0 1831 8 1860 '
109 1931 120 1937 ⁸
237 1866 300 1906 τι
320 1837 408 1924 μὴ
432 1839 826 1925 τραυμάτων
849 1841 1043 1907 ενεκα
1065 1839 1111 1925 ἤ
1133 1865 1337 1907 τινων
1360 1842 1668 1909 ἐπετείων
1689 1843 2090 1926 νοσημάτων
2103 1845 2244 1910 ἐπι-

239 1937 600 2023 πεσόντων,
636 1934 803 2005 ἀλλὰ
840 1934 930 2005 δι’
938 1933 1245 2063 ἀργίαν
1243 1962 1314 2005 τε
1345 1939 1458 2006 καὶ
1491 1942 1747 2006 δίαιταν
1782 1941 1931 2006 οἵαν
1963 1938 2314 2027 διήλθο-Ῑ)

234 2063 359 2123 μεν
389 2037 740 2122 ῥευμάτων
758 2061 829 2104 τε
849 2039 960 2104 καὶ
982 2034 1381 2121 πνευμάτων
1407 2034 1628 2121 ὥσπερ
1651 2042 1885 2123 λίμνας
1918 2042 2248 2125 έμπιπλαὦ

238 2136 480 2220 μένους
509 2134 730 2220 φύσας
763 2159 834 2200 τε
867 2134 979 2201 καὶ
1013 2132 1387 2217 κατάρρους
1416 2132 1788 2219 νοσήμασιν
1817 2136 2111 2222 ὀνόματα
2149 2145 2247 2205 τί-

235 2243 488 2301 θεσθαι
537 2230 934 2317 ἀναγκάζειν
993 2231 1151 2319 τούς
1204 2229 1506 2317 κομψοὺς
1558 2228 2064 2320 Ἀσκληπιάδας,
2122 2232 2249 2302 οὐκ

238 2329 513 2418 αἰσχρὸν
536 2336 747 2412 δοκεῖς
784 2332 918 2399 Καὶ
943 2325 1128 2417 μάλ’,
1172 2334 1322 2415 ἔφη,
1369 2327 1461 2408 ῶς
1505 2328 1777 2415 ἀληθῶς
1807 2331 2005 2400 καινά
2040 2340 2250 2399 ταῦτα

237 2433 347 2499 καὶ
370 2428 585 2500 ἄτοπα
607 2429 1003 2515 νοσημάτων
1026 2425 1337 2512 ὀνόματα.
1387 2422 1533 2513 Οἷα,
1564 2422 1651 2514 ἦν
1674 2425 1748 2494 δ”
1764 2428 1915 2513 ἐγώ,
1942 2425 2028 2507 ὡς
2048 2427 2250 2517 οἶμαι,

237 2528 363 2596 οὐκ
403 2520 490 2613 ἦν
533 2523 635 2594 ἐπ’
675 2523 1107 2620 Ἀσκληπιοῦ·
1154 2530 1589 2610 τεκμαίρομαι
1628 2528 1722 2611 δέ,
1773 2523 1875 2594 ὅτι
1923 2524 2136 2595 αὐτοῦ
2185 2530 2253 2595 οἰ

238 2630 403 2702 υἱεῖς
446 2628 519 2691 ἐν
566 2630 771 2712 Τροία
813 2620 1199 2711 Εὐρυπύλῳ
1244 2624 1631 2711 τετρωμένῳ
1685 2621 1780 2689 ἐπ’
1825 2621 2013 2690 οἶνον
2052 2624 2315 2710 flod-13

237 2748 466 2841 μνειον
489 2720 734 2805 άλφιτα
766 2721 978 2790 πολλοὶ
1003 2723 1453 2789 ἐπιπασθέντα
1479 2722 1590 2787 καὶ
1621 2718 1829 2804 τυρὸν
1846 2721 2244 2800 έπιξυσθέν-
2283 2745 2382 2800 406

237 2847 340 2904 τα,
384 2847 426 2885 α
480 2817 562 2904 δὴ
611 2824 796 2886 δοκεῖ
840 2817 1281 2914 φλεγματώδη
1331 2816 1522 2914 εἶναι,
1578 2842 1702 2883 ουκ
1744 2819 2118 2901 ἐμέμψαντο
2168 2830 2250 2908 τῇ

237 2918 450 3003 δούσῃ
471 2930 667 3011 πιεῖν,
692 2907 849 2983 ουδε
868 2917 1234 3034 Πατρόκλῳ
1265 2922 1357 3004 τῷ
1381 2917 1636 3002 ἰωμένῳ
1661 2919 2075 3000 ἐπετίμησαν.
2119 2918 2252 2985 Καὶ

236 3015 357 3100 μεν
390 3012 493 3098 δή,
541 3018 691 3098 ἔφη,
729 3009 982 3080 ἄτοπόν
1021 3038 1096 3097 γε
1125 3012 1198 3080 τὸ
1223 3021 1421 3098 πῶμα
1449 3009 1665 3092 οὕτως
1699 3018 1933 3098 ἔχοντι.
1981 3012 2150 3098 Οὔκ,
2191 3023 2250 3082 εἰ

234 3112 301 3199 γ’
345 3115 616 3193 ἐννοεῖς,
652 3106 931 3194 εἶπον,
904 3107 1006 3180 ότι
1046 3118 1128 3196 τῇ
1171 3114 1631 3196 παιδαγωγικῇ
1672 3119 1809 3177 τῶν
1849 3111 2249 3196 νοσημάτων

233 3208 442 3295 ταύτῃ
463 3215 545 3295 τῇ
564 3214 695 3274 νῦν
718 3215 978 3294 ἰατρικῇ
1000 3207 1128 3295 πρὸ
1144 3215 1265 3275 τοῦ
1294 3205 1763 3292 Ἀσκληπιάδαι
1789 3206 1915 3275 οὐκ
1937 3210 2250 3294 ἐχρῶντο,

238 3304 327 3385 ῶς
348 3324 538 3391 φασι,
562 3307 720 3388 πρὶν
755 3299 1108 3388 οΗρόδίαον
1135 3311 1483 3389 γενέσθαι’
1520 3302 1869 3388 Ἡρόδικος
1902 3306 1973 3371 δὲ
2008 3309 2247 3373 παιδο-

234 3410 460 3489 τρίβης
505 3395 604 3467 ῶν
646 3400 759 3467 καὶ
789 3401 1089 3487 νοσώδης
1133 3400 1510 3487 γενόμενος,
1552 3405 1737 3486 μίξας
1788 3421 2246 3487 γυμναστικην
