2602 3928
347 179 428 242 28
1048 177 1630 239 ΠΛΑΤΩΝΟΣ

347 339 430 427 δή
471 363 546 426 γε
581 343 689 408 καὶ
732 342 807 409 ἐν
848 338 1049 426 ἀρετῇ
1090 336 1253 407 αὐτὰ
1301 341 1414 406 καὶ
1455 344 1661 426 σοφίᾳ
1704 336 2068 426 ἐτόλμησας
2105 349 2350 408 θεῖναι.

340 434 808 524 Ἀληθ-έστατα,
834 442 994 523 ἔφη,
1017 435 1347 520 μαντεύει.
1404 432 1578 505 ”Αλλ
1603 432 1687 503 οὐ
1708 439 1959 523 μέντοι,
1996 428 2085 523 ἦν
2107 433 2170 503 δ’
2196 437 2350 523 ἐγῶ,

343 535 751 622 ἀποκνητέον
779 560 852 619 γε
875 542 969 623 τῶ
990 533 1167 622 λόγῳ
1191 536 1569 613 ἐπεξελθεῖν
1590 533 2086 620 σκοπούμενον,
2115 535 2243 612 ἕως
2261 533 2352 603 ἄν

343 651 418 699 σε
440 629 892 719 ὑπολαμβάνω
921 634 1137 717 λέγειν
1167 654 1338 714 απερ
1373 636 1639 697 διανοεῖ.
1679 631 1822 715 ἐμοὶ
1854 628 1980 750 γὰρ
2002 634 2216 709 δοκεῖς
2235 630 2350 717 σύ,

345 754 394 795 ω
435 728 862 815 Θρασύμαχε,
908 725 1197 812 ἀτεχνῶς
1224 733 1363 815 ινῦν
1399 722 1484 792 οὗ
1518 724 1878 810 σκώπτειν,
1922 725 2087 794 ἄλλα
2123 724 2204 794 τὰ
2230 732 2350 796 δο-

342 834 591 894 κοῦντα
625 828 773 913 περὶ
795 831 909 912 τῆς
931 822 1245 910 ἀληθείας
1277 822 1510 909 λέγειν.
1582 824 1670 890 Τί
1683 823 1761 891 δέ
1777 841 1913 910 σοι,
1952 828 2077 943 ἔφη
2093 873 2114 909 ,
2148 832 2346 892 τοῦτο

340 924 673 1007 διαφέρει,
698 930 826 988 εἴτε
848 944 960 1006 μοι
982 925 1165 987 δοκεῖ
1184 928 1316 988 εἴτε
1335 917 1461 1005 μή,
1502 915 1653 987 ἀλλ’
1685 915 1770 986 ού
1791 916 1912 987 τόν
1937 919 2144 1006 λόγον
2166 923 2347 1006 §My-

268 1041 308 1095 Β
340 1045 505 1105 χειςς
568 1015 820 1101 Οὐδέν,
863 1009 952 1104 ἦν
985 1015 1046 1084 δ’
1080 1016 1230 1103 ἐγώ.
1291 1013 1459 1084 αλλα
1493 1017 1646 1084 τόδε
1680 1041 1795 1102 μοι
1824 1022 2030 1102 πειρῶ
2067 1021 2162 1086 ἔτι
2181 1017 2347 1099 πρὸς

340 1115 597 1194 τούτοις
618 1110 1142 1202 ἀποκρίνασθαι·
1186 1111 1222 1181 6
1254 1120 1504 1193 δίκαιος
1523 1122 1647 1182 τοῦ
1670 1118 1932 1184 δικαίου
1956 1118 2140 1184 δοκεῖ
2156 1121 2225 1183 τί
2240 1135 2342 1184 σοι

341 1238 431 1280 αν
454 1214 720 1279 ἐθέλειν
755 1214 958 1280 πλέον
990 1216 1193 1297 ἔχεινς
1251 1210 1617 1298 Οὐδαμῶς,
1665 1217 1820 1298 ἔφη·
1862 1208 1946 1279 ού
1981 1209 2112 1297 γὰρ
2148 1238 2236 1281 αν
2257 1205 2345 1299 ἦν

342 1305 616 1394 αστεῖος,
643 1308 864 1392 ῶσπερ
890 1316 1057 1394 νῦν,
1081 1310 1191 1376 καὶ
1212 1304 1483 1395 εὐήθης.
1533 1314 1619 1375 Τί
1632 1313 1738 1390 δές
1760 1317 1874 1395 τῆς
1895 1312 2149 1388 δικαίας
2170 1307 2345 1395 προί-

343 1409 532 1486 ξεωςς
579 1405 754 1475 Οὐδὲ·
781 1413 896 1492 τῆς
929 1409 1219 1491 δικαίας,
1259 1411 1407 1492 ἔφη.
1498 1412 1636 1473 Τοῦ
1683 1409 1755 1474 δὲ
1788 1403 2026 1475 αδίκου
2061 1406 2345 1494 πότερον

341 1499 519 1584 αξιοϊ
550 1529 640 1571 αν
672 1512 1088 1572 πλεονεκτεῖν
1119 1506 1230 1572 καὶ
1263 1502 1490 1590 ἡγοῖτο
1525 1506 1782 1573 δίκαιον
1803 1502 2004 1588 εἶναι,
2038 1502 2083 1591 ἢ
2102 1502 2227 1574 οὐκ
2257 1532 2344 1575 αν

340 1596 565 1688 ἡγοῖτο
586 1606 873 1679 δίκαιονς
921 1598 1169 1723 ‘Hyotv’
1193 1596 1312 1685 ἄν,
1319 1628 1376 1688 η
1355 1593 1462 1670 ’δ’
1492 1598 1595 1688 ὅς,
1636 1604 1747 1670 καὶ
1779 1600 1979 1688 ἀξιοῖ,
2023 1599 2174 1671 αλλ’
2217 1600 2342 1671 ούκ

342 1694 428 1765 ἂν
455 1700 740 1767 δύναιτο.
823 1695 993 1769 ”Αλλ
1036 1697 1121 1768 οὐ
1140 1707 1374 1785 τοῦτο,
1409 1689 1495 1787 ἦν
1522 1697 1582 1767 δ’
1607 1700 1773 1784 ἐγώ,
1813 1702 2066 1783 ἐρωτῶ,
2105 1697 2251 1768 ἄλλ’
2286 1705 2347 1769 εἰ

267 1810 306 1865 G
341 1803 465 1865 τοῦ
481 1797 604 1882 μὲν
625 1800 885 1864 δικαίου
912 1794 1000 1881 μὴ
1040 1793 1218 1875 ἀξιοῖ
1242 1800 1448 1864 πλέον
1463 1801 1638 1881 ἔχειν
1654 1796 1820 1882 μηδὲ
1841 1794 2150 1883 βούλεται
2171 1793 2207 1864 6
2238 1800 2342 1866 δί-

338 1918 557 1979 καιος,
582 1900 705 1960 τοῦ
724 1896 799 1958 δὲ
819 1889 1094 1973 ἀδίκους
1129 1889 1308 1960 ”Αλλ
1335 1917 1548 1971 ουτως
1565 1942 1584 1977 ,
1607 1896 1768 1979 ἔφη,
1801 1898 1946 1979 ἔχει.
1996 1899 2082 1961 Τι’
2097 1894 2169 1963 δὲ
2199 1889 2337 1980 δὴ“
2304 1919 2340 1962 ο

336 1990 597 2069 αδικοςς
618 1981 749 2076 ἆρα
771 1985 944 2068 ἀξιοῖ
957 1996 1080 2056 τοῦ
1100 1992 1363 2058 δικαίου
1385 1997 1803 2059 πλεονεκτεῖν
1821 1993 2066 2078 καὶτῆς
2087 1996 2342 2071 δικαίας

335 2087 662 2174 πράξεωςς
697 2093 855 2164 Πῶς
891 2110 1020 2171 γαρ
1051 2086 1215 2167 οὔκς
1261 2092 1426 2174 ἔφη,
1462 2086 1538 2166 ὅς
1556 2112 1632 2173 γε
1654 2088 1925 2156 πάντων
1947 2091 2151 2156 πλέον
2170 2092 2340 2175 ἔχειν

337 2180 520 2265 αξιοῖ.
590 2181 866 2253 Οὐκοῦν
908 2183 1016 2249 καὶ
1057 2177 1296 2251 αδίκου
1330 2181 1706 2270 ἄνθρῶπου
1739 2210 1809 2252 τε
1843 2186 1953 2253 καὶ
1986 2184 2334 2272 πραξεως*
2301 2214 2337 2255 ο

333 2280 561 2359 αδικος
601 2279 1063 2365 πλεονεκτήσει
1095 2282 1206 2348 καὶ
1228 2277 1649 2368 ἁμιλλήσεται
1671 2278 1793 2368 ῶς,
1818 2276 2137 2350 ἁπάντων
2156 2294 2341 2353 πλεῖ-

334 2397 496 2445 στον
523 2373 727 2454 αὐτὸς
751 2371 957 2464 λα’βῃς
985 2376 1167 2443 Ἐστι
1188 2384 1412 2445 ταῦτα.

494 2479 654 2543 xxi.
692 2464 845 2542 Ὧδε
867 2472 948 2560 δὴ
971 2477 1283 2562 λέγωμεν,
1308 2480 1478 2563 ἔφην
1493 2500 1509 2515 ·
1538 2474 1573 2546 6
1599 2481 1848 2556 δίκαιος
1869 2484 1994 2549 τοῦ
2012 2480 2136 2563 μὲν
2150 2475 2338 2563 ὁμοί-

264 2591 306 2642 1)
333 2597 416 2640 ου
437 2568 522 2640 ού
543 2580 938 2658 πλεονεκτεῖ,
954 2597 1077 2640 του
1047 2573 1165 2642 ’δὲ
1184 2570 1583 2661 ανομοίου,’
1550 2600 1586 2642 ο
1605 2576 1676 2642 δὲ
1687 2572 1913 2653 αδικος
1924 2581 2048 2643 τοῦ
2059 2599 2129 2641 τε
2149 2572 2339 2661 ὁμού-

332 2693 417 2737 ου
439 2671 548 2737 καὶ
568 2675 692 2736 τοῦ
713 2664 1052 2754 ανομοίον.
1081 2668 1386 2791 Ἅριστα,
1410 2677 1539 2757 ἔφη
1554 2720 1574 2755 ,
1596 2680 1880 2758 εἴρηκας.
1928 2670 2112 2741 ’Ἐστι
2134 2675 2212 2740 δέ
2237 2697 2333 2759 γε,

246 2827 251 2832 .
333 2772 524 2854 ἔφην,
540 2766 867 2853 φρόνιμός
886 2791 956 2835 τε
977 2770 1088 2836 καὶ
1108 2762 1419 2854 αγαθὸς’
1385 2795 1422 2837 ο
1439 2767 1687 2853 α’δικος,
1712 2768 1748 2837 6
1774 2771 1846 2840 δὲ
1870 2773 2120 2848 δίκαιος
2140 2767 2335 2837 οὐδέ-

334 2889 507 2951 τερα.
551 2865 683 2934 Καὶ
705 2859 893 2934 τοῦτ’
895 2868 1103 2984 ’EQ’
1126 2857 1223 2932 εὖ.
1294 2864 1604 2951 Οὐκοῦν,
1640 2856 1729 2953 ἦν
1746 2864 1810 2935 δ’
1834 2866 1996 2952 ἐγώ,
2032 2867 2142 2935 καὶ
2164 2872 2336 2936 ἔοικε

332 2970 428 3051 τῷ
449 2966 752 3050 φρονίμῳ
777 2961 887 3029 καὶ
914 2967 1009 3049 τῷ
1027 2957 1265 3054 αγαθῷ
1288 2959 1326 3032 6
1356 2960 1663 3051 ἅδικος,”
1631 2990 1668 3033 ο
1687 2962 1762 3031 δε
1783 2968 2034 3043 δίκαιος
2051 2962 2177 3032 οὐκ
2200 2970 2331 3034 ἔοι·-

331 3084 479 3139 κενς
539 3065 696 3137 Πῶς
718 3056 848 3144 γὰρ
864 3054 947 3126 ού
969 3059 1220 3144 μέλλει,
1245 3065 1395 3147 ἔφη,
1419 3059 1456 3129 6
1481 3069 1781 3141 τοιοῦτος
1803 3056 1899 3130 ῶν
1920 3063 2031 3130 καὶ
2052 3063 2335 3130 ἐοικέναι

330 3174 465 3240 τοῖς
474 3159 818 3245 τοιούτοις,
834 3155 870 3228 6
886 3157 957 3227 δὲ
977 3157 1065 3245 μὴ
1082 3161 1364 3228 ἐοικέναι
1382 3189 1398 3240 ς
1417 3167 1674 3240 Καλῶς.
1702 3169 2001 3240 τοιοῦτος
2014 3160 2142 3245 ἄρα
2157 3162 2334 3231 ἐστὶν

331 3256 635 3344 ἑκάτερος
662 3254 886 3326 αὐτῶν
907 3252 1134 3344 οἷσπερ
1152 3262 1385 3328 ἔοικεν.
1410 3257 1602 3328 Ἀλλὰ
1627 3267 1697 3328 τί
1702 3263 1954 3346 μέλλεις
1970 3263 2115 3345 ἔφη.
2151 3255 2331 3344 Εἶεν,

256 3364 296 3413 E
335 3346 388 3422 ὦ
401 3354 821 3442 Θρασύμαχε·
846 3373 1169 3441 μουσικον
1183 3357 1263 3423 δέ
1275 3382 1423 3424 τινα
1436 3358 1665 3443 λέγεις,
1677 3356 1991 3454 ἓτερονὸδὲ
2007 3354 2303 3445 ἄμουσον
2314 3385 2329 3405 ·
