2602 3928
908 221 1501 301 ΠΟΛΙΤΕΙΑΣ-
1519 211 1579 290 ζ’.
2129 217 2254 283 231

248 378 318 449 τὸ
344 377 670 466 σπήλαιον
697 378 902 447 πάλιν
938 381 1171 461 ἐκεῖνο,
1206 381 1316 446 καὶ
1348 376 1786 464 ἀναγκαστέοι
1818 403 2045 465 αρχειν
2069 380 2152 449 τά
2185 407 2255 448 τε

245 479 395 561 περὶ
412 474 536 544 τὸν
557 475 846 560 πόλεμον
867 475 979 542 καὶ
1011 473 1162 542 ὅσαι
1182 473 1418 542 νέων’
1378 481 1591 561 αρχαί,
1624 478 1734 545 ἵνα
1766 473 1922 562 μηδ’
1957 479 2256 567 ἐμπειρία

244 574 573 658 υστερῶσι
592 600 727 640 των
752 560 1014 641 aum-⁸
1046 574 1158 640 καὶ
1179 577 1274 639 ἐτι
1292 575 1404 640 καὶ
1440 576 1515 640 ἐν
1536 573 1794 653 τούτοις
1813 579 2255 662 βασανιστέοι,

244 678 307 743 εἰ
324 676 724 757 ἐμμενοῦσιν
736 668 1081 756 ἑλκόμενοι
1102 670 1472 756 πανταχόσε
1494 669 1540 756 ἤ
1561 697 1624 738 τι
1636 673 1746 739 καὶ
1758 673 2255 760 παρακινήσου-
2287 695 2392 751 540

243 791 375 839 σιν.
417 768 688 856 Χρόνον
709 761 873 854 δέ,
827 796 869 854 η
897 765 962 835 δ’
985 795 1080 853 ος,
1116 767 1331 837 πόσον
1361 776 1603 837 τοῦτον
1633 776 1855 855 τίθηςς
1897 778 2258 841 Πεντεκαί-

246 872 407 936 δεκα
428 873 560 953 ἔτη,
579 859 669 953 ἦν
691 865 755 935 δ’
779 866 929 953 ἐγώ.
973 868 1356 951 γενομένων
1388 867 1461 935 δὲ
1493 877 2080 953 πεντηκοντουτῶν
2101 867 2259 950 τούς

246 967 697 1045 διασωθέντας
715 969 827 1032 καὶ
852 964 1371 1049 ἀριστεύσαντας
1385 966 1608 1041 ,πάντα
1630 965 1845 1054 πάντῃ
1859 970 1934 1035 ἐν
1955 972 2168 1053 ἔργοις
2187 994 2258 1037 τε

246 1063 761 1149 καὶέπιστήμαις
794 1060 961 1148 πρὸς
984 1063 1170 1141 τέλος
1201 1061 1327 1148 ἤδη
1366 1062 1624 1148 ἀκτέον,
1660 1066 1769 1132 καὶ
1805 1061 2258 1151 ἀναγκαστέον

247 1158 733 1238 ἀνακλίναντας
764 1159 888 1245 τὴν
916 1166 1032 1246 τῆς
1064 1167 1276 1245 ψυχῆς
1305 1156 1526 1245 αύγὴν
1561 1165 1653 1238 εἰς
1687 1158 1848 1228 αύτό
1885 1158 2256 1251 ἀποβλέψαι

244 1258 319 1326 τὸ
340 1265 499 1325 πᾶσι
521 1265 664 1343 φῶς
685 1260 994 1344 παρέχον,
1026 1259 1139 1325 καὶ
1162 1257 1429 1336 ἰδόντας
1449 1254 1526 1324 τὰ
1544 1255 1812 1342 ἀγαθὸν
1833 1257 2018 1343 αύτό,
2041 1286 2258 1347 παρα-

247 1361 542 1440 δείγματι
586 1359 965 1441 χρωμένους
1007 1357 1260 1443 ἐκείνῳ,
1307 1356 1418 1423 καὶ
1458 1353 1656 1423 πόλιν
1694 1358 1804 1424 καὶ
1849 1356 2110 1436 ἰδιώτας
2147 1358 2258 1424 καὶ

241 1450 522 1528 ἑαυτοὺς
551 1465 824 1536 κοσμεῖν
861 1448 981 1518 τὸν
1011 1454 1352 1518 ἐπίλοιπον
1393 1457 1544 1538 βίον
1585 1454 1659 1520 έν
1690 1455 1873 1537 μέρει
1916 1452 2252 1538 ἑκάστους,
2286 1475 2327 1525 Β

250 1547 320 1616 τὰ
346 1549 467 1634 μὲν
492 1546 666 1617 πολὺ
686 1545 853 1633 πρὸς
874 1555 1238 1637 φιλοσοφίᾳ
1263 1552 1737 1636 διατρίβοντας,
1763 1547 1927 1618 ὅταν
1948 1552 2020 1619 δὲ
2036 1548 2112 1619 τὸ
2138 1554 2258 1637 μέ-

249 1672 364 1729 ρος
384 1643 538 1732 ἥκῃ,
573 1643 739 1730 πρὸς
771 1653 1128 1725 πολιτικοῖς
1154 1649 1837 1731 ἐπιταλαιπωροῦντας
1871 1648 1983 1716 καὶ
2013 1646 2260 1734 ἄρχον-

252 1770 367 1823 τας
390 1744 707 1823 ἑκάστους
738 1753 854 1831 τῆς
872 1744 1129 1823 πόλεως
1148 1745 1367 1828 ἕνεκα,
1397 1741 1517 1828 ούχ
1538 1740 1627 1822 ὥς
1650 1744 1857 1812 καλόν
1889 1771 1951 1812 τι
1981 1742 2130 1814 ἀλλ’
2171 1743 2260 1826 ὥς

245 1841 616 1929 ἀναγκαῖον
636 1844 1064 1929 πράττοντας,
1086 1845 1197 1911 καὶ
1218 1839 1431 1923 οὕτως
1461 1842 1704 1922 ἄλλους
1729 1840 1832 1912 ἀεὶ
1852 1844 2259 1913 παιδεύσαν-

249 1968 364 2020 τας
404 1940 769 2026 τοιούτους,
808 1938 1438 2020 ἀντικαταλιπόντας
1476 1947 1594 2028 τῆς
1634 1941 1890 2021 πόλεως
1933 1942 2259 2029 φύλακας,

247 2044 339 2117 εἰς
365 2037 689 2123 μακάρων
708 2038 957 2125 νήσους
992 2036 1310 2118 ἀπιόντας
1331 2044 1568 2107 οἰκεῖν·
1614 2053 1895 2125 μνημεῖα
1931 2036 1994 2108 δ’
2036 2035 2260 2120 αὐτοῖς

250 2137 358 2204 καὶ
390 2141 633 2215 θυσίας
664 2135 788 2220 τὴν
820 2135 1018 2203 πόλιν
1059 2139 1342 2223 δημοσίᾳ
1377 2149 1614 2222 ποιεῖν,
1649 2135 1769 2203 ἐὰν
1805 2138 1911 2203 καὶ
1944 2134 1986 2223 ἡ
2022 2144 2254 2205 Πυθία
2292 2165 2330 2218 0

249 2239 632 2319 ξυναναιρῇ,
669 2229 757 2310 ὡς
802 2236 1127 2318 δαίμοσιν,
1182 2238 1242 2300 εἰ
1273 2232 1345 2300 δὲ
1380 2232 1492 2318 μή,
1537 2228 1625 2312 ὥς
1659 2230 2004 2319 εύδαίμοσί
2036 2259 2108 2301 τε
2149 2235 2262 2303 καὶ

250 2335 478 2410 θείοις.
535 2329 954 2415 Παγκάλους,
999 2336 1150 2417 ἔφη,
1192 2327 1350 2408 τοὺς
1391 2327 1736 2416 ἄρχοντας,
1784 2324 1839 2398 οἳ
1880 2329 2256 2417 Σώκρατες,

248 2427 471 2510 ὥσπερ
496 2425 1039 2511 ἀνδριαντοποιὸς
1062 2426 1472 2514 ἀπείργασαι.
1515 2431 1648 2496 Καὶ
1670 2426 1787 2508 τὰς
1808 2426 2140 2516 ἀρχούσας
2159 2455 2258 2515 γε,

251 2518 339 2610 ἦν
361 2523 416 2591 δ’
436 2525 586 2611 ἐγώ,
614 2518 668 2594 ὦ
690 2525 1037 2594 Γλαύκων.
1082 2524 1289 2611 μηδὲν
1309 2526 1442 2611 γάρ
1463 2553 1526 2593 τι
1547 2535 1696 2595 οἰου
1719 2552 1799 2612 με
1820 2529 1968 2610 περὶ
1990 2523 2258 2611 ἀνδρῶν

253 2625 585 2708 εἰρηκέναι
602 2630 858 2708 μᾶλλον
877 2619 922 2689 ἃ
951 2632 1182 2709 εἴρηκα
1203 2617 1247 2708 ἦ
1269 2625 1420 2708 περὶ
1445 2632 1807 2709 γυναικοῖν,
1833 2621 1984 2692 ὅσαι
2009 2618 2097 2690 ἂν
2131 2621 2259 2689 αύ-

246 2728 383 2788 τῶν
411 2723 633 2789 ἱκαναὶ
667 2718 784 2800 τάς
808 2719 1043 2807 φύσεις
1074 2724 1527 2808 ἐγγίγνωνται.
1581 2720 1854 2809 Ὀρθῶς,
1889 2727 2039 2808 ἔφη,
2077 2730 2258 2807 εἴπερ

248 2827 362 2888 ἴσα
381 2843 459 2904 γε
478 2818 696 2887 πάντα
716 2832 853 2898 τοῖς
875 2816 1159 2905 ἀνδράσι
1179 2818 1728 2905 κοινωνήσουσιν,
1766 2817 1854 2897 ὥς
1874 2819 2256 2906 διήλθομεν.

255 2921 339 2982 Τί
358 2908 517 2998 ούν;
556 2922 759 3003 ἔφην·
806 2919 1191 3003 ξυγχωρεῑτε
1214 2920 1365 3003 περὶ
1396 2922 1512 3001 τῆς
1544 2915 1798 2995 πόλεως
1823 2942 1893 2984 τε
1924 2918 2034 2985 καὶ
2067 2925 2260 2985 πολι-
2300 2940 2343 2990 1)

248 3022 423 3093 τείας
450 3014 538 3102 μὴ
562 3017 982 3085 παντάπασιν
1002 3014 1171 3101 ἡμᾶς
1204 3014 1400 3101 εύχάς
1432 3016 1782 3101 εἰρηκέναι,
1819 3013 1986 3085 ἀλλά
2009 3014 2257 3102 χαλεπὰ

249 3117 393 3200 μέν,
420 3113 673 3182 δυνατὰ
697 3118 773 3182 δέ
799 3140 915 3203 πῃ,
951 3117 1062 3184 καὶ
1095 3112 1220 3184 οὐκ
1258 3113 1427 3202 ἄλλῃ
1459 3109 1504 3199 η’
1547 3123 1821 3200 εἴρηται,
1860 3112 2023 3182 ὅταν
2063 3119 2133 3184 οἰ
2173 3110 2262 3192 ὥς

248 3208 521 3299 ἀληθῶς
541 3211 904 3298 φιλόσοφοι
918 3212 1262 3297 δυνάσται,
1286 3207 1331 3297 ἢ
1354 3218 1621 3290 πλείους
1641 3206 1686 3297 ἢ
1709 3207 1817 3295 εἷς,
1842 3213 2129 3282 ἐνπόλει
2146 3236 2261 3297 γε·

253 3312 523 3397 νόμενοι
539 3319 678 3379 τῶν
710 3313 832 3398 μὲν
863 3319 996 3382 νῦν
1027 3320 1236 3399 τιμῶν
1273 3309 1891 3396 καταφρονήσωσιν,
1926 3306 2258 3395 ἡγησάμμ

253 3433 355 3475 vot
390 3408 882 3492 ἀνελευθέρους
923 3408 1091 3478 εἶναι
1121 3411 1232 3478 καὶ
1272 3406 1553 3488 ούδενὸς
1587 3409 1786 3493 ἀξίας,
1820 3406 1895 3475 τὸ
1931 3410 2002 3475 δὲ
2044 3402 2264 3487 ὀρθὸν
