2602 3928
311 159 439 221 408
947 157 1331 217 ΤΙΜΑΙΩ.
1370 158 1703 216 ΛΟΚΡῼ.
2254 170 2324 225 90
2555 4 2565 292 W

311 341 447 398 σιες
469 326 604 387 τῶν
632 317 959 405 σωμάτων
978 321 1312 401 γίγνοιντο
1335 316 1554 402 καὶμὴ
1579 314 1725 384 κατ’
1763 315 2139 405 αὐτόματον
2170 346 2326 407 τρο-

235 439 277 488 n
317 417 443 497 πάς
465 421 732 503 δέχοιτο.
759 419 1065 502 ἐποίησεν
1093 405 1189 481 ῶν
1211 413 1410 480 τόνδε
1429 411 1550 482 τὸν
1566 412 1825 500 κόσμον
1845 419 1913 497 ἐξ
1934 413 2192 497 ἁπάσας
2210 428 2328 499 τᾶς

310 511 546 599 ὕλας,
519 511 685 598 όρον
706 510 917 581 αὐτὸν
939 509 1429 591 κατασκευάξας
1453 519 1569 591 τᾶς
1598 519 1693 580 τῶ
1714 510 1910 594 ὄντος
1943 515 2185 601 φύσιος
2217 510 2325 585 διὰ
2556 475 2567 678 4

309 614 384 681 τὸ
407 611 627 681 πάντα
646 604 856 680 τᾶλλα
885 614 959 679 ἐν
979 606 1161 700 αυτῷ
1181 611 1499 696 περιέχεν,
1526 611 1666 696 ἕνα,
1688 619 2041 698 μονογενῆ,
2055 615 2328 698 τέλειον,

313 710 611 799 ἔμψυχόν
631 736 700 778 τε
732 712 842 778 καὶ
872 706 1142 794 λογικόν
1159 732 1174 746 ·
1226 713 1556 793 κρέσσονα
1588 707 1719 795 γὰρ
1754 709 1911 777 τάδε
1948 708 2180 795 ἀψύχω
2217 715 2331 779 καὶ

313 808 535 895 ἀλόγω
556 806 747 877 ἐστόν
761 835 774 848 ·
802 810 912 876 καὶ
934 805 1349 894 σφαιροειδὲς
1369 815 1558 893 σῶμα
1573 831 1586 845 ·
1609 805 2017 891 τελειότερον
2036 804 2166 893 γάρ
2188 813 2330 875 τῶν

311 909 534 978 ἄλλων
547 905 900 994 σχημάτων
918 899 964 992 ἦ
967 932 1008 973 ν
1017 910 1235 974 τοῦτο.
1262 902 1625 991 δηλόμενος
1639 895 1736 972 ῶν
1748 904 2020 992 ἄριστον
2031 907 2331 991 γένναμα

313 1016 535 1093 ποιῆν,
559 1012 802 1074 τοῦτον
820 1007 1007 1089 έποίη
1029 1000 1198 1071 θεὸν
1220 1002 1571 1088 γεννατόν,
1599 1002 1684 1071 οὔ
1716 1025 1891 1069 ποκα
1925 1004 2333 1089 φθαρησού-

312 1129 518 1190 μενον
540 1099 660 1170 ὑπ’
692 1102 871 1170 ἄλλω
901 1106 1087 1168 αἰτίαν
1108 1102 1229 1179 ἔξω
1260 1106 1357 1166 τῶ
1388 1097 1598 1168 αὐτὸν
1630 1104 2130 1187 συντεταγμένα)
2162 1107 2330 1186 θεῶ,

246 1226 289 1276 Ε
323 1213 391 1272 εἴ
404 1226 578 1270 ποκα
609 1201 839 1288 δήλετο
862 1196 1071 1268 αὐτὸν
1092 1198 1381 1266 διαλύεν.
1424 1194 1570 1267 ἀλλ’
1596 1194 1680 1265 οὐ
1701 1195 1832 1285 γάρ
1853 1196 2132 1283 τάγαθῶ
2152 1201 2341 1268 ἐστὶν

317 1297 536 1386 ὁρμᾶν
579 1302 684 1366 ἐπὶ
712 1295 989 1385 φθορὰν
1018 1297 1431 1384 γεννάματος
1465 1304 1818 1365 καλλίστω·
1877 1297 2167 1382 διαμένει
2200 1295 2333 1380 ἄρα

317 1394 578 1465 τοιόσδε
602 1390 699 1463 ῶν
721 1392 1072 1481 ἄφθαρτος
1093 1397 1202 1461 καὶ
1233 1391 1623 1478 ἀνώλεθρος
1656 1395 1766 1461 καὶ
1791 1393 2131 1482 μακάριος.
2163 1395 2334 1479 κρά-

317 1512 532 1573 τιστος
553 1491 619 1560 δ’
643 1495 779 1562 ἐστὶ
800 1501 1164 1579 γεννατῶν,
1186 1492 1328 1560 ἐπεὶ
1350 1489 1481 1559 ὑπὸ
1503 1498 1600 1560 τῶ
1617 1497 1941 1580 κρατίστω
1977 1498 2162 1561 αἰτίω
2187 1496 2332 1579 ἐγέ-

319 1618 493 1678 νετο,
520 1589 909 1678 ἀφορῶντος
936 1588 1062 1658 οὐκ
1096 1594 1161 1669 ές
1192 1589 1587 1676 χειρόκματα
1626 1592 2140 1676 παραδείγματα,
2178 1586 2326 1658 ἀλλ’

315 1695 382 1771 ἐς
412 1688 538 1759 τάν
581 1692 767 1758 ἰδέαν
808 1690 918 1757 καὶ
952 1692 1017 1768 ές
1048 1687 1175 1756 τάν
1217 1684 1470 1755 νοατάν
1508 1685 1767 1774 οὐσίαν,
1806 1684 1970 1755 ποθ’
2010 1686 2224 1773 ἄνπερ
2258 1682 2330 1754 τὸ

223 1814 293 1869 9⁶
321 1787 747 1874 γεννώμενον
768 1783 1242 1873 ἀπακριβωθὲν
1259 1784 1614 1854 κάλλιστόν
1638 1811 1707 1853 τε
1730 1788 1839 1854 καὶ
1861 1783 2337 1873 ἀπαρεγχείρη-
2563 1765 2571 1818 Ὓ

322 1910 439 1954 τον
459 1892 769 1972 γίγνεται.
793 1886 1037 1961 τέλειος
1059 1880 1122 1950 δ’
1147 1881 1249 1950 ἀεὶ
1277 1884 1444 1951 κατὰ
1467 1881 1547 1951 τά
1572 1883 1860 1972 αἰσθητά
1881 1885 2080 1969 ἐστιν,
2104 1882 2206 1951 ὅτι
2228 1884 2339 1950 καὶ

321 1983 395 2053 τὸ
421 1982 837 2068 παράδειγμα
857 1988 1021 2065 τῆνο
1057 1978 1239 2048 αὐτῶ
1259 1984 1566 2070 περιέχον
1597 1982 1816 2051 πάντα
1848 2008 1928 2049 τα
1963 1979 2169 2050 νοατά
2206 1985 2339 2061 ζῶα

320 2086 396 2150 ἐν
418 2078 599 2167 αὑτῶ
572 2075 815 2148 οὐδὲν
837 2076 1021 2157 ἐκτὸς
1034 2076 1350 2147 ἀπέλιπεν
1373 2078 1622 2166 αλλο,’“’
1584 2106 1742 2168 ορος
1764 2106 1861 2147 ων
1887 2086 2146 2148 νοατῶν
2164 2102 2338 2146 παν-

323 2177 532 2265 τελής,
568 2173 657 2256 ῶς
679 2158 846 2244 οδε”
817 2204 854 2246 ο
884 2175 1134 2263 κόσμος
1155 2182 1515 2264 αἰσθητῶν.

489 2280 590 2342 111.
637 2274 924 2361 Στερεός
947 2279 1019 2344 δὲ
1044 2269 1140 2343 ῶν
1162 2272 1371 2356 ἁπτός
1401 2294 1471 2343 τε
1505 2278 1614 2344 καὶ
1649 2273 1887 2360 ὁρατὸς
1905 2283 2029 2361 γᾶς
2047 2274 2340 2361 μεμόρα-

321 2401 470 2442 κται
491 2373 704 2458 πυρός
725 2399 793 2441 τε
814 2375 924 2441 καὶ
945 2379 1082 2441 τῶν
1104 2372 1349 2460 μεταξύ
1372 2373 1566 2457 ἀέρος
1581 2377 1691 2443 καὶ
1714 2373 1973 2454 ὕδατος.
2001 2376 2073 2442 ἐκ
2096 2399 2342 2442 παντε·

249 2493 288 2543 Β
325 2474 495 2539 λέων
517 2473 591 2538 δὲ
615 2474 978 2540 συνέστακε
1008 2471 1357 2557 σωμάτων,
1378 2472 1586 2557 τάπερ
1616 2471 1742 2541 ὅλα
1768 2474 1842 2540 έν
1866 2469 2049 2561 αὐτῷ
2068 2474 2226 2557 ἐντί,
2254 2469 2344 2550 ῶς

324 2569 415 2655 μή
441 2593 614 2637 ποκα
635 2571 835 2656 μέρος
854 2567 1364 2656 ἀπολειφθῆμεν
1385 2567 1571 2648 ἐκτὸς
1593 2568 1795 2655 αὐτῶ,
1817 2574 1930 2637 ἵνα
1950 2562 1997 2657 ᾖ
2018 2568 2346 2654 αὐταρκέ-

325 2686 567 2736 στατον
587 2664 662 2735 vd
698 2674 790 2735 τῶ
814 2665 1061 2747 παντὸς
1094 2675 1304 2754 σῶμα,
1335 2666 1671 2756 ἀκήρατον
1703 2674 1840 2736 τῶν
1873 2667 2059 2747 ἐκτὸς
2091 2673 2340 2752 κηρῶν,

324 2763 408 2832 οὐ
442 2763 571 2851 γάρ
603 2789 667 2831 τι
703 2756 790 2849 ἦν
830 2769 975 2850 δίχα
1008 2767 1320 2850 τουτέων,
1343 2762 1510 2834 ἀλλά
1543 2769 1653 2834 καὶ
1685 2771 1823 2832 τῶν
1855 2765 2057 2843 ἐντός.
2102 2762 2184 2831 τὰ
2214 2761 2340 2849 γὰρ

323 2862 568 2930 καττὰν
621 2858 897 2948 ἀρίσταν
954 2860 1319 2947 ἀναλογίαν
1374 2867 1782 2933 συντεθέντα
1826 2867 1900 2931 ἐν
1948 2865 2344 2948 ίσοδυναμία

324 2958 482 3028 οὔτε
503 2972 731 3045 κρατεῖ
751 2958 1062 3029 ἀλλάλων
1084 2963 1158 3028 ἐκ
1187 2965 1418 3048 μέρεος
1439 2960 1595 3030 οὔτε
1614 2964 1976 3046 κρατέεται,
2014 2956 2104 3038 ῶς
2122 2957 2203 3026 τὰ
2224 2956 2349 3042 μὲν

325 3059 556 3144 αὔξαν,
571 3056 650 3126 τά
666 3062 739 3127 δὲ
754 3067 999 3144 φθίσιν
1011 3060 1371 3146 λαμβάνεν,
1388 3062 1570 3145 μένει
1593 3057 1647 3127 δ’
1674 3061 1748 3127 έν
1762 3060 2144 3143 ξυναρμογᾷ
2165 3052 2346 3121 ἀδια-

251 3181 289 3231 c
325 3158 503 3246 λύτῳ
537 3155 704 3225 κατὰ
741 3158 947 3244 λόγον
979 3157 1271 3244 ἄριστον.
1331 3163 1538 3243 τριῶν
1565 3156 1694 3244 γάρ
1731 3154 2131 3224 ῶντινωνῶν
2160 3149 2350 3237 ὅρων

327 3254 491 3323 ὅταν
515 3251 725 3322 καὶτὰ
750 3255 1157 3342 διαστάματα
1182 3254 1431 3327 καττόν
1454 3253 1662 3323 αὐτὸν
1691 3254 1942 3338 ἐστάθη
1964 3251 2170 3335 λόγον
2190 3246 2346 3314 ποτ’

331 3348 602 3435 ἄλλαλα,
646 3350 795 3419 τότε
831 3350 912 3438 δὴ
956 3351 1030 3420 τὸ
1069 3355 1274 3439 μέσον
1308 3356 1542 3439 ρυσμῶ
1577 3356 1770 3420 δίκαν
1807 3348 2113 3437 ὁρήμεθα
2146 3345 2352 3415 ποττὰ
