2602 3928
339 209 465 274 228
1063 210 1638 270 ΠΛΑΤΩΝΟΣ

340 370 509 458 αὕτη
530 378 667 439 τῶν
689 369 1006 457 βασάνων
1030 367 1155 438 ούκ
1182 372 1501 456 ἐλαχίστη,
1538 375 1635 449 τίς
1668 372 1941 448 ἕκαστος
1965 373 2040 439 ἐν
2069 383 2206 450 τοῖς
2224 396 2348 456 γυ-

335 476 640 557 μνασίοις
662 482 983 553 φανεῖται.
1025 475 1181 546 Πῶς
1215 467 1347 554 γὰρ
1375 466 1534 547 οὕκς
1576 472 1723 553 ἔφη.
1768 464 1960 535 Μετὰ
1998 464 2078 555 δὴ
2111 476 2354 538 τοῦτον

337 563 458 636 τὸν
482 568 752 653 χρόνον,
772 558 858 651 ἦν
882 562 947 633 δ’
988 566 1138 651 ἐγώ,
1180 569 1252 634 ἐκ
1278 573 1417 634 τῶν
1440 571 1821 636 εἰκοσιετῶν
1845 570 1913 633 οἱ
1945 569 2355 650 προκριθέν-

255 677 292 729 c
339 689 444 743 τες
462 665 654 749 τιμάς
672 690 743 733 τε
764 669 1021 750 μείζους
1041 672 1177 731 τῶν
1198 662 1423 732 ἄλλων
1446 674 1760 750 οἴσονται,
1785 662 1866 731 τά
1887 688 1957 731 τε
1988 664 2202 750 χύδην
2222 692 2352 751 μα-

338 754 609 847 θήματα
630 764 857 830 παισὶν
877 764 954 829 ἐν
972 767 1058 848 τῇ
1079 766 1342 850 παιδείᾳ
1355 763 1684 848 γενόμενα
1703 762 1966 841 τούτοις
1984 765 2350 830 συνακτέον

339 865 432 938 εἰς
454 860 744 940 σύνοψιν
768 859 1166 945 οἰκειότητος
1185 856 1495 945 ἀλλήλων
1515 868 1654 927 τῶν
1675 859 2089 946 μαθημάτων
2109 859 2219 927 καὶ
2238 865 2353 945 τῆς

337 964 460 1025 τοῦ
484 955 678 1035 ὄντος
702 956 983 1042 φύσεως.
1031 955 1237 1043 Μόνη
1259 966 1452 1043 γοῦν,
1481 955 1683 1041 εἶπεν,
1706 954 1746 1044 ἡ
1769 957 2041 1042 τοιαύτη
2056 957 2350 1043 μάθησις

338 1059 604 1141 βέβαιος
625 1057 699 1121 ἐν
729 1048 827 1131 οἶς
854 1051 942 1121 ἄν
978 1054 1336 1139 ἐγγένηται.
1379 1057 1510 1122 Καὶ
1541 1060 1813 1140 μεγίστη
1844 1080 1941 1140 γε,
1973 1046 2062 1141 ἦν
2096 1051 2157 1121 δ’
2195 1052 2347 1139 ἐγώ,

338 1166 531 1236 πεῖρα
554 1156 966 1238 διαλεκτικῆς
986 1152 1253 1236 φύσεως
1273 1153 1383 1221 καὶ
1404 1152 1528 1239 μή·
1573 1150 1610 1221 ὁ
1641 1155 1763 1238 μὲν
1795 1149 1924 1237 γὰρ
1954 1149 2349 1229 συνοπτικὸς

340 1250 766 1334 διαλεκτικός,
790 1244 827 1316 ὃ
850 1249 923 1317 δὲ
944 1247 1033 1335 μὴ
1059 1249 1162 1316 οὔ.
1207 1254 1593 1337 Ξυνοίομαι,
1628 1242 1673 1337 ἦ
1710 1248 1772 1318 δ’
1813 1248 1904 1328 ὅς.
1954 1256 2177 1317 Ταῦτα
2216 1252 2356 1314 τοί-

258 1371 302 1422 Ῑ)
340 1373 490 1430 νυν,
535 1339 622 1432 ἦν
666 1344 729 1414 δ’
777 1345 926 1431 ἐγώ,
965 1347 1181 1433 δεήσει
1215 1366 1291 1415 σε
1327 1350 1840 1433 ἐπισκοποῦντα,
1864 1354 1932 1415 οἳ
1957 1374 2045 1415 αν
2072 1346 2352 1432 μάλιστα

341 1450 634 1512 τοῖοὕτοι
653 1447 728 1513 ἐν
751 1446 975 1525 αὐτοῖς
997 1470 1120 1514 ωσι
1141 1450 1251 1515 καὶ
1272 1448 1543 1534 μόνιμοι
1567 1451 1690 1533 μὲν
1722 1450 1798 1516 ἐν
1833 1447 2201 1534 μαθήμασι,
2227 1445 2353 1531 μό-

341 1567 541 1633 νιμοι
546 1539 609 1609 δ’
632 1544 707 1611 ἐν
727 1547 990 1635 πολέμῳ
1014 1546 1125 1613 καὶ
1158 1558 1295 1624 τοῖς
1322 1546 1547 1624 ἄλλοις
1577 1550 1899 1632 νομίμοις,
1935 1544 2216 1623 τούτους
2241 1567 2352 1625 αυ,

344 1639 613 1708 ἐπειδαν
633 1667 715 1709 τα
738 1668 1091 1727 τριακοντα
1113 1647 1224 1729 ἔτη
1251 1645 1666 1730 ἐκβαίνωσιν,
1701 1645 1772 1711 ἐκ
1804 1669 1941 1710 των
1980 1647 2356 1729 προκρίτων

342 1760 880 1825 προκριναμενον
903 1746 997 1818 εἰς
1024 1745 1283 1825 μείζους
1311 1765 1380 1807 τε
1404 1765 1597 1825 τιμας
1627 1737 2029 1807 καθισταναι
2062 1738 2173 1806 καὶ
2197 1756 2347 1804 σκο-

343 1849 493 1904 πεῖν
513 1845 594 1924 τῇ
616 1844 737 1904 τοῦ
756 1840 1182 1923 διαλέγεσθαι
1205 1840 1482 1925 δυναμει
1516 1843 1975 1926 βασανίζοντα,
2007 1842 2105 1915 τίς
2136 1832 2351 1922 ὀμμα-

343 1961 479 2003 των
522 1938 631 2003 καὶ
672 1942 788 2021 τῆς
828 1935 1034 2022 ἄλλης
1077 1934 1452 2022 αἰσθήσεως
1494 1934 1777 2014 δυνατὸς
1813 1935 2205 2022 μεθιέμενος
2244 1925 2348 2001 ἐπ’

344 2029 507 2101 αὐτὰ
531 2030 605 2100 τὸ
642 2058 724 2099 ον
757 2028 901 2116 μετ’
938 2030 1255 2118 ἀληθείας
1288 2037 1473 2104 ἰέναι.
1516 2036 1626 2101 καὶ
1663 2037 1964 2106 ἐνταῦθα
1996 2032 2076 2119 δὴ
2113 2038 2352 2118 πολλῆς

343 2135 649 2216 φυλακης
684 2133 901 2213 ἔργον,
928 2155 979 2196 ω
1014 2132 1242 2215 ἑταῖρε.
1295 2138 1380 2199 Τί
1397 2131 1711 2218 μα’λιστας
1744 2158 1786 2218 η
1826 2127 1889 2199 δ’
1922 2157 2012 2209 ος.
2062 2127 2207 2198 Ούκ
2243 2132 2356 2197 ἐν·-

259 2246 301 2296 Ε
343 2241 536 2307 νοεῖς,
570 2219 661 2312 ἦν
684 2223 747 2293 δ’
788 2226 939 2312 ἐγώ,
975 2227 1048 2294 τὸ
1087 2234 1221 2296 νῦν
1254 2231 1406 2311 περὶ
1439 2227 1512 2296 τὰ
1552 2230 1974 2314 διαλέγεσθαι
2009 2224 2223 2295 κακὸν
2249 2252 2353 2313 γι·

341 2323 672 2409 γνόμενον
693 2321 858 2393 ὅσον
876 2331 1201 2412 γίγνεται;
1232 2324 1322 2393 Τὸ
1336 2339 1562 2408 ποῖονς
1584 2332 1731 2413 ἔφη.
1755 2331 2184 2412 Παρανομίας
2199 2349 2352 2409 που,
2408 2332 2414 2336 ”

343 2428 516 2508 ἔφην
549 2421 702 2507 ἐγώ,
736 2424 1191 2508 ἐμπίπλανται.
1228 2426 1362 2492 Καὶ
1383 2424 1580 2510 μάλα,
1613 2429 1759 2510 ἔφη.
1801 2422 2201 2509 Θαυμαστὸν
2226 2415 2354 2490 οὖν

342 2545 406 2587 τι
426 2528 569 2602 οἴει,
595 2518 803 2605 εἷπον,
828 2519 1106 2607 πάσχειν
1125 2519 1394 2603 αύτούς,
1424 2524 1535 2590 καὶ
1557 2519 1643 2589 οὐ
1664 2520 2209 2608 ξυγγιγναίσκειςς
2245 2525 2357 2607 Πῇ

341 2618 653 2704 μάλιστα;
698 2624 845 2705 ἔφη.
893 2614 1078 2705 Οἷον,
1102 2613 1192 2705 ἦν
1213 2618 1277 2688 δ’
1308 2619 1458 2705 ἐγω,
1484 2629 1548 2687 εί
1571 2646 1669 2698 τις
1699 2617 2174 2707 ὑποβολιμαῖος
2194 2643 2355 2699 τρα-

343 2727 495 2803 φείη
518 2720 591 2785 ἐν
612 2724 878 2796 πολλοῖς
898 2720 1020 2804 μὲν
1039 2716 1346 2804 χρήμασι,
1371 2723 1598 2806 πολλῷ
1633 2717 1706 2786 δὲ
1737 2718 1850 2786 καὶ
1881 2718 2146 2805 μεγάλῳ
2179 2717 2358 2801 γένει

206 2839 312 2895 533
345 2818 453 2883 καὶ
481 2814 708 2895 κόλαξι
740 2822 1028 2898 πολλοῖς,
1066 2813 1237 2902 ἀνὴρ
1268 2818 1341 2883 δὲ
1376 2814 1738 2901 γενόμενος
1770 2817 2097 2897 αῖδθοιτο,
2136 2809 2240 2880 ὅτι
2273 2808 2359 2881 ού

342 2909 601 2979 τούτων
622 2912 757 2979 ἐστὶ
782 2917 921 2980 τῶν
936 2911 1338 2997 φασκόντων
1357 2914 1634 2997 γονέων,
1656 2909 1815 2990 τοὺς
1836 2912 1908 2980 δὲ
1917 2917 2014 3000 τῷ
2037 2910 2180 2978 ὄντι
2199 2933 2357 2995 γεν-

342 3009 673 3094 νήσαντας
707 3006 795 3092 μὴ
833 3005 1040 3094 εὕροι,
1070 3014 1317 3077 τοῦτον
1350 3014 1512 3095 ἔχεις
1539 3006 2063 3096 μαντεύσασθαι,
2100 3014 2240 3086 πῶς
2271 3004 2359 3074 ἄν

347 3109 680 3190 διατεθείη
701 3105 869 3188 πρός
888 3131 960 3172 τε
991 3132 1149 3186 τους
1181 3107 1473 3185 κόλακας
1495 3110 1606 3175 καὶ
1636 3130 1803 3188 προς
1824 3103 1983 3187 τοὺς
2015 3102 2355 3192 ὑποβαλο·

344 3204 590 3288 μένους
632 3205 705 3269 ἐν
746 3204 1014 3323 ἐκείνῳ
1003 3229 1076 3272 τε
1116 3229 1209 3294 τω
1253 3203 1555 3294 χρόνῳ,
1532 3230 1584 3271 ω
1620 3200 1746 3272 οὐκ
1781 3201 1927 3291 ᾔδει
1956 3229 2039 3270 τα
2064 3201 2213 3285 περὶ
2244 3208 2362 3288 τῆς

344 3296 704 3385 ὑποβολῆς,
730 3302 842 3368 καὶ
862 3303 936 3368 ἐν
960 3326 1011 3390 ω
1038 3294 1129 3369 αὖ
1150 3297 1401 3388 ᾖδει;“
1357 3328 1399 3388 η
1427 3271 1657 3389 βούλει
1675 3304 1843 3388 ἐμοῦ
1863 3303 2363 3397 μαντευομένου

345 3393 662 3479 ἀκοῦσαι;
706 3397 1063 3485 Βούλομαι,
1099 3405 1244 3484 ἔφη.
