2602 3928
920 249 1505 307 ΠοΛΙΤΕΙΑΣ
1540 244 1616 323 η’.
2146 249 2271 312 233

260 419 448 479 πᾶσι·
494 406 660 492 πρὸς
685 409 757 477 δὲ
778 422 920 485 ταῖς
939 406 1273 485 τοιαύταις
1295 406 1591 492 οἰκήσεσι
1623 410 1735 476 καὶ
1767 408 1884 486 τὰς
1904 408 2184 496 κτήσεις,
2212 414 2278 477 εἰ

258 506 719 598 μνημονεύεις,
745 505 1389 592 διωμολογησάμεθά
1424 529 1559 572 που
1580 501 1712 573 οἷαι
1744 511 2009 574 ἔσονται
2031 504 2272 587 αὐτοῖς.

258 606 447 677 Λλλά
476 604 897 724 μνημονεύω,
924 601 1137 689 ἔφη,”
1098 628 1199 670 οτι
1221 628 1298 687 γε
1322 599 1523 670 οὐδὲν
1545 600 1790 671 οὐδένα
1825 601 2099 694 ωόμεθα
2132 611 2275 674 δεῖν

257 710 628 788 κεκτῆσθαι
652 691 747 768 ὦν
771 707 902 768 νῦν
936 703 1007 766 οἰ
1033 699 1244 785 αλλοι,
1282 697 1506 786 ὥσπερ
1541 702 1612 767 δὲ
1642 699 1939 787 ἀθλητάς
1973 728 2042 769 τε
2076 706 2274 770 πολέ-

258 829 392 888 μου
426 802 537 869 καὶ
572 800 899 885 φύλακας,
943 795 1194 883 μισθὸν
1237 804 1354 882 τῆς
1399 805 1705 884 φυλακῆς
1747 803 2144 885 δεχομένους
2184 805 2274 878 εἰς
2303 822 2340 874 c

259 898 571 972 ἐνιαυτὸν
592 898 715 984 τὴν
749 903 841 976 εἰς
865 906 1072 965 ταῦτα
1105 895 1368 982 τροφὴν
1396 896 1572 981 παρὰ
1606 904 1742 966 τῶν
1773 896 2014 982 ἄλλων,
2051 897 2273 967 αὑτων

256 1025 329 1068 τε
358 1004 498 1067 δεῖν
520 1000 629 1064 καὶ
649 1004 765 1082 τῆς
787 995 989 1081 ἄλλης
1010 994 1265 1072 πόλεως
1287 996 1754 1080 ἐπιμελεῖσθαι.
1788 993 2062 1083 Ὀρθῶς,
2079 1001 2270 1082 ἔφην,

256 1099 480 1181 λέγεις.
540 1091 689 1162 ἀλλ’
742 1092 883 1177 ἄγε,
929 1089 1150 1177 ἐπειδὴ
1193 1088 1379 1158 τοῦτ’
1430 1088 1929 1179 ἀπετελέσαμεν,
1976 1091 2274 1179 ἀναμνη-

259 1201 557 1278 σθῶμεν,
580 1190 803 1258 πόθεν
835 1193 1034 1271 δεῦρο
1069 1187 1584 1272 ἐξετραπόμεθα,
1617 1192 1728 1255 ἵνα
1763 1189 1963 1258 πάλιν
1990 1188 2116 1276 τὴν
2146 1189 2274 1258 αὐ-

261 1287 383 1376 τὴν
404 1298 627 1374 ἴωμεν.
678 1285 781 1356 Οὐ
803 1285 1112 1373 χαλεπόν,
1138 1291 1285 1371 ἔφη.
1334 1285 1575 1371 σχεδὸν
1593 1285 1743 1373 γάρ,
1777 1286 2093 1371 καθάπερ»
2121 1297 2273 1372 νῦν,

259 1384 346 1465 ὥς
373 1383 788 1471 διεληλυθώς
811 1387 961 1468 περὶ
992 1390 1109 1469 τῆς
1141 1388 1395 1461 πόλεως
1425 1381 1582 1461 τούς
1615 1384 1861 1468 λόγους
1895 1389 2126 1452 ἐποιοῦ
2164 1388 2273 1453 λέ-
2307 1397 2349 1447 D

254 1510 417 1568 γων,
445 1481 534 1562 ὥς
562 1478 832 1569 ἀγαθὴν
854 1480 976 1565 μὲν
997 1481 1122 1566 τὴν
1140 1480 1477 1567 τοιαύτην,
1501 1485 1652 1548 οἵαν
1670 1481 1817 1550 τότε
1854 1486 2143 1568 διῆλθες,
2171 1508 2272 1549 τι-

254 1585 445 1664 θείης
468 1579 683 1665 πόλιν,
706 1580 817 1646 καὶ
837 1576 1053 1662 ανδρα
1088 1575 1208 1645 τόν
1240 1578 1528 1666 ἐκείνη’“’
1488 1604 1742 1663 ομοιον,
1777 1582 1886 1646 καὶ
1919 1588 2145 1663 ταῦτα,
2181 1606 2271 1658 ως

255 1681 493 1758 ἔοικας,
519 1683 766 1743 καλλίω
789 1679 882 1741 ἔτι
914 1678 1082 1760 ἔχων
1115 1679 1324 1742 εἰπεῖν
1355 1675 1553 1742 πόλιν
1585 1699 1654 1742 τε
1688 1676 1800 1743 καὶ
1830 1674 2072 1761 ανδρα·
2117 1673 2268 1744 ἀλλ’

258 1765 387 1840 οὖν
404 1770 485 1859 δὴ
508 1770 626 1850 τάς
644 1771 847 1851 ἄλλας
866 1768 1326 1858 ημαρτημένας
1343 1778 1578 1859 ἔλεγες,
1608 1778 1670 1841 εἰ
1687 1770 1856 1858 αὕτη
1877 1771 2072 1859 ὀρθή.
2138 1799 2274 1842 των
2305 1790 2409 1844 544

257 1869 332 1937 δὲ
372 1877 629 1937 λοιπῶν
666 1876 1016 1938 πολιτειων
1068 1876 1356 1957 ἔφησθα,
1406 1868 1496 1950 ὥς
1541 1871 1960 1957 μνημονεύω,
1999 1873 2270 1954 τέτταρα

255 1972 397 2054 εἴδη
423 1959 691 2051 εἶναι,
635 1995 734 2035 ων
754 1968 865 2036 καὶ
886 1971 1035 2055 πέρι
1068 1968 1275 2053 λόγον
1295 1967 1484 2049 α’ξιον
1507 1978 1606 2055 εἴη
1637 1976 1808 2055 ἔχειν
1829 1971 1938 2037 καὶ
1960 1973 2125 2037 ἰδεῖν
2146 1966 2272 2035 αύ-

254 2073 391 2133 τῶν
424 2066 503 2132 τα
539 2063 969 2151 ἁμαρτήματα
1012 2068 1122 2133 καὶ
1173 2065 1334 2146 τοῦς
1369 2071 1646 2146 ἐκείναις
1691 2060 1781 2134 αὖ
1823 2065 2114 2155 ὁμοίους,
2159 2070 2272 2135 ἵνα

256 2160 511 2241 πάντας
532 2160 779 2242 αὐτοὺς
814 2163 1072 2241 ἰδόντες
1102 2166 1213 2232 καὶ
1247 2163 1812 2251 ὁμολογησάμενοι
1843 2162 1966 2233 τὸν
1997 2164 2269 2249 ἄριστον

260 2256 512 2326 καὶτὸν
538 2259 853 2329 κάκιστον
876 2261 1091 2344 ἄνδρα
1125 2264 1666 2348 ἐπισκεψαίμεθα,
1702 2267 1763 2330 εἰ
1794 2259 1830 2331 ὁ
1870 2262 2135 2346 ἀριστος
2157 2261 2271 2330 εύ-

260 2358 763 2441 δαιμονέστατος
783 2361 893 2425 καὶ
926 2355 961 2426 ὁ
998 2359 1304 2439 κάκιστος
1335 2358 1742 2439 ἀθλιώτατος
1774 2355 1821 2445 ἢ
1856 2359 2070 2440 ἄλλως
2104 2365 2266 2446 ἔχοι·

258 2454 369 2521 καὶ
391 2456 558 2537 ἐμοῦ
589 2457 932 2540 ἐρομένου,
968 2462 1151 2533 τίνας
1183 2461 1400 2541 λέγοις
1429 2455 1547 2535 τὰς
1578 2460 1890 2541 τέτταρας
1920 2463 2266 2540 πολιτείας,
2308 2523 2313 2530 ,

256 2553 331 2619 ἐν
362 2552 574 2639 τούτῳ
617 2550 904 2638 ὑπέλαβε
948 2554 1375 2639 Πολέμαρχός
1416 2580 1486 2622 τε
1526 2557 1637 2644 καὶ
1684 2551 2116 2640 Ἀδείμαντος,
2161 2559 2272 2622 καὶ
2308 2573 2352 2623 Β

258 2647 438 2718 οὕτω
480 2650 561 2736 δὴ
604 2648 690 2718 σύ
736 2648 1095 2736 ἀναλαβών
1119 2647 1251 2719 ’τὸν
1283 2651 1487 2736 λόγον
1522 2649 1708 2737 δεῦρ’
1742 2651 1987 2737 ἀφῖξαι.
2028 2650 2271 2736 Ὀρθό-

254 2773 436 2832 τατα,
462 2746 669 2832 εἶπον,
692 2746 1205 2833 ἐμνημόνευσας.
1256 2748 1477 2817 Πάλιν
1496 2755 1748 2829 τοίνυν,
1787 2746 2007 2832 αἷσπερ
2032 2759 2270 2816 παλαι-

255 2845 441 2929 στής,
460 2844 584 2949 τὴν
603 2841 818 2930 αὐτὴν
847 2845 1061 2930 λαβὴν
1087 2848 1349 2934 πάρεχε,
1379 2848 1489 2915 καὶ
1523 2846 1597 2914 τὸ
1634 2842 1795 2914 αὐτὸ
1835 2848 2001 2932 ἐμοῦ
2035 2849 2268 2931 ἐρομέ-

254 2968 383 3007 νου
405 2943 610 3024 πειρῶ
635 2946 862 3027 εἰπεῖν,
898 2939 1065 3025 ἅπερ
1089 2943 1239 3012 τότε
1276 2949 1539 3029 ἔμελλες
1568 2945 1804 3029 λέγειν.
1847 2941 2145 3027 Ἑάνπερ,
2182 2936 2271 3031 ἦν

258 3033 319 3102 δ’
361 3038 511 3124 ἐγω,
548 3038 868 3125 δύνωμαι.
911 3043 1042 3107 Καὶ
1079 3043 1236 3129 μήν,
1271 3035 1319 3128 ἦ
1354 3039 1418 3110 δ’
1453 3068 1547 3126 ος,
1584 3044 1890 3125 ἐπιθυμω
1921 3045 2034 3111 καὶ
2067 3039 2268 3120 αὐτὸς

256 3131 557 3219 ἀκοῦσαι,
590 3143 772 3216 τίνας
798 3143 1014 3221 ἔλεγες
1046 3139 1164 3218 τὰς
1195 3144 1504 3224 τέτταρας
1537 3146 1878 3217 πολιτείας.
1930 3138 2034 3208 Οὐ
2073 3147 2268 3225 χαλε-
2304 3152 2341 3203 G

253 3242 415 3318 πῶς,
439 3225 527 3319 ἦν
550 3231 612 3301 δ’
643 3233 793 3319 ἐγώ,
820 3234 1111 3304 ἀκούσει.
1152 3239 1275 3305 εἰσὶ
1293 3235 1422 3321 γὰρ
1445 3232 1524 3315 ἃς
1542 3238 1735 3322 λέγω,
1758 3240 1950 3319 αἵπερ
1975 3238 2084 3303 καὶ
2106 3233 2270 3303 ὀνό-

255 3356 429 3416 ματα
447 3338 733 3417 ἔχουσιν,
764 3330 809 3418 ἥ
829 3360 902 3400 τε
923 3331 1058 3401 ὑπὸ
1080 3341 1218 3402 τῶν
1241 3343 1510 3402 πολλῶν
1541 3337 2004 3420 ἐπαινουμένη,
2027 3329 2069 3418 ἡ
2090 3340 2263 3420 Κρη-

257 3429 401 3514 τική
422 3454 494 3498 τε
516 3431 627 3497 καὶ
661 3429 1008 3518 Λακωνικὴ
1030 3423 1197 3518 αῦτη
1214 3457 1229 3472 ·
1263 3433 1372 3500 καὶ
1395 3438 1664 3519 δευτέρα
1686 3431 1727 3520 ἡ
1750 3434 2073 3515 δευτέρως
2092 3432 2268 3498 ἐπαι-
