2602 3928
912 186 1491 244 ΠΟΛΙΤΕΙΑΣ
1528 178 1597 255 ς’.
2127 183 2249 248 193

235 346 486 431 Πρέπει
505 344 586 429 γέ
602 370 703 411 τοι
725 344 827 431 δη’,
852 350 1001 430 ἔφη,
1027 341 1205 411 οὕτω
1228 358 1532 412 σκοπεῖν·
1563 343 1728 413 α’λλιὶ
1752 359 1908 413 ποῖα
1932 345 2011 432 δὴ
2044 349 2252 431 λέγεις

235 444 598 531 μαθήματα
618 446 922 528 μέγιστας

406 545 560 608 XVI.
608 538 1076 627 Μνημονεύεις
1106 540 1231 624 μέν
1262 562 1417 621 που,
1453 530 1541 625 ἦν
1575 536 1641 605 δ’
1685 538 1836 625 ἐγώ,
1884 538 1987 607 ὅτι
2014 565 2250 624 τριττα

237 643 380 724 εἴδη
407 645 621 723 ψυχης
645 635 1156 756 διαστησάμενοι
1178 634 1691 722 ξυνεβιβοέζομεν
1727 636 2152 756 δικαιοσύνης
2183 662 2251 703 τε

234 740 387 818 πέρι
410 738 521 802 καὶ
544 734 992 820 σωφροσύνης
1013 735 1121 802 καὶ
1146 730 1456 821 ἀνδρείας
1488 733 1599 800 καὶ
1634 729 1932 819 σοφίας
1906 759 1941 801 ο
1975 735 2254 801 ἕκαστον

237 842 357 918 εἰη.
406 831 524 918 Μὴ
551 832 678 922 γὰρ
701 832 1161 918 μνημονεύων,
1200 837 1351 916 ἔφη,
1380 830 1460 897 τοὶ
1485 828 1681 897 λοιπά
1708 825 1795 897 ἂν
1827 840 1970 917 εἴην
2005 835 2254 910 δίκαιος

234 927 324 1016 μὴ
363 927 656 997 ἀκούειν.
709 932 792 995 Η
803 930 912 995 και
947 927 1021 996 τὸ
1055 925 1443 1012 προρρηθεν
1479 924 1735 1005 αὐτῶν,
1780 927 1868 995 T6
1909 943 2104 996 ποῖον
2135 927 2328 1015 δήςΒ

228 1023 572 1113 Ἐλέγομέν
592 1052 743 1111 που,
766 1022 888 1110 ὅτι,
905 1025 991 1105 ὡς
1003 1028 1126 1112 μὲν
1150 1016 1504 1092 δυνατὸν*
1460 1051 1546 1110 ην
1567 1023 1878 1093 κάλλιστα
1900 1024 2068 1094 αύτα
2093 1053 2265 1102 κατ-

235 1129 425 1202 ιδεῖν,
459 1124 625 1249 ἄλλη
647 1126 1019 1211 μακροτέρα
1058 1133 1157 1244 εἴη
1195 1127 1519 1209 περίοδος,
1553 1119 1641 1209 ἢν
1673 1123 2096 1211 περιελθόντι
2130 1151 2254 1192 κα-

235 1229 504 1308 ταφανῆ
542 1228 856 1307 γίγνοιτο,
896 1248 1032 1288 των
1066 1224 1291 1319 μέντοι
1335 1227 1719 1306 ἔμπροσθεν
1752 1225 2254 1308 προειρημένων

237 1319 561 1403 ἑπομένας
580 1316 944 1398 ἀποδείξεις
967 1313 1113 1386 οἶόν
1134 1315 1193 1384 τ’
1224 1327 1323 1403 εἴη
1349 1317 1704 1436 προσαψαι.
1729 1319 1839 1386 καὶ
1859 1316 2045 1404 ὑμεῖς
2058 1322 2256 1403 ἐξαρ-

238 1429 378 1485 κεῖν
401 1422 624 1503 ἔφατε,
636 1418 748 1485 καὶ
771 1414 947 1483 οὕτω
971 1413 1052 1501 δὴ
1078 1411 1332 1500 ἐρρήθη
1354 1441 1434 1480 τα
1453 1414 1598 1482 τότε
1617 1423 1733 1501 τῆς
1754 1414 1875 1500 μὲν
1899 1411 2254 1502 ακριβείας,

240 1510 329 1592 ὡς
348 1515 492 1598 ἐμοὶ
513 1517 838 1603 ἐφαίνετο,
863 1516 1114 1598 ἐλλιπῆ,
1147 1518 1212 1580 εἰ
1230 1515 1303 1580 δε
1325 1509 1483 1597 ὑμῖν
1505 1509 1940 1598 αρεσκόντως,
1964 1509 2149 1599 ὑμεῖς
2169 1538 2256 1580 αν

237 1618 438 1679 τοῦτο
465 1623 724 1681 εἴποιτε.
766 1609 1203 1698 Ἀλλῗ-έμοιγε,
1242 1616 1394 1697 ἔφη,
1428 1615 1734 1695 μετρίως·
1779 1613 2086 1696 ἐφαίνετο
2120 1611 2255 1695 μὴν

239 1711 351 1781 καὶ
376 1724 511 1787 τοῖς
534 1708 773 1788 ἄλλοις.
811 1707 1010 1796 Ἀλλ’,
1034 1702 1089 1777 ὦ
1110 1715 1283 1794 φίλε,
1307 1701 1395 1794 ἦν
1419 1704 1483 1775 δ’
1506 1706 1655 1792 ἐγώ,
1681 1711 1921 1793 μέτρον
1942 1713 2079 1774 τῶν
2112 1733 2253 1777 τοι·
2287 1711 2325 1763 G

240 1808 482 1889 ούτων,
508 1806 870 1878 ἀπολεῖπον
889 1813 998 1878 καὶ
1020 1807 1249 1877 ὁτιοῦν
1270 1815 1392 1876 τοῦ
1415 1804 1627 1892 ὄντος,
1663 1805 1747 1872 ού
1771 1806 1952 1874 πάνυ
1983 1813 2259 1892 μετρίως

239 1913 560 1993 γίγνεται·
616 1905 868 1988 ἀτελὲς
885 1906 1018 1994 γὰρ
1061 1905 1262 1994 οὐδὲν
1308 1903 1582 1982 οὐδενὸς
1629 1907 1897 1991 μέτρον·
1957 1909 2142 1986 δοκεῖ
2188 1904 2250 1974 δ’

242 2009 453 2075 ἐνίοτέ
481 2025 655 2073 τισιν
690 2010 932 2086 ἱκανῶς
965 2004 1092 2093 ἤδη
1113 2012 1294 2091 ἒχειν
1334 2004 1469 2070 καὶ
1486 2000 1687 2070 οὐδὲν
1718 2008 1857 2071 δεῖν
1893 2007 2256 2098 περαιτέρω

242 2108 470 2189 ζητεῖν.
515 2107 645 2171 Καὶ
663 2102 845 2190 μάλ’,
867 2109 1020 2192 ἔφη,
1045 2105 1277 2189 συχνοὶ
1312 2102 1680 2187 πάσχουσιν
1714 2097 1878 2169 αύτό
1903 2102 2011 2168 δια
2035 2103 2257 2190 ρᾳθυ-

241 2206 416 2287 μίαν.
469 2203 730 2269 Τούτου
770 2205 844 2269 δέ
873 2228 972 2287 γε,
1004 2194 1090 2286 ἦν
1131 2200 1194 2268 δ’
1241 2199 1392 2286 ἐγώ,
1437 2206 1558 2267 τοῦ
1586 2198 1983 2285 παθήματος
2024 2198 2258 2285 ἥκιστα

244 2304 522 2382 προσδεῖ
558 2298 812 2386 φύλακι
851 2298 1105 2377 πόλεως
1143 2324 1213 2366 τε
1256 2299 1366 2366 καὶ
1414 2295 1663 2384 νόμων.
1706 2297 1929 2384 Εἰκός,
1970 2288 2017 2383 ἦ
2056 2294 2117 2365 δ’
2165 2323 2256 2376 ος.

252 2392 390 2481 Τὴν
434 2398 851 2484 μακροτέραν
893 2402 1144 2481 τοίνυν,
1194 2421 1243 2461 ω
1288 2397 1522 2481 ἑταῖρε,
1557 2399 1750 2481 ἔφην,
1793 2396 2122 2476 περιιτέον
2165 2418 2255 2482 τω
2292 2412 2336 2462 D

243 2493 547 2584 τοιούτω,
573 2496 683 2562 καὶ
705 2491 827 2580 οὐχ
847 2485 1052 2588 ἧττον
1067 2491 1484 2580 μανθανοντι
1506 2485 1898 2577 πονητέον’“
1852 2517 1893 2577 η
1924 2497 2254 2577 γυμναζο-

248 2595 455 2679 μένῳ·
499 2591 563 2677 ἤ,
588 2588 626 2658 ὃ
653 2600 781 2658 νῦν
803 2591 882 2678 δη
910 2593 1241 2677 ἐλέγομεν,
1266 2600 1389 2657 τοῦ
1409 2595 1721 2675 μεγίστου
1742 2614 1812 2656 τε
1845 2590 1954 2655 καὶ
1975 2587 2256 2675 μαλιστα

246 2688 699 2796 προσήκοντος
731 2689 1126 2778 μαθήματος
1162 2690 1264 2757 ἐπὶ
1298 2691 1482 2767 τέλος
1515 2686 1756 2755 ούποτε
1789 2685 1944 2773 ηξει.
1993 2684 2097 2754 Οὐ
2125 2711 2257 2771 γαρ

245 2790 471 2873 ταῦτα,
495 2793 642 2875 ἔφη,
666 2794 956 2876 μέγιστα,
989 2786 1134 2855 αλλ’
1167 2794 1261 2856 ἔτι
1281 2815 1344 2855 τι
1364 2792 1583 2873 μεῖζον
1606 2785 2032 2872 δικαιοσύνης
2050 2810 2121 2852 τε
2148 2787 2259 2852 καὶ

248 2878 344 2954 ὧν
367 2888 760 2973 διήλθομενς
802 2887 935 2955 Καὶ
957 2893 1201 2973 μεῖζον,
1225 2877 1312 2972 ἦν
1335 2882 1396 2952 δ’
1426 2884 1554 2970 ἐγώ
1570 2912 1583 2925 ·
1621 2886 1730 2952 καὶ
1757 2882 1981 2952 αὐτῶν
2000 2882 2258 2951 τούτων

246 2983 370 3070 ούχ
393 2981 798 3071 ὑπογραφὴν
824 2989 929 3053 δεῖ
950 2984 1173 3069 ὥσπερ
1195 2992 1328 3051 νῦν
1362 2982 1766 3067 θεάσασθαι,
1796 2978 1964 3050 ἀλλὰ
1990 2979 2115 3067 τὴν
2149 3006 2259 3048 τε-

248 3082 581 3169 λεωτάτην
604 3079 1013 3170 ἀπεργασίαν
1035 3080 1125 3169 μὴ
1150 3085 1485 3171 παριέναι·
1507 3076 1553 3168 ἦ
1574 3079 1657 3147 ού
1692 3092 1975 3166 γελοῖον,
2011 3081 2117 3148 ἐπὶ
2137 3078 2260 3166 μὲν

247 3181 470 3261 ἄλλοις
503 3189 788 3268 σμικροῦ
820 3179 1024 3263 ἀξίοις
1054 3191 1190 3249 πᾶν
1225 3195 1440 3249 ποιεῖν
1472 3182 2044 3266 συντεινομένους,
2082 3177 2261 3260 ὅπως
2290 3201 2332 3253 z
2424 3239 2439 3253 .

247 3278 287 3347 ὅ
319 3306 382 3346 τι
414 3278 847 3367 ἀκριβέστατα
882 3283 993 3350 καὶ
1028 3280 1472 3366 καθαρώτατα
1505 3282 1653 3362 ἕξει,
1682 3286 1820 3348 τῶν
1844 3278 1915 3347 δὲ
1933 3285 2262 3365 μεγίστων

248 3376 336 3464 μὴ
362 3376 944 3531 μὶγίσταξνοῖξιοῦν
994 3379 1160 3449 εἶναι
1196 3380 1308 3448 καὶ
1340 3378 1457 3459 τὰς
1490 3377 1851 3466 ἄκριβείαςς
1894 3381 2021 3528 Igu?
2060 3376 2256 3461 μάλα,

460 3492 600 3530 uro
713 3514 727 3528 .
1889 3477 1919 3527 1
