2602 3928
298 200 424 262 252
1035 204 1241 261 ΠΛΑ
1264 202 1595 262 ΤΩΝΟΣ

301 354 428 429 οὖν
449 361 533 429 οὐ
552 362 754 430 πάλιν
775 388 845 431 τε
866 366 959 442 εἰς
977 365 1274 442 ἐκείνους
1293 389 1450 441 τους
1472 363 1904 449 λωτοφάγους
1926 362 2151 432 ἐλθών
2171 390 2309 450 φα-

302 467 510 542 νερῶς
531 473 841 541 κατοικεῖ,
864 462 974 528 καὶ
1000 459 1118 528 ἐὰν
1140 458 1299 544 παρ’
1325 467 1589 530 οἰκείων
1617 487 1715 539 τις
1734 462 2020 549 βοήθεια
2041 469 2134 551 τῷ
2158 485 2294 547 φει·
2380 549 2388 555 ·

301 560 495 645 δωλῷ
515 554 727 625 αὐτοῦ
746 565 861 643 τῆς
882 566 1096 644 ψυχῆς
1114 557 1495 644 ἀφικνῆται,
1519 557 1880 647 κλῄσαντες
1911 564 1980 627 οἱ
1997 556 2312 639 ἀλαζόνες

300 655 485 738 λόγοι
517 658 759 722 ἐκεῖνοι
796 652 915 734 τὰς
946 663 1070 722 τοῦ
1097 662 1446 741 βασιλικοῦ
1480 663 1732 742 τείχους
1773 661 1847 726 ἐν
1881 655 2063 745 αὐτῷ
2096 655 2312 732 πύλας

305 751 459 819 οὔτε
484 750 696 839 αὐτὴν
716 751 843 838 τὴν
865 755 1233 839 ξυμμαχίαν
1265 760 1584 837 παριᾶσιν
1615 752 1773 822 ου”τε
1808 756 2113 841 πρέσβεις
2146 776 2311 836 πρε-

227 865 270 913 D
306 851 652 936 σβυτέρων
672 849 917 934 λόγους
940 853 1223 918 ἰδιωτῶν
1244 854 1667 936 εἰσδέχονται,
1690 848 1887 918 αὐτοί
1900 877 1970 919 τε
1991 855 2312 934 κρατοῦσι

301 949 685 1033 μαχόμενοι,
724 950 834 1015 καὶ
884 944 1008 1032 τὴν
1048 946 1170 1033 μὲν
1222 952 1388 1015 αἰδῶ
1430 945 1819 1035 ἠλιθιότητα
1874 945 2311 1036 ὀνομάζοντες

304 1045 606 1113 ὠθοῦσιν
623 1048 749 1124 ἔξω
771 1042 1016 1129 ἀτίμως
1033 1043 1329 1137 φυγάδα,
1354 1045 1808 1133 σωφροσύνην
1841 1046 1911 1114 δὲ
1943 1044 2309 1130 ἀνανδρίαν

301 1145 662 1220 καλοῦντές
678 1168 747 1210 τε
765 1144 877 1210 καὶ
887 1148 1480 1228 προπηλακίζοντες
1495 1143 1911 1230 ἐκβάλλουσι,
1923 1142 2310 1229 μετριότητα

306 1240 509 1308 δὲκαὶ
541 1246 824 1326 κοσμίαν
847 1240 1152 1325 δαπάνην
1178 1267 1269 1319 ως
1301 1239 1652 1333 ἀγροικίαν
1686 1242 1798 1309 καὶ
1831 1237 2307 1324 ἀνελευθερίαν
2412 1235 2416 1238 ⁴

305 1328 519 1405 οὖσαν
541 1344 889 1416 πείθοντες
912 1332 1382 1422 ὑπερορίζουσι
1412 1338 1576 1424 μετὰ
1605 1345 1871 1408 πολλῶν
1902 1342 2012 1406 καὶ
2042 1337 2312 1423 ἀνωφε-

304 1443 444 1505 λῶν
479 1437 871 1521 ἐπιθυμιῶν.
931 1437 1214 1522 Σφόδρα
1247 1454 1342 1523 γε.
1400 1437 1672 1506 Τούτων
1703 1441 1779 1505 δέ
1801 1441 1882 1523 γέ
1921 1463 2054 1506 που
2097 1461 2311 1504 κενωύ

229 1550 267 1599 Ε
304 1555 537 1612 σαντες
569 1535 680 1601 καὶ
709 1532 1126 1619 καθήραντες
1157 1532 1281 1620 τὴν
1300 1539 1424 1602 τοῦ
1459 1537 1898 1621 κατεχομένου
1931 1560 2002 1602 τε
2036 1531 2152 1602 ὑπ’
2188 1530 2308 1601 αύ-

303 1638 440 1699 τῶν
460 1633 572 1699 καὶ
582 1635 986 1716 τελουμένου
996 1630 1216 1717 ψυχὴν
1238 1631 1581 1721 μεγάλοισι
1604 1632 1834 1717 τέλεσι,
1848 1630 1923 1700 τό
1940 1633 2100 1718 μετὰ
2113 1639 2311 1700 τοῦτο

303 1731 429 1818 ηδη
452 1730 656 1825 υβριν
687 1734 796 1800 καὶ
819 1728 1142 1818 ἀναρχίαν
1173 1734 1285 1800 καὶ
1316 1730 1607 1800 ἀσωτίαν
1631 1736 1739 1801 καὶ
1773 1730 2116 1800 ἀναίδειαν
2147 1740 2311 1818 λαμ-

305 1829 480 1912 πράς
516 1828 678 1915 μετά
720 1839 977 1898 πολλοῦ
1028 1839 1264 1931 χοροῦ
1292 1829 1696 1916 κατάγουσιν
1751 1831 2311 1916 ἐστεφανωμένας,

304 1930 846 2016 ἐγκωμιάζοντες
840 1931 951 1996 καὶ
982 1914 1549 2016 ὑποκοριζόμενοι,
1584 1926 1786 2016 υβριν
1808 1928 1928 2015 μὲν
1963 1926 2313 1996 εύπαιδεν·

304 2036 457 2097 σίαν
477 2035 857 2111 καλοῦντες,
888 2025 1211 2114 ἀναρχίαν
1240 2030 1313 2098 δὲ
1348 2032 1760 2113 ἐλευθερίαν,
1787 2024 2076 2096 ἀσωτίαν
2099 2027 2172 2096 δὲ
2193 2052 2310 2112 με-

169 2146 269 2202 561
305 2129 810 2212 γαλοπρέπειαν,
834 2123 1175 2208 ἀναίδειαν
1198 2130 1270 2194 δὲ
1291 2124 1625 2211 ἀνδρείαν.
1669 2117 1782 2210 αρ’
1812 2123 1933 2211 οὐχ
1955 2151 2132 2192 ουτω
2152 2150 2309 2206 πως,

305 2214 391 2308 ἦν
415 2220 485 2290 δ’
518 2224 671 2309 ἐγώ,
693 2226 843 2303 νέος
865 2220 964 2292 ῶν
987 2226 1381 2312 μεταβάλλει
1401 2229 1472 2292 ἐκ
1492 2230 1622 2292 τοῦ
1656 2227 1727 2291 ἐν
1761 2221 2144 2308 ἀναγκαίοις
2172 2226 2313 2290 ἐπι-

305 2327 578 2406 θυμίαις
600 2326 1015 2407 τρεφομένου
1047 2321 1172 2409 τὴν
1202 2331 1340 2391 τῶν
1376 2322 1464 2409 μὴ
1492 2320 1883 2407 ἀναγκαίων
1903 2325 2013 2389 καὶ
2044 2319 2314 2405 ἀνωφε-

306 2426 445 2485 λῶν
465 2416 733 2505 ἡδονῶν
755 2423 1200 2506 ἐλευθέρωσίν
1219 2447 1289 2489 τε
1324 2426 1435 2489 καὶ
1468 2420 1732 2501 &venam
1776 2422 1907 2488 Καὶ
1942 2419 2115 2505 μάλα
2149 2418 2238 2505 γ’,
2267 2410 2312 2504 ἦ

308 2513 368 2583 δ’
397 2514 493 2601 ὅς,
515 2519 827 2602 ἐναργῶς.
863 2526 963 2605 Ζῇ
995 2518 1100 2605 δή,
1127 2517 1326 2605 οἶμαι,
1362 2515 1526 2605 μετά
1558 2524 1765 2585 ταῦτα
1797 2513 1834 2584 ὁ
1871 2522 2169 2593 τοιοῦτος
2192 2512 2313 2583 οὐ·

306 2612 420 2682 δὲν
441 2622 696 2700 μᾶλλον
719 2620 810 2693 εἰς
831 2612 1236 2702 ἀναγκαίους
1264 2612 1310 2702 ἦ
1342 2613 1430 2701 μὴ
1455 2607 1856 2701 ἀναγκαίους
1878 2611 2125 2706 ἡδονὰς
2146 2612 2315 2681 ἀνα-

304 2719 552 2782 λίσκων
573 2716 685 2787 καὶ
716 2712 1011 2800 χρήματα
1032 2715 1143 2783 καὶ
1170 2714 1424 2794 πόνους
1455 2714 1565 2781 καὶ
1599 2712 1966 2798 διατριβάς·
2010 2709 2157 2779 ἀλλ’
2197 2707 2315 2777 ἐὰν

306 2809 580 2897 εὐτυχὴς
601 2837 645 2897 η
620 2803 773 2880 καὶ
795 2809 883 2898 μὴ
908 2816 1072 2894 πέρα
1105 2815 1545 2900 ἐκβακχευθῇ,
1579 2809 1748 2881 ἀλλά
1783 2837 1847 2878 τι
1878 2811 1987 2878 καὶ
2019 2809 2315 2931 πρεσβύ-

239 2925 276 2974 Β
310 2933 497 2993 τερος
516 2908 894 2994 γενόμενος,
909 2918 1031 2976 τοῦ
1050 2917 1305 2978 πολλοῦ
1324 2909 1635 2997 θορύβου
1651 2908 2125 2994 παρελθόντος,
2150 2910 2314 3023 μέρη

305 3030 375 3071 τε
398 3007 826 3090 καταδέξηται
847 3013 983 3071 τῶν
1005 3007 1427 3074 ἐκπεσόντων
1448 3008 1560 3075 καὶ
1583 3019 1720 3085 τοῖς
1749 3011 2137 3073 ἐπεισελθο
2098 3025 2207 3071 υσι
2226 2999 2315 3089 μὴ

308 3097 469 3171 ολον
491 3098 733 3168 ἑαυτὸν
755 3104 947 3193 ἐνδῷ,
982 3109 1073 3182 εἰς
1101 3113 1253 3173 ἴσον
1275 3107 1358 3191 δή
1393 3134 1454 3173 τι
1488 3106 1903 3192 καταστήσας
1925 3103 2041 3182 τάς
2070 3097 2317 3191 ηδονάς

308 3198 540 3285 διάγει,
564 3206 647 3285 τῇ
673 3201 1186 3290 παραπιπτούσῃ
1209 3201 1321 3271 ἀεὶε
1346 3193 1567 3287 ῶσπερ
1601 3202 1893 3290 λαχούσῃ
1921 3201 2044 3289 τὴν
2075 3204 2317 3269 ἑαυτοῦ
2369 3259 2374 3262 ,

307 3294 517 3383 ἀρχὴν
540 3298 966 3387 παραδιδούς,
989 3302 1111 3380 ἕως
1133 3296 1220 3368 ὀὲν
1241 3310 1591 3389 πληρωθῇ,
1627 3303 1738 3370 καὶ
1759 3293 1962 3379 αὖθις
1983 3297 2171 3386 ἄλλῃ,
2195 3293 2311 3364 οὐ-

309 3399 539 3480 δεμίαν
573 3392 923 3486 ἀτιμάζων,
959 3395 1106 3467 ἀλλ’
1142 3401 1208 3479 ἐξ
1244 3408 1396 3467 ἴσου
1429 3402 1713 3485 τρέφων.
1786 3397 1981 3467 Πάνυ
2012 3399 2134 3484 μὲν
2168 3390 2311 3463 οὖν
