2602 3928
925 241 1500 300 ΠοΛιΤΕΙΑΣ
1528 233 1603 318 μ’.
2186 238 2268 302 3⁷

264 427 396 485 ιαι,
419 413 555 478 τοῖς
575 398 664 487 μὴ
689 403 1088 484 δυναμένοις
1109 398 1183 466 τὸ
1206 402 1329 484 μὲν
1350 398 1700 519 ἐκφεύγειν
1720 400 1794 469 τὰ
1819 402 1890 470 δὲ
1917 405 2128 485 αἱρεῖν
2152 406 2270 469 δο-
2302 412 2408 469 359

257 513 364 566 κεῖ
377 508 742 566 λυσιτελεῖν
764 500 1140 578 ξυνθέσθαι
1162 492 1472 582 ἀλλήλοις
1492 494 1646 583 μήτ’
1684 494 1936 566 ἀδικεῖν
1952 498 2093 586 μήτ’
2121 498 2266 568 ἄδι-

253 603 552 665 κεῖσθαι·
598 596 709 662 καὶ
732 598 1052 661 ἐντεῦθεν
1074 590 1156 679 δὴ
1183 591 1513 676 ἄρξασθαι
1533 593 1785 679 νόμους
1805 599 2115 663 τίθεσθαι
2161 599 2267 665 καὶ

254 692 594 779 ξυνθήκας
606 689 865 776 αὐτῶν,
878 693 989 761 καὶ
1014 687 1343 777 ὀνομάσαι
1361 688 1437 758 τὸ
1452 687 1585 758 ὑπὸ
1613 698 1738 759 τοῦ
1758 691 1977 776 νόμου
2001 695 2264 778 ἐπίταγ-

252 817 344 876 μα
362 788 645 877 νόμιμόν
662 814 737 857 τε
758 791 869 857 καὶ
890 793 1147 857 δίκαιον
1161 839 1182 875 ,
1218 792 1329 858 καὶ
1353 786 1521 857 εἶναι
1540 788 1623 874 δὴ
1645 788 1895 876 ταύτην
1916 794 2181 875 γένεσίν
2200 816 2269 859 τε

254 892 365 957 καὶ
388 887 626 957 οὐσίαν
642 885 1085 973 δικαιοσύνης,
1099 884 1343 972 μεταξὺ
1359 877 1573 953 οὖσαν
1581 894 1702 954 τοῦ
1715 888 1839 973 μὲν
1858 886 2133 974 ἀρίστου
2145 887 2265 957 ὅν-

255 1012 386 1070 τος,
420 984 542 1054 ἐὰν
566 984 819 1054 ἀδικῶν
840 984 930 1071 μὴ
956 987 1117 1073 διδῷ
1142 987 1355 1070 δίκην,
1370 991 1493 1052 τοῦ
1516 983 1590 1051 δὲ
1608 993 1957 1069 κακίστου,
1983 983 2103 1054 ἐὰν
2120 984 2270 1055 ἀδι-

253 1086 579 1205 κούμενος
598 1093 1030 1171 τιμωρεῖσθαι
1056 1078 1388 1160 ἀδύνατος
1413 1074 1498 1170 ᾖ,
1523 1083 1596 1150 τὸ
1621 1085 1695 1150 δὲ
1718 1089 1976 1153 δίκαιον
1998 1088 2070 1151 ἐν
2091 1089 2268 1175 με’σφ

254 1209 339 1252 ον
363 1182 620 1251 τούτων
636 1177 1032 1267 ἀμφοτέρων
1044 1176 1436 1265 ἀγαπᾶσθαι
1463 1175 1585 1266 ούχ
1610 1177 1698 1260 ὡς
1714 1178 2000 1265 ἀγαθόν,
2017 1180 2154 1251 ἀλλ’
2184 1182 2270 1263 ὥς
2308 1202 2349 1250 Β

256 1279 590 1403 ἀρρωστίᾳ
630 1287 756 1347 τοῦ
799 1275 1054 1347 ἀδικεῖν
1093 1277 1496 1364 τιμώμενον·
1568 1280 1705 1347 ἐπεὶ
1740 1277 1862 1347 τὸν
1886 1280 2267 1367 δυνάμενον

256 1376 419 1449 αὐτὸ
460 1392 674 1447 ποιεῖν
707 1380 820 1447 καὶ
854 1373 944 1456 ὥς
973 1373 1244 1462 ἀληθῶς
1273 1374 1492 1462 ἄνδρα
1515 1372 1664 1443 οὐδ’
1689 1373 1776 1444 ἄν
1810 1378 1916 1445 ἑνί
1928 1401 2087 1446 ποτε
2108 1382 2268 1459 ξυν-

253 1479 505 1545 θέσθαι
561 1475 637 1543 τὰ
699 1473 861 1560 μήτε
919 1470 1172 1541 ἀδικεῖν
1217 1473 1381 1560 μήτε
1437 1471 1845 1542 ἀδικεῖσθαι·
1912 1482 2268 1562 μαίνεσθαι

252 1575 383 1662 γὰρ
406 1575 514 1643 ἄν.
556 1572 601 1661 ἡ
625 1578 746 1661 μὲν
782 1600 912 1642 ουν
946 1571 1027 1660 δὴ
1064 1573 1269 1660 φύσις
1306 1572 1757 1659 δικαιοσύνης,
1806 1599 1858 1641 ω
1890 1576 2264 1663 Σώκρατες,

257 1699 427 1758 αντη
465 1696 536 1739 τε
562 1674 675 1739 καὶ
709 1672 982 1758 τοιαύτη
998 1721 1019 1755 ,
1062 1671 1173 1740 καὶ
1208 1675 1273 1750 ἐξ
1310 1697 1408 1738 ων
1453 1674 1709 1758 πέφυκε
1748 1680 2052 1758 τοιαῦτα,
2102 1671 2191 1752 ὥς
2231 1669 2267 1739 ὁ

255 1769 473 1854 λόγος.

424 1869 529 1934 111.
564 1863 676 1946 Ὡς
718 1868 790 1935 δὲ
822 1870 933 1935 καὶ
966 1870 1037 1935 οἰ
1063 1866 1558 1954 ἐπιτηδεύοντες
1591 1867 1924 1956 ἀδυναμίᾳ
1967 1875 2091 1935 τοῦ
2125 1865 2272 1933 ἀδι-

252 1981 400 2037 κεῖν
421 1964 697 2045 ἅκοντες
717 1963 884 2035 αὐτὸ
909 1966 1406 2054 ἐπιτηδεύουσι,
1439 1966 1705 2054 μάλιστ’
1732 1961 1819 2034 ἀν
1841 1972 2267 2052 αἰσθοίμεθα,

257 2074 319 2135 εἰ
333 2065 595 2135 τοιόνδε
616 2064 1010 2153 ποιήσαιμεν
1030 2074 1113 2154 τῇ
1136 2070 1397 2152 διανοίᾳ
1411 2092 1427 2108 ·
1472 2063 1702 2145 δόντες
1723 2068 2029 2146 ἐξουσίαν
2047 2066 2271 2133 ἑκατέ-
2309 2075 2347 2127 G

258 2190 355 2255 ρῳ
392 2177 606 2234 ποιεῖν
627 2162 670 2232 ὅ
693 2191 756 2232 τι
793 2160 881 2232 ἄν
903 2164 1258 2252 βούληται,
1292 2174 1391 2254 τῷ
1418 2191 1490 2233 τε
1522 2169 1753 2253 δικαίῳ
1785 2167 1896 2232 καὶ
1916 2171 2013 2253 τῷ
2035 2160 2266 2254 ἀδίκῳ,

259 2261 377 2330 εἶτ’
421 2262 1085 2349 ἐπακολουθήσαιμεν
1125 2263 1491 2350 θεώμενοι,
1532 2277 1652 2331 ποῖ
1675 2260 1717 2350 ἡ
1750 2266 2069 2348 ἐπιθυμία
2113 2261 2271 2331 ἑκά-

256 2385 453 2445 τερον
473 2358 631 2441 ἄξει.
659 2357 748 2428 ἐπ’
778 2358 1152 2453 αὐτοφώρῳ
1176 2355 1306 2431 οὖν
1325 2362 1640 2449 λάβοιμεν
1663 2355 1750 2428 ἄν
1762 2357 1883 2428 τὸν
1900 2365 2157 2429 δίκαιον
2178 2368 2269 2450 τῷ

260 2454 470 2549 ἀδίκῳ
495 2463 589 2537 εἰς
607 2456 856 2527 ταύτὸν
878 2459 1068 2528 ἰόντα
1091 2459 1199 2527 διὰ
1220 2456 1346 2545 τὴν
1366 2462 1780 2542 πλεονεξίαν,
1806 2454 1846 2525 ὃ
1867 2465 2047 2525 πᾶσα
2070 2456 2272 2543 φύσις

260 2555 527 2624 διώκειν
554 2560 850 2642 πέφυκεν
873 2554 963 2636 ὥς
986 2553 1252 2642 ἀγαθόν
1266 2607 1283 2640 ,
1322 2555 1507 2647 νόμφ
1537 2552 1609 2623 δὲ
1635 2560 1751 2642 βίᾳ
1783 2554 2146 2640 παράγεται
2167 2557 2271 2622 ἐπὶ

257 2651 383 2738 τὴν
420 2661 546 2721 τοῦ
572 2663 726 2723 ἴσου
756 2655 969 2742 τιμήν.
1027 2664 1127 2741 εἴη
1162 2650 1230 2723 δ’
1260 2648 1349 2720 ἀν
1377 2651 1420 2739 ἡ
1463 2655 1723 2732 ἐξουσία
1746 2649 1833 2739 ἢν
1854 2655 2023 2736 λέγω
2048 2650 2272 2720 τοιάδε

258 2751 544 2838 μάλιστα
560 2801 579 2838 ,
627 2758 688 2821 εἰ
728 2752 952 2832 αὐτοῖς
995 2757 1253 2838 γένοιτο
1285 2754 1437 2819 οἵαν
1465 2752 1628 2817 ποτέ
1659 2769 1825 2836 φασι
1857 2749 2144 2835 δύναμιν
2178 2756 2273 2838 τῷ

259 2847 539 2936 [Γύγου]
562 2857 686 2917 τοῦ
702 2853 941 2919 Λυδοῦ
959 2850 1273 2940 προγόνῳ
1294 2850 1628 2934 γενέσθαι.
1665 2846 1832 2915 εἶναι
1852 2848 1974 2934 μὲν
1993 2844 2124 2935 γὰρ
2148 2842 2274 2913 αύ-
2309 2866 2352 2914 D

261 2947 381 3016 τὸν
423 2950 704 3035 ποιμένα
743 2945 1122 3034 θητεύοντα
1163 2946 1343 3033 παρὰ
1384 2954 1479 3037 τῷ
1522 2945 1670 3014 τότε
1705 2949 1953 3025 Λυδίας
1984 2945 2274 3032 ἄρχοντι,

263 3045 524 3132 ὄμβρου
546 3045 619 3114 δὲ
642 3053 898 3114 πολλοῦ
919 3049 1287 3131 γενομένου
1326 3046 1438 3112 καὶ
1461 3052 1738 3129 σεισμοῦ
1760 3045 2049 3130 ῥαγῆναί
2078 3068 2138 3111 τι
2157 3050 2273 3128 τῆς

262 3152 383 3231 γῆς
402 3145 514 3211 καὶ
535 3146 850 3227 γενέσθαι
867 3141 1085 3230 χάσμα
1120 3141 1288 3211 κατὰ
1310 3140 1432 3210 τὸν
1453 3132 1727 3230 τόπονῇ
1750 3147 2009 3228 ἔνεμεν·
2047 3140 2276 3208 ἰδόντα

264 3241 336 3310 δὲ
357 3243 470 3310 καὶ
490 3239 935 3327 θαυμάσαντα
969 3248 1338 3328 καταβῆναι
1353 3289 1373 3324 ,
1417 3242 1527 3308 καὶ
1556 3244 1722 3309 ἰδεῖν
1744 3238 1912 3308 ἄλλα
1945 3264 2016 3306 τε
2041 3236 2123 3323 δὴ
2145 3261 2278 3323 μυ-

263 3347 633 3425 θολογοῦσι
653 3337 1013 3426 θαυμαστὰ
1030 3341 1146 3407 ’καὶ
1167 3343 1374 3406 ἵππον
1392 3345 1685 3424 χαλκοῦν
1703 3345 1962 3422 κοῖλον,
1989 3336 2277 3418 θυρίδας

263 3443 496 3526 ἔχοντα
509 3488 528 3522 ,
551 3433 717 3506 καθ’
739 3436 819 3517 ἃς
839 3437 1223 3524 ἐγκύψαντα
1245 3441 1411 3506 ἰδεῖν
1432 3435 1671 3503 ἐνόντα
1691 3434 1938 3522 νεκρόν
1952 3484 1971 3518 ,
2007 3429 2096 3511 ὥς
2117 3436 2279 3516 φαί-
