2602 3928
352 211 475 275 418
1003 211 1381 269 TIMAlsz
1423 211 1757 270 ΛΟΚΡῼ
2275 223 2380 276 100

352 377 757 459 διαδιδωται,
791 348 1076 440 θνάσκει
1115 367 1190 439 τὸ
1229 375 1416 450 ζῶον.
1455 372 1694 439 πολλαὶ
1729 372 1801 438 δὲ
1830 378 2030 456 κᾶρες
2062 379 2229 454 ζωᾶς
2265 378 2379 444 καὶ

349 470 658 539 θανάτου
687 475 909 555 αἰτίαι,
935 470 1011 537 ἓν
1032 464 1095 536 δ’
1125 492 1221 535 ων
1240 469 1434 552 γένος
1461 467 1660 546 νόσος
1681 464 2129 556 ὀνυμαίνεται.
2153 473 2383 542 νόσων

349 566 651 656 δ’«άρχαὶ
684 570 807 655 μὲν
838 571 913 636 αἰ
942 574 1068 635 τοῖν
1109 563 1386 652 πράτων
1421 569 1768 651 δυναμίων
1801 562 2260 659 άσυμμετρίαι,
2310 582 2391 642 αῖ

273 678 314 731 c
350 695 435 737 κα
458 666 880 747 πλεονάζοιεν
911 663 957 752 ἦ
986 666 1352 733 ἐλλείποιεν
1373 664 1481 731 ταὶ
1513 661 1722 733 ἁπλαῖ
1747 665 2084 755 δυνάμιες,
2120 671 2387 758 θερμό-

349 794 465 846 τας
483 763 528 854 ἦ
552 763 887 852 ψυχρότας
906 760 967 851 ἦ.
988 760 1273 851 ὖγρότας
1297 758 1343 849 ἦ
1380 762 1688 849 ξηρότας·
1729 762 1893 849 μετὰ
1928 768 2002 833 δὲ
2034 766 2278 847 ταύτας
2312 772 2390 837 αἱ

350 875 445 934 τοῦ
476 867 750 950 αἵματος
793 864 1034 951 τροπαὶ
1066 863 1176 931 καὶ
1208 859 1598 941 άλλοιοόσιες
1629 864 1705 931 ἐκ
1743 869 2122 953 διαφθορᾶς
2165 868 2279 935 καὶ
2313 871 2389 936 αἱ

351 972 469 1045 τοῖς
491 959 738 1050 σαρκὸς
769 962 1134 1049 τακομένας
1161 960 1507 1047 κακώσιες,
1531 966 1604 1029 αί
1623 961 1865 1043 καττᾶς
1883 963 2251 1052 μεταβολὰς
2272 967 2385 1035 ἐπὶ

349 1065 424 1135 τὸ
448 1065 569 1147 ὀξὺ
589 1061 636 1154 ἦ
659 1062 963 1152 ἁλμυρὸν
984 1059 1030 1150 ἦ
1051 1060 1254 1150 δριμὺ
1274 1064 1516 1148 τροπαὶ
1535 1065 1821 1150 ἀἵματος
1840 1060 1885 1151 ἦ
1910 1062 2156 1150 σαρκὸς
2181 1091 2385 1133 τακε-

352 1166 546 1244 δόνες
578 1167 900 1252 γένοιντο.
960 1169 1159 1248 χολᾶς
1201 1158 1333 1248 γὰρ
1379 1163 1485 1229 ταὶ
1532 1164 1823 1245 γενέσιες
1864 1166 1977 1232 καὶ
2009 1162 2388 1252 φλέγματος

352 1267 654 1347 ἐνθένδε,
672 1262 871 1349 χυμοὶ
890 1258 1217 1339 νοσωδεες
1240 1256 1411 1328 καὶ”
1372 1268 1605 1345 υγριόν
1637 1261 1892 1346 σά-ψιες,
1928 1261 2232 1348 α’φαυραὶ
2253 1289 2383 1349 μεν

283 1373 323 1425 ὓ
354 1365 428 1429 αἱ
443 1387 532 1448 μη
558 1364 632 1429 ἐν
652 1360 877 1447 βάθει,
900 1360 1179 1446 χαλεπαὶ
1200 1356 1266 1426 δ’
1288 1348 1389 1427 ὦν
1409 1356 1600 1448 άρχαὶ
1619 1366 1994 1445 γεννῶνται
2013 1363 2081 1441 ἐξ
2103 1359 2383 1448 ὀστέων,

355 1457 622 1547 άνιαραὶ
655 1458 728 1528 δὲ
772 1463 844 1527 ἐκ
874 1463 1131 1545 μυελοῦ
1162 1455 1615 1543 ἐξαπτόμεναι.
1670 1463 2012 1527 τελευταία
2046 1460 2119 1526 δὲ
2152 1458 2380 1526 νόσωι

356 1563 494 1630 ἐντὶ
516 1567 800 1649 πνεῦμα,
832 1559 1018 1646 χολά,
1043 1564 1306 1646 φλέγμα
1334 1557 1667 1646 αυξόμενα
1684 1563 1796 1629 καὶ
1819 1562 2057 1648 ῥέοντα
2077 1564 2144 1641 ἐς
2161 1561 2384 1648 χώρας

355 1658 705 1746 ἀλλοτρίας
725 1655 773 1746 ἦ
793 1659 1013 1739 τόπως
1031 1660 1429 1743 ἐπικαιρίους.
1466 1657 1631 1727 τόκα
1652 1659 1780 1745 γάρ
1803 1657 2385 1745 άντικαταλαμβά-

353 1786 562 1830 νοντα
580 1758 706 1827 τάν
726 1766 863 1827 τῶν
884 1756 1239 1846 καρρόνων
1270 1755 1500 1844 χώραν
1525 1758 1637 1825 καὶ
1661 1755 2085 1827 άπελάσαντα
2107 1757 2188 1826 τὰ
2210 1778 2385 1843 συγ-

351 1859 573 1944 γενέα,
599 1856 898 1944 ἱδρύεται
927 1863 1267 1924 κακοῦντα
1292 1852 1377 1922 τὰ
1412 1856 1685 1941 σώματα
1723 1857 1833 1924 καὶ
1867 1858 1932 1935 ἐς
1966 1853 2137 1924 αὐτὰ
2170 1862 2384 1924 ταῦτα

354 1954 752 2027 ἀναλύοντα.

520 2060 646 2121 XV.
702 2055 835 2122 Καὶ
885 2051 1186 2139 σώματος
1241 2053 1365 2139 μὲν
1407 2053 1634 2121 πάθεα
1673 2053 1853 2139 τάδε,
1899 2054 2012 2122 καὶ
2056 2056 2126 2121 ἐκ
2167 2058 2385 2121 τῶνδε

356 2156 574 2236 ψυχας
591 2149 783 2219 νόσοι
807 2152 940 2217 ε’ντὶ
961 2154 1219 2235 πολλαί,
1250 2148 1447 2218 αλλαι
1477 2147 1545 2217 δ’
1582 2148 1809 2218 αλλων
1841 2154 2186 2235 δυναμίων
2219 2154 2381 2237 ἐντί,

276 2268 319 2320 Ε
357 2254 750 2335 αἰσθητικᾶς
771 2251 894 2334 μὲν
917 2253 1390 2336 δυσαισθησία,
1414 2272 1829 2347 μναμονικας
1850 2247 1922 2317 δε
1942 2247 2147 2333 λάθα,
2168 2272 2387 2335 ορμη-

355 2353 538 2425 τικᾶς
561 2347 633 2414 δὲ
656 2344 963 2432 άνορεξία
984 2350 1096 2415 καὶ
1116 2344 1505 2434 απροπετία,
1529 2353 1904 2435 παθητικας
1924 2344 2067 2415 Ob*
2022 2372 2222 2433 αγρια
2245 2346 2384 2414 πά·-

353 2442 485 2512 θεά
505 2470 576 2512 τε
597 2445 707 2513 καὶ
731 2443 973 2513 λύσσαι
994 2443 1400 2532 οίστριόδεες,
1426 2452 1697 2530 λογικοῖς
1730 2445 1805 2513 δὲ
1833 2442 2090 2531 άμαθία
2122 2447 2234 2512 καὶ
2267 2447 2385 2511 έκ-

357 2542 688 2630 φροσύνα.
733 2540 928 2630 άρχαὶ
951 2542 1025 2612 δὲ
1055 2551 1289 2624 κακίας
1309 2542 1546 2613 ἁδοναὶ
1564 2546 1675 2612 καὶ
1697 2551 1903 2612 λῦπαι
1935 2547 2288 2630 ἐπιθυμίαι
2307 2568 2384 2610 τε

354 2647 464 2711 καὶ
488 2640 712 2729 φόβοι,
738 2645 1090 2728 ἐξαμμέναι
1124 2644 1248 2727 μὲν
1279 2645 1356 2710 ἐκ
1386 2642 1704 2729 σώματος,
1737 2640 2270 2728 ἆνακεκραμέναι
2307 2641 2381 2709 δὲ

353 2748 435 2831 τᾷ
468 2748 674 2829 ψυχᾷ,
699 2743 807 2809 καὶ
843 2740 1394 2827 ἐξαγγελλόμεναι
1429 2738 1712 2827 ὀνόμασι
1744 2746 2095 2819 ποικίλοις·
2139 2746 2382 2825 ἔρωτες
2485 2774 2504 2799 e

352 2837 484 2925 γάρ
512 2841 622 2907 καὶ
665 2838 873 2907 πόθοι
914 2842 1135 2925 ἴμεροί
1169 2866 1239 2907 τε
1281 2845 1546 2909 ἔκλυτοι
1584 2837 1787 2926 ὀργαί
1810 2864 1883 2907 τε
1918 2840 2234 2907 σύντονοι
2265 2840 2382 2905 καὶ

216 2951 322 3009 1oe
352 2938 568 3022 θυμοὶ
603 2944 826 3022 βαρεῖς
871 2940 1219 3023 ἐπιθυμίαι
1247 2963 1320 3006 τε
1362 2944 1652 3007 ποικίλαι
1686 2940 1796 3006 καὶ
1831 2935 2066 3007 άδοναὶ
2109 2937 2387 3024 ἅμετροι

357 3040 511 3105 ἐντί.
559 3033 787 3115 ἁπλῶς
809 3040 880 3105 δὲ
901 3032 1157 3115 άτόνως
1183 3039 1331 3123 ἔχεν
1357 3038 1506 3106 ποτὶ
1538 3034 1620 3104 τά
1648 3036 1876 3105 πάθεα
1909 3038 2023 3105 καὶ
2053 3036 2384 3124 ἄρχεσθαι

359 3136 561 3218 πέρας
584 3131 823 3218 άρετοῖς
842 3135 953 3202 καὶ
981 3141 1215 3213 κακίας
1235 3138 1401 3202 ἐστί·
1442 3134 1517 3204 τὸ
1549 3135 1683 3222 γὰρ
1713 3134 2072 3215 πλεονάζεν
2105 3138 2182 3202 ἐν
2212 3134 2384 3202 ταύ-

355 3257 497 3310 ταις
528 3226 572 3318 ἦ
604 3231 906 3317 κάρρονα
942 3231 1154 3301 αὐτοῖν
1183 3231 1363 3319 εἶμεν
1405 3226 1484 3300 εὖ
1525 3229 1570 3320 ἢ
1611 3242 1835 3313 κακῶς
1867 3231 1991 3321 άμὲ
2029 3239 2381 3319 διατίθητι.

359 3334 509 3399 ποτὶ
531 3333 602 3398 δὲ
620 3332 867 3410 ταύτας
893 3330 1011 3412 τὰς
1032 3330 1242 3420 ὁρμάς
1263 3333 1518 3419 μεγάλα
1548 3333 1671 3421 μὲν
1693 3342 2031 3421 συνεργῆν
2055 3334 2383 3401 δύνανται

359 3428 432 3493 ac
460 3435 597 3494 τῶν
633 3426 957 3515 σωμάτων
989 3430 1274 3519 κράσιες,
1312 3429 1519 3513 ὀξεῖαι
1547 3428 1593 3520 ἦ
1629 3435 1876 3518 θερμαὶ
1909 3428 1955 3518 ἢ
1988 3430 2218 3500 ἄλλοτ’
2258 3428 2339 3498 άλ
