2602 3928
384 223 509 290 164
1119 227 1685 288 ΠΛΑΤΩΝΟΣ

379 389 545 474 ἐμοῦ
577 390 792 471 λέγειν
824 389 972 472 περὶ
1006 394 1168 456 τῶν
1175 391 1509 474 ἐρωτικῶν
1543 386 1644 459 ὅτι
1676 387 1854 459 ούτω
1890 398 2180 476 ποιοῦσι,
2226 412 2393 479 συγ-

377 492 573 572 χωρῶ
592 491 714 553 τοῦ
724 486 952 605 λόγου
969 485 1187 570 χάριν.
1262 492 1346 553 Τί
1375 490 1514 565 δαίς
1550 477 1636 572 ἦν
1671 485 1737 553 δ’
1774 485 1933 571 ἐγώ·
1977 513 2138 567 τους
2172 496 2396 574 φιλοί-

380 607 541 660 νους
561 580 647 648 ού
668 582 747 650 τά
773 580 941 650 αὐτὰ
974 591 1181 650 ταῦτα
1216 592 1573 663 ποιοῦντας
1606 582 1787 671 ὁρᾷς,
1827 582 2044 653 πάντα
2067 587 2256 655 οἶνον
2286 590 2394 656 ἐπὶ

376 680 589 766 πάσης
602 680 1002 768 προφάσεως
1013 679 1538 768 ἀσπαζομένουςς
1570 686 1700 751 Καὶ
1725 680 1920 768 μάλα.
1952 685 2087 753 Καὶ
2110 686 2246 772 μὴν
2275 713 2393 771 φι-

374 786 681 865 λοτίμους
701 806 799 866 γε,
829 777 915 857 ὡς
945 771 1212 870 ἐγωμαι,
1236 786 1559 869 καθορᾷς,
1573 779 1697 861 ὅτι,
1718 807 1809 846 αν
1828 777 1918 866 μὴ
1948 792 2394 869 στρατηγῆσαι

374 875 729 960 δύνωνται,
750 884 1272 962 τριττυαρχοῦσι,
1295 902 1429 943 καν
1440 875 1529 963 μὴ
1545 873 1674 947 ὑπὸ
1692 879 2013 963 μειζόνων
2024 882 2133 946 καὶ
2148 900 2391 966 σεμνο-

298 992 338 1042 Β
373 978 584 1060 τέρων
611 981 952 1061 τιμᾶσθαι,
973 971 1107 1041 ὑπὸ
1136 979 1587 1061 σμικροτέρων
1604 977 1714 1045 καὶ
1740 980 2172 1062 φαυλοτέρων
2184 980 2387 1064 τιμῶ-ι

371 1098 561 1159 μενοι
576 1071 943 1157 ἀγαπῶσιν,
972 1069 1059 1151 ὦς
1079 1071 1251 1151 ολως
1261 1081 1452 1158 τιμῆς
1471 1073 1935 1193 ἐπιθυμηταὶ”
1896 1099 2100 1155 οντες.
2125 1084 2391 1168 Κομιδῇ

373 1164 650 1258 μὲνοῦν.
676 1178 891 1240 Τοῦτο
906 1169 987 1258 δὴ
1004 1170 1179 1256 φαθι
1200 1166 1243 1256 ἦ
1261 1170 1372 1255 μή·
1389 1161 1488 1254 ἀρ’
1515 1166 1597 1237 ὃν
1618 1167 1707 1237 ἅν
1717 1197 1897 1251 τινος
1908 1175 2389 1261 ἐπιθυμητικὸν

374 1273 692 1355 λέγωμεν,
715 1270 963 1349 παντὸς
982 1276 1105 1336 τοῦ
1141 1272 1361 1346 εἴδους
1395 1267 1639 1337 τούτου
1670 1268 1973 1356 φήσομεν
2009 1274 2386 1361 ἐπιθυμεῖν,
2477 1289 2480 1292 ’

375 1363 419 1454 ἦ
448 1376 573 1435 τοῦ
591 1373 881 1454 με’ν,τοῦ
904 1371 975 1436 δὲ
998 1368 1113 1448 ού;
1157 1367 1444 1452 Παντός,
1466 1371 1614 1452 ἔφη.
1663 1365 1940 1436 Οὐκοῦν
1974 1372 2087 1438 καὶ
2119 1369 2242 1440 τὸν
2273 1399 2388 1461 φι-

377 1466 676 1552 λόσοφον
701 1474 937 1552 σοφίας
960 1467 1264 1553 φήσομεν
1303 1463 1724 1552 ἐπιθυμητὴν
1755 1465 1945 1553 εἶναι,
1978 1467 2061 1537 ού
2093 1478 2211 1556 τῆς
2242 1473 2384 1557 μέν,

306 1591 346 1643 0
373 1572 486 1649 τῆς
504 1562 566 1630 δ’
595 1563 702 1649 οὔ,
725 1561 893 1632 ἀλλά
928 1563 1176 1650 πάσης;
1208 1564 1479 1650 Ἀληθῆ.
1532 1560 1669 1631 Τὸν
1701 1562 1831 1650 ἄρα
1866 1568 2014 1653 περὶ
2051 1564 2130 1634 τὰ
2164 1568 2387 1657 μαθή-

374 1688 549 1747 ματα
580 1665 1121 1748 δυσχεραίνοντα,
1157 1661 1376 1741 ἄλλως
1411 1687 1481 1728 τε
1512 1663 1623 1729 καὶ
1656 1662 1814 1730 νέον
1848 1660 2012 1730 ὄντα
2044 1667 2157 1732 καὶ
2188 1668 2384 1753 μήπω

367 1761 574 1845 λόγον
598 1766 831 1846 ἔχοντα
852 1767 919 1827 τί
941 1786 1011 1828 τε
1031 1758 1320 1846 χρηστὸν
1341 1763 1451 1827 καὶ
1472 1760 1586 1845 μκή,
1608 1758 1694 1826 οὐ
1711 1758 2014 1846 φήσομεν
2036 1772 2382 1852 φιλομαθῆ

372 1857 528 1926 οὐδὲ
553 1858 929 1944 φιλόσοφον
952 1857 1139 1939 εἶναι,
1166 1855 1390 1940 ὥσπερ
1427 1855 1548 1924 τὸν
1581 1859 1730 1941 περὶ
1765 1855 1844 1924 τοὶ
1887 1865 2056 1926 σιτία
2094 1864 2378 1950 δυσχερῆ

370 1955 522 2024 οὔτε
550 1966 784 2043 πεινῆν
807 1958 1025 2041 φαμὲν
1050 1955 1171 2023 οὔτ
1178 1954 1572 2042 ’ἐπιθυμεῖν
1594 1962 1840 2040 σιτίων,
1857 1954 2012 2026 οὐδὲ
2034 1959 2382 2044 φιλόσιτον

370 2056 536 2123 ἀλλὰ
558 2056 917 2122 κακόσιτον
939 2052 1125 2121 εἶναι.
1167 2056 1300 2121 Καὶ
1324 2051 1547 2139 ὀρθῶς
1566 2082 1642 2141 γε
1665 2057 1984 2142 φήσομεν.
2039 2057 2176 2130 Τὸν
2199 2060 2273 2130 δὲ
2301 2061 2381 2154 δὴ

370 2151 654 2238 εὐχερῶς
674 2153 993 2219 ἐθέλοντα
1012 2149 1260 2230 παντὸς
1280 2153 1672 2239 μαθήματος
1701 2152 2022 2238 γεύεσθαι
2044 2156 2155 2223 καὶ
2176 2153 2376 2243 ἀσμέ-

370 2277 504 2329 νως
524 2252 627 2317 ἐπὶ
649 2248 724 2317 τό
752 2249 1128 2335 μανθανειν
1154 2249 1341 2318 ἰόντα
1363 2252 1470 2318 καὶ
1494 2248 1841 2336 ἀπλήστως
1864 2255 2116 2338 ἔχοντα,
2138 2262 2373 2322 τοῦτον

373 2348 434 2417 δ’
460 2353 536 2417 ἐν
572 2353 721 2437 δίκῃ
755 2350 1060 2436 φήσομεν
1091 2350 1501 2436 φιλόσοφον·
1548 2343 1595 2436 ἦ
1629 2375 1794 2435 γαρ;
1838 2350 2007 2419 καὶ’
1977 2377 2013 2419 ο
2051 2355 2375 2423 Γλαύκων

294 2484 338 2533 D
367 2454 515 2534 ἔφη,
538 2449 784 2516 Πολλοὶ
818 2448 947 2534 ἄρα
983 2450 1092 2517 καὶ
1125 2446 1365 2517 α’τοποι
1399 2454 1666 2516 ἔσονταί
1696 2467 1802 2515 σοι
1835 2455 2157 2517 τοιοῦτοι·
2218 2455 2378 2521 οἵτε

364 2543 492 2630 γὰρ
516 2545 1008 2632 φιλοθεάμονες
1028 2548 1268 2626 πάντες
1290 2552 1512 2633 ἔμοιγε
1523 2550 1802 2614 δοκοῦσι
1822 2553 1914 2636 τῷ
1936 2549 2380 2633 καταμανθά-

365 2669 508 2711 νειν
527 2649 866 2728 χαίροντες
896 2652 1186 2712 τοιοῦτοι
1219 2641 1407 2730 εἶναι,
1433 2647 1504 2711 οἵ
1526 2669 1597 2711 τε
1632 2641 1940 2730 φιλήκοοι
1967 2642 2384 2716 ἀτοπώτατοί

363 2745 533 2822 τινές
569 2748 736 2811 εἰσιν
773 2740 863 2821 ῶς
889 2739 956 2827 γ’
994 2745 1067 2809 ἐν
1102 2743 1500 2828 φιλοσόφοις
1531 2747 1813 2828 τιθέναι,
1845 2748 1914 2809 οἳ
1930 2741 2094 2827 πρὸς
2115 2744 2239 2828 μὲν
2261 2743 2378 2813 λό-

362 2869 525 2928 γους
558 2846 666 2911 καὶ
690 2840 1006 2926 τοιαύτην
1026 2840 1373 2928 διατριβὴν
1395 2843 1656 2919 ἑκόντες
1677 2839 1804 2909 οὐκ
1841 2836 1932 2921 ἂν·
1951 2843 2250 2909 ἐθέλοιεν
2270 2844 2371 2910 ε’λ-

362 2953 536 3027 θεῖν,
564 2940 786 3024 ὥσπερ
811 2939 882 3008 δὲ
911 2936 1537 3026 ἀπομεμισθωκότες
1556 2937 1638 3007 τοὶ
1663 2930 1796 3008 ὦτα
1818 2943 2182 3012 ἐπακοῦσαι
2203 2939 2380 3008 πάν-

364 3068 501 3111 των
527 3048 750 3127 χορῶν
793 3044 1183 3126 περιθέουσι
1214 3053 1353 3118 τοῖς
1385 3047 1790 3123 Διονυσίοις,
1840 3034 1996 3122 οὔτε
2036 3046 2174 3105 τῶν
2210 3038 2379 3107 κατὰ

363 3142 588 3219 πόλεις
609 3137 761 3207 οὔτε
782 3145 921 3208 τῶν
939 3136 1108 3207 κατὰ
1127 3139 1353 3224 κώμας
1374 3134 1905 3221 ἀπολειπόμενοι.
1950 3136 2226 3215 τούτους
2249 3130 2379 3205 οὖν

275 3272 316 3321 Ε
363 3236 617 3318 πάντας
636 3239 747 3305 καὶ
781 3235 1024 3315 ἄλλους
1055 3236 1379 3305 τοιούτων
1409 3242 1615 3303 τινῶν
1646 3231 2059 3320 μαθητικοὺς
2081 3237 2191 3304 καὶ
2219 3233 2379 3317 τούς

359 3344 495 3403 τῶν
517 3339 921 3422 τεχνυδρίων
949 3334 1371 3420 φιλοσόφους
1397 3332 1729 3420 φήσομεν;
1775 3332 2127 3419 Οὐδαμῶς,
2162 3331 2375 3418 εἶπον,

361 3430 508 3503 ἀλλ’
547 3431 816 3520 ὁμοίους
838 3433 961 3519 μἐν
982 3432 1395 3519 φιλοσόφοις.
