2602 3928
928 235 1607 299 ΠΟΛΙΤΕΙΑΣα’.
2178 242 2261 304 31

256 401 410 482 ἕξει,
447 398 493 485 ἦ
524 395 782 484 ἀνάγκη
816 394 986 483 αὐτῇ
1015 396 1177 483 μετὰ
1208 397 1662 485 δικαιοσύνηςς
1704 407 1792 469 Ec
1807 404 1957 488 μέν,
1978 407 2105 489 ἔφη
2123 452 2142 487 ,
2176 398 2262 482 ὦς

257 496 350 564 σύ
372 495 522 583 ἄρτι
541 502 781 583 ἔλεγεις
804 501 966 582 ἔχει,
989 491 1030 580 ἡ
1054 497 1441 583 δικαιοσύνη
1460 503 1665 583 σοφία
1676 548 1696 583 ,
1736 497 1897 585 μετὰ
1920 500 2261 568 δικαιοσύ-
2296 518 2331 569 o

259 615 410 684 νης·
455 600 519 664 εί
547 592 612 663 δ’
650 591 739 674 ὥς
760 592 889 680 ἐγὼ
913 599 1169 678 ἔλεγον,
1204 590 1367 680 μετά
1402 590 1671 674 ἀδικίας.
1759 595 1960 665 Πάνυ
1991 596 2257 685 ἄγαμαι,

251 686 347 779 ἦν
372 689 439 761 δ’
477 691 610 778 ἐγώ
621 743 640 777 ,
683 684 740 759 αἶ
760 686 1191 777 Θρασύμαχε,
1239 688 1343 758 ὅτι
1379 689 1506 760 οὐκ
1546 693 1867 773 ἐπινεύεις
1907 693 2120 780 μόνον
2149 696 2260 763 καὶ

250 788 620 876 ἀνανεύεις,
645 786 810 857 ἀλλὰ
833 789 943 856 καὶ
963 784 1309 874 ἀποκρίνει
1332 788 1513 857 πάνυ
1538 799 1773 871 καλοῖς.
1797 795 1919 861 Σοὶ
1941 792 2092 880 γάρ,
2107 799 2256 880 ἔφη,

250 893 612 975 χαρίζομαι.

421 990 634 1052 ΧΧΙΠ.
666 975 774 1051 Εὖ
795 1009 869 1069 γε
891 983 978 1050 οὐ
999 990 1212 1051 ποιῶν
1226 1012 1242 1027 ·
1270 981 1437 1051 ἀλλὰ
1459 982 1539 1070 δὴ
1562 988 1671 1053 καὶ
1691 985 1841 1056 τόδε
1863 1012 1975 1074 μοι
1995 987 2259 1074 χάρισαι

250 1086 366 1151 καὶ
405 1087 583 1168 λέγε·
636 1087 850 1160 δοκεῖς
891 1075 980 1149 ἀν
1018 1077 1063 1167 ἦ
1094 1081 1290 1151 πόλιν
1328 1077 1371 1168 ἢ
1406 1082 1853 1168 στρατόπεδον
1887 1079 1933 1170 ἢ
1955 1079 2260 1171 λῃστὰςῆ

250 1187 534 1262 κλέπτας
550 1176 596 1269 ἦ
618 1181 780 1250 ἄλλο
803 1207 865 1249 τι
887 1187 1121 1266 ἔθνος,
1144 1179 1274 1249 ὅσα
1299 1188 1495 1268 κοινῇ
1517 1185 1628 1249 ἐπί
1643 1207 1706 1250 τι
1726 1188 1975 1269 ἔρχεται
1996 1182 2257 1267 ἀδίκως,

250 1283 493 1366 πρᾶξαι
514 1277 600 1347 ἄν
620 1307 680 1347 τι
712 1280 1080 1365 δύνασθαι,
1126 1285 1187 1349 εί
1214 1277 1509 1349 ἀδικοῖεν
1545 1279 1899 1368 ἀλλήλους;
1944 1278 2048 1348 Ού
2073 1285 2253 1368 δῆτα,
2288 1289 2331 1340 D

250 1371 298 1464 ἦ
319 1375 384 1446 δ’
409 1376 504 1458 ὅς.
559 1382 643 1444 Τί
658 1375 726 1446 δ’
746 1376 913 1464 εἰμὴ
935 1374 1256 1458 ἀδικοῖεν;
1275 1376 1361 1447 ού
1381 1386 1672 1465 finem
1718 1379 1915 1447 Πάνυ
1940 1404 2035 1464 γε.
2075 1378 2260 1447 Στά-

252 1495 387 1555 σεις
406 1474 534 1562 γάρ
557 1498 688 1543 που
706 1525 725 1560 ,
762 1466 820 1541 ω’
843 1473 1237 1563 Θρασύμαχε
1251 1527 1269 1560 ,
1293 1476 1340 1563 ἦ
1356 1503 1433 1562 γε
1455 1475 1675 1546 ἀδικία
1695 1481 1803 1545 καὶ
1823 1483 1979 1565 μίση
1999 1480 2111 1547 καὶ
2130 1475 2259 1563 μά·-

252 1601 371 1661 χας
391 1577 466 1641 ἐν
498 1569 805 1660 ἀλλήλοις
837 1576 1130 1659 παρέχει,
1179 1570 1222 1660 ἡ
1269 1574 1342 1643 δὲ
1380 1574 1765 1662 δικαιοσύνη
1796 1573 2117 1662 ὁμόνοιαν
2150 1580 2260 1644 καὶ

254 1677 517 1758 φιλίαν·
560 1662 606 1757 ἦ
622 1670 791 1755 γάρ;
820 1668 1067 1754 ’Ἐστι-ο,
1122 1661 1165 1756 ἦ
1199 1668 1265 1737 δ’
1307 1668 1414 1753 ὅς,
1446 1674 1560 1738 ἵνα
1593 1693 1697 1739 σοι
1718 1669 1806 1758 μὴ
1832 1676 2256 1758 διαφέρωμαι.

247 1767 423 1837 Ἀλλ’
456 1759 536 1837 εὖ
563 1793 640 1853 γε
673 1765 760 1835 σὺ
781 1774 1023 1849 ποιεῖν,
1067 1758 1122 1836 ὦ
1145 1764 1389 1852 ἄριστε.
1433 1768 1584 1837 τόδε
1611 1771 1688 1836 δέ
1702 1793 1815 1854 μοι
1836 1772 2012 1854 λέγε·
2050 1762 2179 1854 ἀρα
2202 1774 2263 1836 εί

255 1874 453 1936 τοῦτο
474 1870 671 1952 ἔργον
693 1864 949 1944 ἀδικίας
965 1915 983 1949 ,
1018 1877 1205 1950 μῖσος
1224 1867 1520 1951 ἐμποιεῖν
1541 1862 1716 1933 ὅπου
1742 1861 1828 1933 ἀν
1852 1868 2001 1954 ἐνῇ,
2046 1863 2130 1932 οὐ
2149 1867 2259 1934 καὶ

255 1971 330 2036 ἐν
368 1967 745 2050 ἐλευθέροις
778 1989 850 2033 τε
884 1963 995 2032 καὶ
1030 1961 1296 2044 δούλοις
1318 1964 1745 2051 ἐγγιγνομένη
1768 1976 1983 2051 μισεῖν
2002 1961 2259 2050 ποιήσει

256 2062 581 2150 ἀλλήλους
609 2063 719 2131 καὶ
754 2059 1120 2143 στασιάζειν
1149 2062 1260 2129 καὶ
1293 2059 1671 2141 ἀδυνάτους
1702 2059 1869 2129 εἶναι
1902 2068 2092 2149 κοινῇ
2113 2058 2254 2147 μετ’
2292 2060 2333 2109 E

257 2159 561 2248 ἀλλήλων
583 2160 925 2245 πράττειν;
967 2159 1166 2227 Πάνυ
1195 2185 1289 2246 γε.
1367 2164 1454 2226 Τί
1483 2161 1560 2228 δέ
1567 2187 1587 2241 3
1626 2154 1715 2227 ἀν
1746 2164 1820 2228 ἐν
1852 2164 2046 2227 δυοῖν
2072 2162 2258 2246 ἐγγέ-

258 2285 480 2345 νηται,
533 2256 616 2325 ού
659 2261 1020 2326 διοίσονται
1056 2259 1167 2326 καὶ
1200 2257 1555 2346 μισήσουσι
1596 2261 1707 2325 καὶ
1742 2260 1969 2343 ἐχθροὶ
1998 2260 2258 2324 ἔσονται

257 2353 560 2443 ἀλλήλοις
579 2381 650 2423 τε
674 2358 783 2424 καὶ
803 2368 939 2435 τοῖς
960 2359 1265 2436 δικαίοις;
1290 2354 1631 2441 ”Εσονται,
1678 2359 1821 2442 ἔφη.
1887 2351 2038 2423 Ἐἀν
2060 2356 2132 2422 δὲ
2149 2353 2254 2439 δή,

259 2445 312 2521 ὦ
331 2451 664 2540 θαυμάσιε
678 2504 697 2538 ,
731 2455 806 2521 ἐν
835 2453 932 2520 ἐνὶ
952 2455 1290 2571 ἐγγένηται
1310 2448 1529 2521 ἀδικία
1542 2502 1561 2537 ,
1594 2460 1741 2538 μῶν
1760 2450 1847 2540 μὴ
1882 2450 2121 2520 ἀπολεῖ
2136 2448 2259 2537 τὴν

258 2546 460 2636 αὑτῆς
494 2543 780 2636 δύναμιν
794 2599 813 2634 ,
849 2544 895 2636 ἦ
916 2547 1119 2618 οὐδὲν
1137 2574 1338 2635 ηττον
1359 2550 1510 2630 ἕξεις
1562 2549 1802 2637 Μηδὲν
1819 2540 2018 2636 ἦττον
2046 2551 2258 2634 ἐχέτω,

257 2652 401 2734 ἔφη.
469 2642 745 2714 Οὐκοῦν
764 2645 1030 2714 τοιάνδε
1049 2642 1199 2714 τινά
1221 2651 1525 2731 φαίνεται
1545 2652 1786 2733 ἔχουσα
1806 2643 1930 2734 τὴν
1953 2644 2259 2732 δύναμιν,

258 2747 405 2811 οἵαν
420 2795 438 2828 ,
464 2735 522 2834 ᾤ
541 2737 627 2811 ἂν
648 2746 991 2829 ἐγγένηται
1006 2793 1025 2828 ,
1050 2751 1178 2811 εἴτε
1199 2741 1388 2811 πόλει
1408 2744 1538 2811 τινὶ
1562 2751 1691 2811 εῖτε
1709 2745 1886 2828 γένει
1908 2751 2036 2811 εῖτε
2060 2759 2262 2825 στρα-

258 2845 512 2931 τοπέδῳ
546 2850 679 2909 εἴτε
713 2839 892 2931 ἄλλῳ
929 2836 1231 2930 ὁτῳοῦν,
1277 2847 1547 2927 πρῶτον
1580 2841 1703 2926 μὲν
1735 2835 2074 2909 ἀδύνατον
2098 2832 2261 2904 αὐτὸ
2292 2841 2397 2896 352

259 2952 469 3007 ποιεῖν
499 2937 812 3022 πράττειν
837 2937 999 3024 μεθ’
1037 2934 1247 3006 αὑτοῦ
1271 2941 1380 3004 διά
1411 2935 1486 3004 τὸ
1514 2937 1879 3018 στασιάζειν
1899 2937 2008 3003 καὶ
2031 2933 2265 3018 διαφέ-

260 3046 515 3125 ρεσθαι,
539 3039 631 3102 ἔτι
655 3032 720 3101 δ’
743 3031 992 3119 ἐχθρὸν
1013 3032 1185 3102 εἶναι
1206 3036 1422 3120 ἑαυτῷ
1439 3060 1510 3102 τε
1529 3036 1754 3124 καὶτῷ
1773 3035 2047 3121 ἐναντίῳ
2069 3031 2264 3098 παντὶ

261 3136 367 3203 καὶ
389 3138 482 3222 τῷ
508 3135 772 3220 δικαίῳ;
818 3127 941 3217 ούχ
972 3129 1217 3214 offlam-3
1258 3129 1460 3198 Πάνυ
1479 3156 1573 3216 γε.
1638 3131 1770 3197 Καὶ
1791 3132 1866 3197 ἐν
1886 3129 1983 3196 ἐνὶ
2010 3127 2093 3214 δή
2111 3179 2128 3211 ,
2163 3124 2266 3194 οῖ-

261 3257 407 3318 μαι,
430 3232 679 3295 ἐνοῦσα
707 3234 917 3300 ταῦτα
939 3225 1154 3296 πάντα
1171 3226 1461 3314 ποιήσει,
1486 3225 1656 3313 άπερ
1678 3229 1977 3313 πέφυκεν
2002 3224 2266 3312 ἐργάζε-

263 3336 423 3395 σθαι
439 3347 454 3363 ·
480 3329 749 3410 πρῶτον
766 3323 889 3409 μὲν
910 3321 1246 3393 ἀδύνατον
1268 3321 1478 3393 αὐτὸν
1499 3326 1807 3411 πράττειν
1827 3322 2086 3409 ποιήσει
2108 3339 2266 3389 στα,

264 3424 567 3505 σιάζοντα
597 3421 710 3489 καὶ
737 3418 859 3507 οὐχ
889 3418 1311 3509 ὁμονοοῦντα
1352 3418 1561 3491 αὐτὸν
1603 3423 1817 3509 ἐαυτῷ
1827 3471 1847 3506 ,
1892 3425 2112 3487 ἔπειτα
2160 3421 2267 3504 εχ-
