2602 3928
331 193 457 258 288
1068 189 1637 251 ΠΛΑΤΩΝΟΣ

338 369 639 457 διῄρηται
673 366 753 434 τά
786 373 905 452 τῆς
943 369 1157 451 ψυχῆς
1193 366 1356 448 εἴδη.
1399 368 1555 439 Πῶς
1597 363 1840 447 λέγεις;
1875 359 1988 442 Ὡς
2023 363 2147 450 μὲν
2183 387 2358 448 προς

336 464 512 553 ὑμᾶς
546 471 855 550 εἰρῆσθαι
893 503 970 514 --
1003 458 1086 529 ού
1119 459 1248 547 γάρ
1291 484 1424 546 μου
1465 473 1793 543 κατερεῖτε
1835 457 2002 546 πρὸς
2037 459 2195 539 τοὺς
2237 469 2358 548 τῆς

336 567 703 652 τραγῳδίας
722 559 993 645 ποιητὰς
1023 559 1135 625 καὶ
1169 554 1326 634 τοὺς
1357 554 1601 634 ἄλλους
1627 554 1926 635 ἅπαντας
1960 555 2119 637 τοὺς
2152 586 2359 646 μιμη-

337 659 563 737 τικούς
601 698 678 709 -
714 656 897 743 λώβη
930 660 1145 723 ἔοικεν
1190 652 1360 721 εἶναι
1401 652 1618 720 πάντα
1652 651 1732 720 τά
1763 662 2035 722 τοιαῦτα
2071 664 2187 743 τῆς
2219 663 2360 723 τῶν

219 756 222 759 ’
340 754 731 825 ἀκουόντων
749 757 1065 836 διανοίας,
1090 749 1237 819 ὅσοι
1255 749 1348 836 μὴ
1372 755 1596 836 ἔχουσι
1627 751 1986 837 φάρμακον
2012 749 2087 821 τό
2113 758 2361 822 εἰδέναι
2470 834 2475 835 7

341 850 507 921 αὐτὰ
552 847 659 920 οἷα
698 850 1008 937 τυγχάνει
1041 849 1223 917 ὄντα.
1269 854 1383 934 Πῇ
1416 846 1519 934 δή,
1553 852 1703 934 ἔφη,
1733 848 2214 937 διανοούμενος
2246 851 2362 917 λέ-

341 977 510 1038 γεις;
540 947 821 1036 Ῥητέον,
843 941 933 1034 ἦν
956 944 1021 1014 δ’
1051 945 1209 1034 ἐγώ,
1224 952 1438 1012 καίτοι
1458 951 1644 1030 φιλία
1664 948 1744 1031 γέ
1770 954 1867 1026 τίς
1897 972 1977 1032 με
2009 949 2121 1015 καὶ
2157 948 2363 1027 αἰδῶς

341 1053 413 1117 ἐκ
448 1044 681 1125 παιδὸς
717 1051 959 1133 ἔχουσα
992 1046 1142 1131 περὶ
1164 1040 1462 1129 Ὁμήρου
1495 1038 1875 1111 ἀποκωλύει
1907 1045 2142 1130 λέγειν.
2189 1049 2362 1111 ἔοικε

269 1161 308 1212 c
342 1148 466 1234 μὲν
486 1143 616 1230 γάρ
635 1151 772 1212 τῶν
792 1150 1019 1211 καλῶν
1041 1138 1357 1209 ἁπάντων
1377 1139 1638 1207 τούτων
1658 1148 1795 1209 τῶν
1816 1149 2151 1226 τραγικῶν
2173 1147 2364 1227 πρῶ-
2456 1231 2460 1235 ⁴

341 1270 453 1323 τος
475 1240 870 1319 διδάσκαλός
891 1266 961 1308 τε
981 1241 1091 1308 καὶ
1112 1235 1380 1325 ἡγεμών
1407 1241 1742 1324 γενέσθαι.
1786 1236 1933 1307 ἀλλ’
1960 1236 2043 1307 ού
2077 1236 2206 1326 γὰρ
2229 1242 2367 1326 πρό

342 1367 420 1428 γε
458 1346 574 1426 τῆς
614 1335 935 1424 ἀληθείας
977 1338 1274 1424 τιμητέος
1313 1333 1521 1423 ἀνήρ,
1569 1332 1740 1421 ἀλλ’,
1782 1331 1824 1404 δ’
1866 1340 2058 1423 λέγω,
2105 1339 2362 1424 ῥητέον.

345 1439 543 1506 Πάνυ
578 1436 703 1523 μὲν
746 1429 893 1523 οὖν,
945 1442 1093 1522 ἔφη.
1143 1435 1385 1504 ’Ἀκουε
1429 1435 1536 1522 δή,
1571 1442 1828 1522 μᾶλλον
1863 1435 1935 1505 δὲ
1971 1433 2361 1523 ἀποκρίνου.

338 1535 605 1624 Ἐρώτα.
648 1540 955 1621 Μίμησιν
979 1533 1150 1614 ὅλως
1170 1539 1340 1621 ἔχοις
1361 1533 1448 1600 ἄν
1467 1559 1580 1620 μοι
1611 1539 1818 1602 εἰπεῖν
1841 1533 1882 1603 δ’
1901 1541 1970 1603 τί
1979 1532 2128 1603 ποτ’
2153 1539 2364 1615 ἐστίν;

350 1633 510 1704 οὐδὲ
549 1634 678 1721 γάρ
713 1660 815 1702 τοι
848 1632 1048 1713 αὐτὸς
1083 1633 1265 1701 πάνυ
1296 1659 1360 1700 τι
1393 1638 1675 1715 ξυννοῶ,
1714 1639 1785 1700 τί
1820 1633 2132 1720 βούλεται
2173 1631 2360 1701 εἶναι.

340 1728 583 1802 Ἦπου
626 1729 761 1816 ἄρ’,
807 1738 957 1820 ἔφη,
994 1730 1121 1818 ἐγω
1160 1730 1532 1817 συννοήσω.
1597 1728 1819 1798 Οὐδέν
1859 1757 1955 1816 γε,
1996 1723 2082 1818 ἦν
2114 1727 2176 1800 δ’
2212 1730 2364 1818 ἐγώ,

217 1851 317 1907 596
355 1830 628 1917 ἄτοπον,
654 1834 793 1899 ἐπεὶ
814 1831 1029 1898 πολλά
1050 1856 1150 1898 τοι
1174 1827 1490 1917 ὀξύτερον
1524 1828 1913 1916 βλεπόντων
1947 1826 2368 1918 ἀμβλύτερον

352 1926 642 2016 ὁρῶντες
686 1927 996 2013 πρότεροι
1039 1925 1237 1995 εἶδον.
1286 1918 1530 2013 Ἔστιν,
1574 1932 1725 2013 ἔφη,
1757 1925 1996 2006 οὕτως·
2037 1924 2205 1996 ἀλλά
2239 1933 2366 1995 σοῦ

353 2025 685 2109 παρόντος
707 2021 861 2090 οὐδ’
898 2019 988 2090 ἀν
1007 2030 1541 2110 προθυμηθῆναι
1577 2016 1719 2102 οἶός
1750 2048 1821 2091 τε
1858 2034 2004 2109 εἰην
2041 2029 2269 2109 εἰπεῖν,
2309 2031 2372 2091 εἰ

353 2128 419 2189 τί
436 2145 550 2208 μοι
568 2125 1037 2206 καταφαίνεται
1052 2147 1066 2161 ·
1093 2117 1241 2190 ἀλλ’
1268 2118 1469 2200 αὐτὸς
1490 2119 1634 2208 ὅρα.
1679 2120 1923 2189 Βούλει
1944 2112 2071 2189 οὖν
2091 2123 2368 2189 ἐνθένδε

355 2216 716 2304 ἀρξώμεθα
737 2220 1270 2305 ἐπισκοποῦντες,
1286 2222 1358 2286 ἐκ
1381 2224 1497 2305 τῆς
1519 2224 1834 2297 εἰωθυίας
1845 2217 2174 2305 μεθόδους
2198 2215 2364 2296 εἶδος

354 2316 484 2401 γάρ
508 2313 641 2381 πού
663 2341 724 2381 τι
749 2317 823 2382 ἓν
843 2318 1127 2384 ἕκαστον
1150 2314 1484 2402 εἰώθαμεν
1516 2322 1831 2384 τίθεσθαι
1851 2318 2001 2403 περὶ
2022 2317 2263 2384 ἕκαστα
2285 2311 2362 2381 τά

358 2410 591 2495 πολλοὶ,
638 2406 734 2490 οἷς
778 2410 1026 2481 ταύτὸν
1059 2412 1273 2499 ὄνομα
1311 2414 1730 2498 ἐπιφέρομεν.
1774 2408 1819 2499 ἦ
1855 2410 1940 2481 οὐ
1967 2412 2366 2499 μανθάνεις;

357 2508 735 2578 Μανθάνω.
784 2517 1022 2596 Θῶμεν
1052 2509 1133 2597 δὴ
1168 2513 1277 2578 καὶ
1313 2516 1444 2579 νῦν
1483 2508 1523 2576 δ’
1549 2536 1612 2577 τι
1644 2509 1875 2597 βούλει
1907 2518 2044 2578 τῶν
2081 2517 2363 2578 πολλῶν.

292 2629 333 2680 Β
368 2602 532 2691 οἷον,
555 2611 616 2675 εἰ
634 2610 871 2691 θέλεις,
903 2614 1148 2676 πολλαί
1162 2607 1295 2675 πού
1317 2613 1441 2675 εἰσι
1465 2610 1683 2675 ’κλῖναι
1715 2609 1825 2674 καὶ
1844 2607 2169 2693 τράπεζαι.
2213 2613 2367 2685 Πῶς

361 2702 428 2772 δ’
457 2702 571 2783 οὕς
606 2702 795 2772 Ἀλλὰ
818 2706 985 2773 ἰδέαι
1006 2709 1085 2791 γε’
1121 2728 1255 2773 που
1288 2705 1441 2790 περὶ
1473 2711 1681 2771 ταῦτα
1712 2701 1794 2771 τά
1830 2704 2036 2790 σκεύη
2072 2704 2218 2789 δύο,
2256 2709 2370 2790 μία

361 2804 483 2888 μὲν
505 2807 752 2888 κλίνης,
780 2807 895 2887 μία
917 2801 989 2871 δὲ
1018 2803 1349 2888 τραπέζης.
1386 2807 1541 2869 Ναί.
1590 2797 1865 2869 Οὐκοῦν
1894 2803 2005 2869 καὶ
2036 2804 2373 2887 εἰώθαμεν

360 2899 597 2984 λέγειν,
614 2897 716 2966 ὅτι
738 2897 775 2966 ὁ
800 2899 1203 2985 δημιουργὸς
1228 2900 1543 2994 ἑκατέρου
1573 2907 1699 2967 τοῦ
1733 2898 2016 2977 σκεύους
2052 2900 2219 2984 πρὸς
2253 2895 2374 2983 τὴν

364 2997 548 3064 ἰδέαν
569 2999 835 3082 βλέπων
855 2995 1033 3065 οὕτω
1055 3011 1236 3066 ποιεῖ
1261 2994 1296 3065 ὁ
1328 2998 1453 3084 μὲν
1477 2997 1596 3077 τάς
1619 3002 1868 3083 κλίνας,
1897 2995 1933 3067 ὁ
1965 2996 2040 3066 δὲ
2074 2995 2190 3074 τὰς
2213 3019 2375 3078 τρα-

366 3097 577 3176 πέζας,
602 3089 705 3171 αἶς
724 3090 910 3179 ἡμεῖς
928 3094 1264 3181 χρώμεθα,
1288 3096 1401 3163 καὶ
1420 3088 1628 3164 τᾶλλα
1650 3095 1818 3163 κατὰ
1852 3092 2059 3161 ταύτά
2073 3122 2094 3176 3
2129 3091 2211 3161 οὐ
2244 3091 2375 3178 γάρ

366 3212 500 3256 που
533 3189 659 3276 τήν
687 3216 763 3276 γε
785 3194 970 3259 ἰδέαν
992 3190 1205 3280 αὐτὴν
1238 3197 1632 3280 δημιουργεῖ
1657 3190 1875 3272 οὐδεὶς
1895 3199 2031 3260 τῶν
2057 3196 2378 3278 δημιουρ-

366 3295 538 3370 γῶν·
580 3296 721 3367 πῶς
750 3287 911 3377 roim
953 3288 1297 3377 Οὐδαμῶς.
1337 3287 1511 3360 Ἀλλ’
1554 3287 1680 3376 ὅρα
1721 3287 1801 3379 δὴ
1847 3291 1958 3358 καὶ
1997 3288 2193 3357 τόνδε
2230 3293 2377 3355 τίνα

195 3435 202 3440 ·
286 3400 323 3451 G
367 3392 585 3464 καλεῖς
626 3385 747 3454 τὸν
798 3388 1225 3475 δημιουργόν.
1310 3388 1448 3458 Τὸν
1500 3403 1723 3469 ποίους
1765 3385 1879 3469 Ὃς
1921 3387 2138 3456 πάντα
2184 3395 2376 3458 ποιεῖ.
