<?xml version="1.0" encoding="UTF-8"?>
<!DOCTYPE html PUBLIC "-//W3C//DTD XHTML 1.0 Transitional//EN"
    "http://www.w3.org/TR/xhtml1/DTD/xhtml1-transitional.dtd">
<html xmlns="http://www.w3.org/1999/xhtml" xml:lang="en" lang="en">
 <head>
  <title>
</title>
<meta http-equiv="Content-Type" content="text/html;charset=utf-8" />
  <meta name='ocr-system' content='tesseract 3.04.00' />
  <meta name='ocr-capabilities' content='ocr_page ocr_carea ocr_par ocr_line ocrx_word'/>
</head>
<body>
  <div class='ocr_page' id='page_1' title='image "./dialogisecundum07platgoog_0286.png"; bbox 0 0 2602 3928; ppageno 0'>
   <div class='ocr_carea' id='block_1_1' title="bbox 341 214 1650 280">
    <p class='ocr_par' dir='ltr' id='par_1_1' title="bbox 341 214 1650 280">
     <span class='ocr_line' id='line_1_1' title="bbox 341 214 1650 280; baseline -0.005 -2"><span class='ocrx_word' id='word_1_1' title='bbox 341 220 469 280; x_wconf 77' lang='lat'><strong><em>250</em></strong></span> <span class='ocrx_word' id='word_1_2' title='bbox 1079 217 1290 274; x_wconf 85' lang='grc' dir='ltr'><strong><em>ΠΛΑ</em></strong></span> <span class='ocrx_word' id='word_1_3' title='bbox 1310 214 1650 275; x_wconf 75' lang='grc' dir='ltr'><em>ΤΩΝΟΣ</em></span> 
     </span>
    </p>
   </div>
   <div class='ocr_carea' id='block_1_2' title="bbox 206 365 2421 3501">
    <p class='ocr_par' dir='ltr' id='par_1_2' title="bbox 206 365 2421 3400">
     <span class='ocr_line' id='line_1_2' title="bbox 350 365 2360 463; baseline -0.004 -16"><span class='ocrx_word' id='word_1_4' title='bbox 350 384 713 463; x_wconf 70' lang='grc' dir='ltr'><strong><em>κέκληνται.</em></strong></span> <span class='ocrx_word' id='word_1_5' title='bbox 760 382 1012 461; x_wconf 83' lang='grc' dir='ltr'><strong><em>Δῆλον,</em></strong></span> <span class='ocrx_word' id='word_1_6' title='bbox 1052 380 1199 461; x_wconf 84' lang='grc' dir='ltr'><strong><em>ἔφη.</em></strong></span> <span class='ocrx_word' id='word_1_7' title='bbox 1256 373 1497 443; x_wconf 83' lang='grc' dir='ltr'><strong><em>Βούλει</em></strong></span> <span class='ocrx_word' id='word_1_8' title='bbox 1528 365 1676 458; x_wconf 82' lang='grc' dir='ltr'><strong><em>οὖν,</em></strong></span> <span class='ocrx_word' id='word_1_9' title='bbox 1710 366 1797 460; x_wconf 81' lang='grc' dir='ltr'><strong><em>ἦν</em></strong></span> <span class='ocrx_word' id='word_1_10' title='bbox 1829 370 1895 440; x_wconf 90' lang='grc' dir='ltr'><strong><em>δ’</em></strong></span> <span class='ocrx_word' id='word_1_11' title='bbox 1931 373 2082 460; x_wconf 73' lang='grc' dir='ltr'><strong><em>ἐγώ,</em></strong></span> <span class='ocrx_word' id='word_1_12' title='bbox 2126 377 2236 440; x_wconf 77' lang='grc' dir='ltr'><strong><em>ἵνα</em></strong></span> <span class='ocrx_word' id='word_1_13' title='bbox 2270 399 2360 458; x_wconf 91' lang='grc' dir='ltr'><strong><em>μη</em></strong></span> 
     </span>
     <span class='ocr_line' id='line_1_3' title="bbox 344 467 2361 558; baseline -0.002 -16"><span class='ocrx_word' id='word_1_14' title='bbox 344 479 701 553; x_wconf 74' lang='grc' dir='ltr'><strong><em>σκοτεινοῖς</em></strong></span> <span class='ocrx_word' id='word_1_15' title='bbox 723 472 1202 558; x_wconf 75' lang='grc' dir='ltr'><strong><em>διαλεγώμεθα,</em></strong></span> <span class='ocrx_word' id='word_1_16' title='bbox 1229 479 1497 554; x_wconf 78' lang='grc' dir='ltr'><strong><em>πρῶτον</em></strong></span> <span class='ocrx_word' id='word_1_17' title='bbox 1518 469 1902 557; x_wconf 71' lang='grc' dir='ltr'><strong><em>ὁρισώμεθα</em></strong></span> <span class='ocrx_word' id='word_1_18' title='bbox 1922 471 2039 550; x_wconf 89' lang='grc' dir='ltr'><strong><em>τάς</em></strong></span> <span class='ocrx_word' id='word_1_19' title='bbox 2058 495 2128 538; x_wconf 85' lang='grc' dir='ltr'><strong><em>τε</em></strong></span> <span class='ocrx_word' id='word_1_20' title='bbox 2151 467 2361 554; x_wconf 87' lang='grc' dir='ltr'><strong><em>ἀναγ-</em></strong></span> 
     </span>
     <span class='ocr_line' id='line_1_4' title="bbox 342 561 2361 657; baseline -0.001 -17"><span class='ocrx_word' id='word_1_21' title='bbox 342 578 572 650; x_wconf 85' lang='grc' dir='ltr'><strong><em>καίους</em></strong></span> <span class='ocrx_word' id='word_1_22' title='bbox 608 574 962 657; x_wconf 73' lang='grc' dir='ltr'><strong><em>ἐπιθυμίας</em></strong></span> <span class='ocrx_word' id='word_1_23' title='bbox 998 572 1110 638; x_wconf 83' lang='grc' dir='ltr'><strong><em>καὶ</em></strong></span> <span class='ocrx_word' id='word_1_24' title='bbox 1146 568 1262 649; x_wconf 82' lang='grc' dir='ltr'><strong><em>τάς</em></strong></span> <span class='ocrx_word' id='word_1_25' title='bbox 1281 570 1408 657; x_wconf 68' lang='grc' dir='ltr'><strong><em>μής</em></strong></span> <span class='ocrx_word' id='word_1_26' title='bbox 1442 570 1803 656; x_wconf 81' lang='grc' dir='ltr'><strong><em>Βούλομαι,</em></strong></span> <span class='ocrx_word' id='word_1_27' title='bbox 1839 561 1884 656; x_wconf 84' lang='grc' dir='ltr'><strong><em>ἦ</em></strong></span> <span class='ocrx_word' id='word_1_28' title='bbox 1917 567 1979 637; x_wconf 90' lang='grc' dir='ltr'><strong><em>δ’</em></strong></span> <span class='ocrx_word' id='word_1_29' title='bbox 2019 567 2111 649; x_wconf 83' lang='grc' dir='ltr'><strong><em>ὅς.</em></strong></span> <span class='ocrx_word' id='word_1_30' title='bbox 2177 568 2361 637; x_wconf 82' lang='grc' dir='ltr'><strong><em>Οὐκ-</em></strong></span> 
     </span>
     <span class='ocr_line' id='line_1_5' title="bbox 345 662 2359 755; baseline -0 -20"><span class='ocrx_word' id='word_1_31' title='bbox 345 677 471 735; x_wconf 90' lang='grc' dir='ltr'><strong><em>οῦν</em></strong></span> <span class='ocrx_word' id='word_1_32' title='bbox 495 665 575 748; x_wconf 74' lang='grc' dir='ltr'><strong><em>ἀς</em></strong></span> <span class='ocrx_word' id='word_1_33' title='bbox 585 693 656 735; x_wconf 87' lang='grc' dir='ltr'><strong><em>τε</em></strong></span> <span class='ocrx_word' id='word_1_34' title='bbox 672 665 796 735; x_wconf 84' lang='grc' dir='ltr'><strong><em>οῦκ</em></strong></span> <span class='ocrx_word' id='word_1_35' title='bbox 809 663 898 737; x_wconf 75' lang='grc' dir='ltr'><strong><em>ἀν</em></strong></span> <span class='ocrx_word' id='word_1_36' title='bbox 919 662 1054 735; x_wconf 86' lang='grc' dir='ltr'><strong><em>οἷοί</em></strong></span> <span class='ocrx_word' id='word_1_37' title='bbox 1069 664 1127 734; x_wconf 85' lang='grc' dir='ltr'><strong><em>τ’</em></strong></span> <span class='ocrx_word' id='word_1_38' title='bbox 1156 666 1338 753; x_wconf 81' lang='grc' dir='ltr'><strong><em>εἶμεν</em></strong></span> <span class='ocrx_word' id='word_1_39' title='bbox 1351 664 1737 755; x_wconf 76' lang='grc' dir='ltr'><strong><em>ἀποτρέψαι,</em></strong></span> <span class='ocrx_word' id='word_1_40' title='bbox 1763 673 2029 748; x_wconf 80' lang='grc' dir='ltr'><strong><em>δικαίως</em></strong></span> <span class='ocrx_word' id='word_1_41' title='bbox 2051 664 2141 736; x_wconf 76' lang='grc' dir='ltr'><strong><em>ἀν</em></strong></span> <span class='ocrx_word' id='word_1_42' title='bbox 2161 666 2359 752; x_wconf 88' lang='grc' dir='ltr'><strong><em>ἀναγ·</em></strong></span> 
     </span>
     <span class='ocr_line' id='line_1_6' title="bbox 272 763 2357 852; baseline -0.001 -17"><span class='ocrx_word' id='word_1_43' title='bbox 272 789 314 840; x_wconf 76' lang='grc' dir='ltr'>Ε</span> <span class='ocrx_word' id='word_1_44' title='bbox 348 780 530 835; x_wconf 86' lang='grc' dir='ltr'><strong><em>καῖαι</em></strong></span> <span class='ocrx_word' id='word_1_45' title='bbox 548 774 879 851; x_wconf 75' lang='grc' dir='ltr'><strong><em>καλοῖντο,</em></strong></span> <span class='ocrx_word' id='word_1_46' title='bbox 901 768 1011 833; x_wconf 84' lang='grc' dir='ltr'><strong><em>καὶ</em></strong></span> <span class='ocrx_word' id='word_1_47' title='bbox 1031 764 1186 835; x_wconf 84' lang='grc' dir='ltr'><strong><em>ὅσαι</em></strong></span> <span class='ocrx_word' id='word_1_48' title='bbox 1205 765 1732 852; x_wconf 76' lang='grc' dir='ltr'><strong><em>ἀποτελούμεναι</em></strong></span> <span class='ocrx_word' id='word_1_49' title='bbox 1746 763 2127 852; x_wconf 68' lang='grc' dir='ltr'><strong><em>ὠφελοῦσιν</em></strong></span> <span class='ocrx_word' id='word_1_50' title='bbox 2151 763 2357 852; x_wconf 80' lang='grc' dir='ltr'><strong><em>ἡμᾶς;</em></strong></span> 
     </span>
     <span class='ocr_line' id='line_1_7' title="bbox 344 860 2356 952; baseline -0.001 -18"><span class='ocrx_word' id='word_1_51' title='bbox 344 865 603 934; x_wconf 88' lang='grc' dir='ltr'><strong><em>τούτων</em></strong></span> <span class='ocrx_word' id='word_1_52' title='bbox 625 862 755 949; x_wconf 85' lang='grc' dir='ltr'><strong><em>γάρ</em></strong></span> <span class='ocrx_word' id='word_1_53' title='bbox 778 860 1173 950; x_wconf 77' lang='grc' dir='ltr'><strong><em>ἀμφοτέρων</em></strong></span> <span class='ocrx_word' id='word_1_54' title='bbox 1194 867 1504 950; x_wconf 78' lang='grc' dir='ltr'><strong><em>ἐφίεσθαι</em></strong></span> <span class='ocrx_word' id='word_1_55' title='bbox 1524 862 1715 951; x_wconf 73' lang='grc' dir='ltr'><strong><em>ἡμῶν</em></strong></span> <span class='ocrx_word' id='word_1_56' title='bbox 1736 873 1819 952; x_wconf 83' lang='grc' dir='ltr'><strong><em>τῇ</em></strong></span> <span class='ocrx_word' id='word_1_57' title='bbox 1841 866 2044 951; x_wconf 91' lang='grc' dir='ltr'><strong><em>φύσει</em></strong></span> <span class='ocrx_word' id='word_1_58' title='bbox 2067 861 2324 952; x_wconf 78' lang='grc' dir='ltr'><strong><em>ἀνάγκη</em></strong></span> <span class='ocrx_word' id='word_1_59' title='bbox 2343 888 2356 900; x_wconf 93' lang='grc'><em>·</em></span> 
     </span>
     <span class='ocr_line' id='line_1_8' title="bbox 206 958 2357 1049; baseline -0.002 -14"><span class='ocrx_word' id='word_1_60' title='bbox 206 979 310 1035; x_wconf 73' lang='grc'><strong><em>659</em></strong></span> <span class='ocrx_word' id='word_1_61' title='bbox 344 958 389 1049; x_wconf 80' lang='grc' dir='ltr'><strong><em>ἦ</em></strong></span> <span class='ocrx_word' id='word_1_62' title='bbox 423 960 541 1042; x_wconf 66' lang='grc' dir='ltr'><strong><em>οῦς</em></strong></span> <span class='ocrx_word' id='word_1_63' title='bbox 583 964 714 1030; x_wconf 84' lang='grc' dir='ltr'><strong><em>Καὶ</em></strong></span> <span class='ocrx_word' id='word_1_64' title='bbox 737 960 934 1049; x_wconf 80' lang='grc' dir='ltr'><strong><em>μάλα.</em></strong></span> <span class='ocrx_word' id='word_1_65' title='bbox 977 969 1268 1042; x_wconf 87' lang='grc' dir='ltr'><strong><em>Δικαίως</em></strong></span> <span class='ocrx_word' id='word_1_66' title='bbox 1298 961 1380 1048; x_wconf 78' lang='grc' dir='ltr'><strong><em>δὴ</em></strong></span> <span class='ocrx_word' id='word_1_67' title='bbox 1418 969 1616 1030; x_wconf 88' lang='grc' dir='ltr'><strong><em>τοῦτο</em></strong></span> <span class='ocrx_word' id='word_1_68' title='bbox 1650 961 1755 1031; x_wconf 82' lang='grc' dir='ltr'><strong><em>ἐπ’</em></strong></span> <span class='ocrx_word' id='word_1_69' title='bbox 1792 963 2020 1043; x_wconf 87' lang='grc' dir='ltr'><strong><em>αύταῖς</em></strong></span> <span class='ocrx_word' id='word_1_70' title='bbox 2054 967 2357 1049; x_wconf 82' lang='grc' dir='ltr'><strong><em>ἐροῦμεν,</em></strong></span> 
     </span>
     <span class='ocr_line' id='line_1_9' title="bbox 343 1056 2358 1146; baseline -0 -18"><span class='ocrx_word' id='word_1_71' title='bbox 343 1058 417 1128; x_wconf 81' lang='grc' dir='ltr'><strong><em>τὸ</em></strong></span> <span class='ocrx_word' id='word_1_72' title='bbox 442 1056 827 1144; x_wconf 88' lang='grc' dir='ltr'><strong><em>ἀναγκαῖον.</em></strong></span> <span class='ocrx_word' id='word_1_73' title='bbox 867 1066 1178 1138; x_wconf 84' lang='grc' dir='ltr'><strong><em>Δικαίως.</em></strong></span> <span class='ocrx_word' id='word_1_74' title='bbox 1211 1065 1294 1128; x_wconf 86' lang='grc' dir='ltr'><strong><em>Τί</em></strong></span> <span class='ocrx_word' id='word_1_75' title='bbox 1311 1064 1422 1128; x_wconf 88' lang='grc' dir='ltr'><strong><em>δαί</em></strong></span> <span class='ocrx_word' id='word_1_76' title='bbox 1430 1088 1451 1140; x_wconf 77' lang='lat'>3</span> <span class='ocrx_word' id='word_1_77' title='bbox 1486 1059 1566 1143; x_wconf 77' lang='grc' dir='ltr'><strong><em>ἅς</em></strong></span> <span class='ocrx_word' id='word_1_78' title='bbox 1585 1064 1665 1146; x_wconf 83' lang='grc' dir='ltr'><strong><em>γε’</em></strong></span> <span class='ocrx_word' id='word_1_79' title='bbox 1679 1087 1777 1140; x_wconf 88' lang='grc' dir='ltr'><strong><em>τις</em></strong></span> <span class='ocrx_word' id='word_1_80' title='bbox 1795 1057 2230 1141; x_wconf 72' lang='grc' dir='ltr'><strong><em>ἀπαλλάξειεν</em></strong></span> <span class='ocrx_word' id='word_1_81' title='bbox 2249 1059 2358 1144; x_wconf 77' lang='grc' dir='ltr'><strong><em>ἀν,</em></strong></span> 
     </span>
     <span class='ocr_line' id='line_1_10' title="bbox 347 1156 2358 1246; baseline 0 -21"><span class='ocrx_word' id='word_1_82' title='bbox 347 1163 409 1225; x_wconf 82' lang='grc' dir='ltr'><strong><em>εἰ</em></strong></span> <span class='ocrx_word' id='word_1_83' title='bbox 425 1164 672 1246; x_wconf 77' lang='grc' dir='ltr'><strong><em>μελετῷ</em></strong></span> <span class='ocrx_word' id='word_1_84' title='bbox 696 1160 770 1226; x_wconf 78' lang='grc' dir='ltr'><strong><em>ἐκ</em></strong></span> <span class='ocrx_word' id='word_1_85' title='bbox 801 1161 979 1243; x_wconf 80' lang='grc' dir='ltr'><strong><em>νέου,</em></strong></span> <span class='ocrx_word' id='word_1_86' title='bbox 1009 1158 1120 1226; x_wconf 87' lang='grc' dir='ltr'><strong><em>καὶ</em></strong></span> <span class='ocrx_word' id='word_1_87' title='bbox 1141 1156 1310 1243; x_wconf 82' lang='grc' dir='ltr'><strong><em>πρὸς</em></strong></span> <span class='ocrx_word' id='word_1_88' title='bbox 1341 1156 1544 1225; x_wconf 71' lang='grc' dir='ltr'><strong><em>οῦδὲν</em></strong></span> <span class='ocrx_word' id='word_1_89' title='bbox 1575 1156 1844 1242; x_wconf 74' lang='grc' dir='ltr'><strong><em>ἀγαθὸν</em></strong></span> <span class='ocrx_word' id='word_1_90' title='bbox 1875 1162 2147 1226; x_wconf 73' lang='grc' dir='ltr'><strong><em>ἐνοῦσαι</em></strong></span> <span class='ocrx_word' id='word_1_91' title='bbox 2182 1163 2358 1242; x_wconf 71' lang='grc' dir='ltr'><strong><em>δρω-</em></strong></span> 
     </span>
     <span class='ocr_line' id='line_1_11' title="bbox 342 1250 2421 1342; baseline 0.001 -23"><span class='ocrx_word' id='word_1_92' title='bbox 342 1273 474 1338; x_wconf 88' lang='grc' dir='ltr'><strong><em>σιν,</em></strong></span> <span class='ocrx_word' id='word_1_93' title='bbox 505 1257 580 1322; x_wconf 78' lang='grc' dir='ltr'><strong><em>αἱ</em></strong></span> <span class='ocrx_word' id='word_1_94' title='bbox 597 1254 669 1321; x_wconf 71' lang='grc' dir='ltr'><strong><em>δὲ</em></strong></span> <span class='ocrx_word' id='word_1_95' title='bbox 690 1257 802 1322; x_wconf 84' lang='grc' dir='ltr'><strong><em>καὶ</em></strong></span> <span class='ocrx_word' id='word_1_96' title='bbox 822 1250 1235 1339; x_wconf 80' lang='grc' dir='ltr'><strong><em>τούναντίον,</em></strong></span> <span class='ocrx_word' id='word_1_97' title='bbox 1261 1254 1478 1332; x_wconf 85' lang='grc' dir='ltr'><strong><em>πάσας</em></strong></span> <span class='ocrx_word' id='word_1_98' title='bbox 1498 1255 1742 1332; x_wconf 79' lang='grc' dir='ltr'><strong><em>ταύτας</em></strong></span> <span class='ocrx_word' id='word_1_99' title='bbox 1764 1254 1931 1342; x_wconf 78' lang='grc' dir='ltr'><strong><em>εἰμὴ</em></strong></span> <span class='ocrx_word' id='word_1_100' title='bbox 1957 1253 2360 1340; x_wconf 79' lang='grc' dir='ltr'><strong><em>ἀναγκαίους</em></strong></span> <span class='ocrx_word' id='word_1_101' title='bbox 2417 1256 2421 1257; x_wconf 56' lang='grc'>’</span> 
     </span>
     <span class='ocr_line' id='line_1_12' title="bbox 343 1343 2355 1441; baseline 0.001 -22"><span class='ocrx_word' id='word_1_102' title='bbox 343 1365 592 1437; x_wconf 82' lang='grc' dir='ltr'><strong><em>φαῖμεν</em></strong></span> <span class='ocrx_word' id='word_1_103' title='bbox 623 1350 813 1437; x_wconf 79' lang='grc' dir='ltr'><strong><em>εἶναι,</em></strong></span> <span class='ocrx_word' id='word_1_104' title='bbox 846 1343 960 1436; x_wconf 85' lang='grc' dir='ltr'><strong><em>ἀρ’</em></strong></span> <span class='ocrx_word' id='word_1_105' title='bbox 985 1352 1069 1420; x_wconf 87' lang='grc' dir='ltr'><strong><em>οῦ</em></strong></span> <span class='ocrx_word' id='word_1_106' title='bbox 1089 1362 1306 1432; x_wconf 72' lang='grc' dir='ltr'><strong><em>καλῶς</em></strong></span> <span class='ocrx_word' id='word_1_107' title='bbox 1327 1350 1416 1420; x_wconf 69' lang='grc' dir='ltr'><strong><em>ἀῖν</em></strong></span> <span class='ocrx_word' id='word_1_108' title='bbox 1435 1357 1773 1440; x_wconf 80' lang='grc' dir='ltr'><strong><em>λέγοιμεν;</em></strong></span> <span class='ocrx_word' id='word_1_109' title='bbox 1807 1360 2046 1433; x_wconf 70' lang='grc' dir='ltr'><strong><em>Καλῶς</em></strong></span> <span class='ocrx_word' id='word_1_110' title='bbox 2065 1357 2187 1441; x_wconf 75' lang='grc' dir='ltr'><strong><em>μὲν</em></strong></span> <span class='ocrx_word' id='word_1_111' title='bbox 2209 1346 2355 1421; x_wconf 82' lang='grc' dir='ltr'><strong><em>οῦν.</em></strong></span> 
     </span>
     <span class='ocr_line' id='line_1_13' title="bbox 346 1448 2355 1538; baseline 0 -21"><span class='ocrx_word' id='word_1_112' title='bbox 346 1448 801 1535; x_wconf 76' lang='grc' dir='ltr'><strong><em>Προελαίμεθα</em></strong></span> <span class='ocrx_word' id='word_1_113' title='bbox 844 1449 929 1536; x_wconf 79' lang='grc' dir='ltr'><strong><em>δή</em></strong></span> <span class='ocrx_word' id='word_1_114' title='bbox 972 1477 1035 1517; x_wconf 93' lang='grc' dir='ltr'><strong><em>τι</em></strong></span> <span class='ocrx_word' id='word_1_115' title='bbox 1069 1450 1481 1537; x_wconf 87' lang='grc' dir='ltr'><strong><em>παράδειγμα</em></strong></span> <span class='ocrx_word' id='word_1_116' title='bbox 1524 1453 1869 1538; x_wconf 78' lang='grc' dir='ltr'><strong><em>ἑκατέρων,</em></strong></span> <span class='ocrx_word' id='word_1_117' title='bbox 1904 1456 1980 1520; x_wconf 73' lang='grc' dir='ltr'><strong><em>αἵ</em></strong></span> <span class='ocrx_word' id='word_1_118' title='bbox 2012 1459 2202 1536; x_wconf 78' lang='grc' dir='ltr'><strong><em>εἰσιν,</em></strong></span> <span class='ocrx_word' id='word_1_119' title='bbox 2244 1455 2355 1518; x_wconf 79' lang='grc' dir='ltr'><strong><em>ἵνα</em></strong></span> 
     </span>
     <span class='ocr_line' id='line_1_14' title="bbox 345 1542 2359 1637; baseline 0 -23"><span class='ocrx_word' id='word_1_120' title='bbox 345 1547 533 1635; x_wconf 76' lang='grc' dir='ltr'><strong><em>τύπῳ</em></strong></span> <span class='ocrx_word' id='word_1_121' title='bbox 554 1548 865 1634; x_wconf 82' lang='grc' dir='ltr'><strong><em>λάβωμεν</em></strong></span> <span class='ocrx_word' id='word_1_122' title='bbox 895 1545 1133 1630; x_wconf 55' lang='lat' dir='ltr'><strong><em>ahaim</em></strong></span> <span class='ocrx_word' id='word_1_123' title='bbox 1185 1548 1465 1617; x_wconf 77' lang='grc' dir='ltr'><strong><em>Οὐκοῦν</em></strong></span> <span class='ocrx_word' id='word_1_124' title='bbox 1484 1549 1630 1637; x_wconf 81' lang='grc' dir='ltr'><strong><em>χρή.</em></strong></span> <span class='ocrx_word' id='word_1_125' title='bbox 1662 1542 1804 1635; x_wconf 64' lang='grc' dir='ltr'><strong><em>’.ἄρ’</em></strong></span> <span class='ocrx_word' id='word_1_126' title='bbox 1841 1542 1970 1618; x_wconf 84' lang='grc' dir='ltr'><strong><em>οὖν</em></strong></span> <span class='ocrx_word' id='word_1_127' title='bbox 2004 1546 2127 1635; x_wconf 73' lang='grc' dir='ltr'><strong><em>οὐχ</em></strong></span> <span class='ocrx_word' id='word_1_128' title='bbox 2159 1547 2200 1635; x_wconf 84' lang='grc' dir='ltr'><strong><em>ἡ</em></strong></span> <span class='ocrx_word' id='word_1_129' title='bbox 2235 1555 2359 1616; x_wconf 90' lang='grc' dir='ltr'><strong><em>τοῦ</em></strong></span> 
     </span>
     <span class='ocr_line' id='line_1_15' title="bbox 345 1644 2357 1733; baseline 0.001 -21"><span class='ocrx_word' id='word_1_130' title='bbox 345 1659 585 1732; x_wconf 77' lang='grc' dir='ltr'><strong><em>φαγεῖν</em></strong></span> <span class='ocrx_word' id='word_1_131' title='bbox 606 1650 792 1733; x_wconf 79' lang='grc' dir='ltr'><strong><em>μέχρι</em></strong></span> <span class='ocrx_word' id='word_1_132' title='bbox 813 1644 1063 1732; x_wconf 77' lang='grc' dir='ltr'><strong><em>ὑγιείας</em></strong></span> <span class='ocrx_word' id='word_1_133' title='bbox 1083 1674 1154 1716; x_wconf 87' lang='grc' dir='ltr'><strong><em>τε</em></strong></span> <span class='ocrx_word' id='word_1_134' title='bbox 1175 1651 1288 1717; x_wconf 78' lang='grc' dir='ltr'><strong><em>καὶ</em></strong></span> <span class='ocrx_word' id='word_1_135' title='bbox 1308 1646 1559 1728; x_wconf 80' lang='grc' dir='ltr'><strong><em>εὐεξίας</em></strong></span> <span class='ocrx_word' id='word_1_136' title='bbox 1579 1651 1689 1716; x_wconf 84' lang='grc' dir='ltr'><strong><em>καὶ</em></strong></span> <span class='ocrx_word' id='word_1_137' title='bbox 1711 1645 1923 1716; x_wconf 77' lang='grc' dir='ltr'><strong><em>αὐτοῦ</em></strong></span> <span class='ocrx_word' id='word_1_138' title='bbox 1943 1654 2133 1716; x_wconf 84' lang='grc' dir='ltr'><strong><em>σίτου</em></strong></span> <span class='ocrx_word' id='word_1_139' title='bbox 2152 1673 2222 1716; x_wconf 85' lang='grc' dir='ltr'><strong><em>τε</em></strong></span> <span class='ocrx_word' id='word_1_140' title='bbox 2246 1651 2357 1716; x_wconf 80' lang='grc' dir='ltr'><strong><em>καὶ</em></strong></span> 
     </span>
     <span class='ocr_line' id='line_1_16' title="bbox 271 1738 2358 1833; baseline 0 -21"><span class='ocrx_word' id='word_1_141' title='bbox 271 1741 523 1824; x_wconf 81' lang='grc' dir='ltr'><strong><em>Βὸψου</em></strong></span> <span class='ocrx_word' id='word_1_142' title='bbox 543 1738 902 1829; x_wconf 85' lang='grc' dir='ltr'><strong><em>ἀναγκαῖος</em></strong></span> <span class='ocrx_word' id='word_1_143' title='bbox 924 1739 1011 1813; x_wconf 74' lang='grc' dir='ltr'><strong><em>ἀν</em></strong></span> <span class='ocrx_word' id='word_1_144' title='bbox 1035 1753 1171 1831; x_wconf 63' lang='grc' dir='ltr'><strong><em>εἴη,</em></strong></span> <span class='ocrx_word' id='word_1_145' title='bbox 1218 1742 1433 1832; x_wconf 86' lang='grc' dir='ltr'><strong><em>Οἶμαι.</em></strong></span> <span class='ocrx_word' id='word_1_146' title='bbox 1476 1743 1557 1813; x_wconf 88' lang='grc' dir='ltr'><em>Ἡ</em></span> <span class='ocrx_word' id='word_1_147' title='bbox 1584 1751 1709 1832; x_wconf 82' lang='grc' dir='ltr'><strong><em>μέν</em></strong></span> <span class='ocrx_word' id='word_1_148' title='bbox 1740 1750 1819 1833; x_wconf 88' lang='grc' dir='ltr'><strong><em>γε’</em></strong></span> <span class='ocrx_word' id='word_1_149' title='bbox 1848 1770 1983 1814; x_wconf 85' lang='grc' dir='ltr'><strong><em>που</em></strong></span> <span class='ocrx_word' id='word_1_150' title='bbox 2016 1755 2140 1815; x_wconf 91' lang='grc' dir='ltr'><strong><em>τοῦ</em></strong></span> <span class='ocrx_word' id='word_1_151' title='bbox 2169 1754 2358 1814; x_wconf 85' lang='grc' dir='ltr'><strong><em>σίτου</em></strong></span> 
     </span>
     <span class='ocr_line' id='line_1_17' title="bbox 347 1835 2352 1932; baseline 0.001 -24"><span class='ocrx_word' id='word_1_152' title='bbox 347 1837 497 1910; x_wconf 85' lang='grc' dir='ltr'><strong><em>κατ’</em></strong></span> <span class='ocrx_word' id='word_1_153' title='bbox 546 1837 889 1927; x_wconf 90' lang='grc' dir='ltr'><strong><em>ἀμφότερα</em></strong></span> <span class='ocrx_word' id='word_1_154' title='bbox 933 1841 1281 1928; x_wconf 88' lang='grc' dir='ltr'><strong><em>ἀναγκαία,</em></strong></span> <span class='ocrx_word' id='word_1_155' title='bbox 1325 1836 1370 1931; x_wconf 80' lang='grc' dir='ltr'><em>ᾗ</em></span> <span class='ocrx_word' id='word_1_156' title='bbox 1412 1869 1482 1910; x_wconf 88' lang='grc' dir='ltr'><strong><em>τε</em></strong></span> <span class='ocrx_word' id='word_1_157' title='bbox 1526 1841 1855 1930; x_wconf 80' lang='grc' dir='ltr'><strong><em>ωφέλιμος</em></strong></span> <span class='ocrx_word' id='word_1_158' title='bbox 1896 1835 1941 1932; x_wconf 78' lang='grc' dir='ltr'><strong><em>ᾖ</em></strong></span> <span class='ocrx_word' id='word_1_159' title='bbox 1991 1870 2062 1912; x_wconf 87' lang='grc' dir='ltr'><strong><em>τε</em></strong></span> <span class='ocrx_word' id='word_1_160' title='bbox 2109 1851 2352 1912; x_wconf 81' lang='grc' dir='ltr'><strong><em>παῦσαι</em></strong></span> 
     </span>
     <span class='ocr_line' id='line_1_18' title="bbox 345 1935 2354 2032; baseline 0 -24"><span class='ocrx_word' id='word_1_161' title='bbox 345 1946 557 2022; x_wconf 81' lang='grc' dir='ltr'><strong><em>ζωντα</em></strong></span> <span class='ocrx_word' id='word_1_162' title='bbox 587 1935 765 2007; x_wconf 71' lang='grc' dir='ltr'><strong><em>*οῦ*</em></strong></span> <span class='ocrx_word' id='word_1_163' title='bbox 803 1940 1073 2027; x_wconf 84' lang='grc' dir='ltr'><strong><em>δυνατή.</em></strong></span> <span class='ocrx_word' id='word_1_164' title='bbox 1116 1947 1269 2010; x_wconf 89' lang='grc' dir='ltr'><strong><em>Ναί.</em></strong></span> <span class='ocrx_word' id='word_1_165' title='bbox 1311 1938 1394 2010; x_wconf 82' lang='lat' dir='ltr'><em>H</em></span> <span class='ocrx_word' id='word_1_166' title='bbox 1431 1945 1503 2011; x_wconf 77' lang='grc' dir='ltr'><strong><em>δὲ</em></strong></span> <span class='ocrx_word' id='word_1_167' title='bbox 1543 1938 1742 2026; x_wconf 81' lang='grc' dir='ltr'><strong><em>οψου,</em></strong></span> <span class='ocrx_word' id='word_1_168' title='bbox 1777 1951 1845 2012; x_wconf 78' lang='grc' dir='ltr'><strong><em>εἴ</em></strong></span> <span class='ocrx_word' id='word_1_169' title='bbox 1870 1942 1963 2032; x_wconf 77' lang='grc' dir='ltr'><strong><em>πῄ</em></strong></span> <span class='ocrx_word' id='word_1_170' title='bbox 1994 1969 2142 2012; x_wconf 91' lang='grc' dir='ltr'><strong><em>τινα</em></strong></span> <span class='ocrx_word' id='word_1_171' title='bbox 2177 1938 2354 2029; x_wconf 75' lang='grc' dir='ltr'><strong><em>ωφέ-</em></strong></span> 
     </span>
     <span class='ocr_line' id='line_1_19' title="bbox 342 2029 2355 2127; baseline 0.001 -21"><span class='ocrx_word' id='word_1_172' title='bbox 342 2048 530 2107; x_wconf 90' lang='grc' dir='ltr'><strong><em>λειαν</em></strong></span> <span class='ocrx_word' id='word_1_173' title='bbox 563 2036 731 2119; x_wconf 79' lang='grc' dir='ltr'><strong><em>πρὸς</em></strong></span> <span class='ocrx_word' id='word_1_174' title='bbox 765 2034 1023 2117; x_wconf 77' lang='grc' dir='ltr'><strong><em>εὐεξίαν</em></strong></span> <span class='ocrx_word' id='word_1_175' title='bbox 1055 2029 1417 2125; x_wconf 77' lang='grc' dir='ltr'><strong><em>παρέχεται.</em></strong></span> <span class='ocrx_word' id='word_1_176' title='bbox 1458 2040 1656 2108; x_wconf 89' lang='grc' dir='ltr'><strong><em>Πάνυ</em></strong></span> <span class='ocrx_word' id='word_1_177' title='bbox 1691 2041 1814 2126; x_wconf 74' lang='grc' dir='ltr'><strong><em>μὲν</em></strong></span> <span class='ocrx_word' id='word_1_178' title='bbox 1856 2068 2003 2110; x_wconf 92' lang='grc' dir='ltr'><strong><em>ουν.</em></strong></span> <span class='ocrx_word' id='word_1_179' title='bbox 2046 2048 2133 2110; x_wconf 91' lang='grc' dir='ltr'><strong><em>Τί</em></strong></span> <span class='ocrx_word' id='word_1_180' title='bbox 2168 2043 2271 2119; x_wconf 74' lang='grc' dir='ltr'><strong><em>δές</em></strong></span> <span class='ocrx_word' id='word_1_181' title='bbox 2313 2037 2355 2127; x_wconf 82' lang='grc' dir='ltr'><strong><em>ἡ</em></strong></span> 
     </span>
     <span class='ocr_line' id='line_1_20' title="bbox 341 2134 2355 2225; baseline 0.002 -22"><span class='ocrx_word' id='word_1_182' title='bbox 341 2140 509 2219; x_wconf 76' lang='grc' dir='ltr'><strong><em>πέρα</em></strong></span> <span class='ocrx_word' id='word_1_183' title='bbox 531 2134 791 2203; x_wconf 88' lang='grc' dir='ltr'><strong><em>τούτων</em></strong></span> <span class='ocrx_word' id='word_1_184' title='bbox 811 2162 923 2204; x_wconf 86' lang='grc' dir='ltr'><strong><em>και</em></strong></span> <span class='ocrx_word' id='word_1_185' title='bbox 957 2134 1241 2205; x_wconf 90' lang='grc' dir='ltr'><strong><em>ἀλλοίων</em></strong></span> <span class='ocrx_word' id='word_1_186' title='bbox 1273 2134 1724 2222; x_wconf 78' lang='grc' dir='ltr'><strong><em>ἐδεσμάτων’“</em></strong></span> <span class='ocrx_word' id='word_1_187' title='bbox 1676 2165 1719 2225; x_wconf 89' lang='grc' dir='ltr'><strong><em>η</em></strong></span> <span class='ocrx_word' id='word_1_188' title='bbox 1755 2139 2078 2207; x_wconf 80' lang='grc' dir='ltr'><strong><em>τοιούτων</em></strong></span> <span class='ocrx_word' id='word_1_189' title='bbox 2111 2141 2355 2214; x_wconf 76' lang='grc' dir='ltr'><strong><em>ἐπιθυ-</em></strong></span> 
     </span>
     <span class='ocr_line' id='line_1_21' title="bbox 342 2233 2354 2323; baseline 0.002 -22"><span class='ocrx_word' id='word_1_190' title='bbox 342 2240 481 2320; x_wconf 86' lang='grc' dir='ltr'><strong><em>μία,</em></strong></span> <span class='ocrx_word' id='word_1_191' title='bbox 506 2233 759 2319; x_wconf 81' lang='grc' dir='ltr'><strong><em>δυνατὴ</em></strong></span> <span class='ocrx_word' id='word_1_192' title='bbox 798 2235 872 2304; x_wconf 73' lang='grc' dir='ltr'><strong><em>δὲ</em></strong></span> <span class='ocrx_word' id='word_1_193' title='bbox 903 2238 1304 2321; x_wconf 80' lang='grc' dir='ltr'><strong><em>κολαζομένη</em></strong></span> <span class='ocrx_word' id='word_1_194' title='bbox 1347 2239 1420 2304; x_wconf 78' lang='grc' dir='ltr'><strong><em>ἐκ</em></strong></span> <span class='ocrx_word' id='word_1_195' title='bbox 1462 2237 1636 2303; x_wconf 79' lang='grc' dir='ltr'><strong><em>νέων</em></strong></span> <span class='ocrx_word' id='word_1_196' title='bbox 1664 2238 1773 2305; x_wconf 86' lang='grc' dir='ltr'><strong><em>καὶ</em></strong></span> <span class='ocrx_word' id='word_1_197' title='bbox 1805 2240 2247 2323; x_wconf 69' lang='grc' dir='ltr'><strong><em>παιδευομένη</em></strong></span> <span class='ocrx_word' id='word_1_198' title='bbox 2282 2239 2354 2305; x_wconf 78' lang='grc' dir='ltr'><strong><em>ἐκ</em></strong></span> 
     </span>
     <span class='ocr_line' id='line_1_22' title="bbox 344 2329 2350 2421; baseline 0.003 -24"><span class='ocrx_word' id='word_1_199' title='bbox 344 2357 483 2398; x_wconf 90' lang='grc' dir='ltr'><strong><em>των</em></strong></span> <span class='ocrx_word' id='word_1_200' title='bbox 516 2337 783 2399; x_wconf 86' lang='grc' dir='ltr'><strong><em>πολλων</em></strong></span> <span class='ocrx_word' id='word_1_201' title='bbox 832 2329 1392 2416; x_wconf 81' lang='grc' dir='ltr'><strong><em>ἀπαλλάττεσθαι,</em></strong></span> <span class='ocrx_word' id='word_1_202' title='bbox 1434 2336 1545 2401; x_wconf 82' lang='grc' dir='ltr'><strong><em>καὶ</em></strong></span> <span class='ocrx_word' id='word_1_203' title='bbox 1585 2334 1877 2421; x_wconf 77' lang='grc' dir='ltr'><strong><em>βλαβερὰ</em></strong></span> <span class='ocrx_word' id='word_1_204' title='bbox 1916 2335 2036 2421; x_wconf 68' lang='grc' dir='ltr'><strong><em>μὲν</em></strong></span> <span class='ocrx_word' id='word_1_205' title='bbox 2078 2336 2350 2421; x_wconf 71' lang='grc' dir='ltr'><strong><em>σώματι,</em></strong></span> 
     </span>
     <span class='ocr_line' id='line_1_23' title="bbox 272 2424 2403 2520; baseline 0.003 -24"><span class='ocrx_word' id='word_1_206' title='bbox 272 2445 310 2496; x_wconf 84' lang='lat' dir='ltr'><strong>G</strong></span> <span class='ocrx_word' id='word_1_207' title='bbox 340 2428 633 2515; x_wconf 76' lang='grc' dir='ltr'><strong><em>βλαβερὰ</em></strong></span> <span class='ocrx_word' id='word_1_208' title='bbox 660 2429 732 2497; x_wconf 75' lang='grc' dir='ltr'><strong><em>δὲ</em></strong></span> <span class='ocrx_word' id='word_1_209' title='bbox 753 2439 934 2520; x_wconf 77' lang='grc' dir='ltr'><strong><em>ψυχῇ</em></strong></span> <span class='ocrx_word' id='word_1_210' title='bbox 953 2431 1121 2517; x_wconf 81' lang='grc' dir='ltr'><strong><em>πρός</em></strong></span> <span class='ocrx_word' id='word_1_211' title='bbox 1138 2458 1209 2499; x_wconf 86' lang='grc' dir='ltr'><strong><em>τε</em></strong></span> <span class='ocrx_word' id='word_1_212' title='bbox 1230 2432 1565 2519; x_wconf 82' lang='grc' dir='ltr'><strong><em>φρόνησιν</em></strong></span> <span class='ocrx_word' id='word_1_213' title='bbox 1584 2435 1695 2501; x_wconf 84' lang='grc' dir='ltr'><strong><em>καὶ</em></strong></span> <span class='ocrx_word' id='word_1_214' title='bbox 1715 2431 1789 2500; x_wconf 81' lang='grc' dir='ltr'><strong><em>τὸ</em></strong></span> <span class='ocrx_word' id='word_1_215' title='bbox 1805 2447 2202 2520; x_wconf 75' lang='grc' dir='ltr'><strong><em>σωφρονεῖν,</em></strong></span> <span class='ocrx_word' id='word_1_216' title='bbox 2225 2424 2354 2517; x_wconf 85' lang='grc' dir='ltr'><strong><em>ἀρά</em></strong></span> <span class='ocrx_word' id='word_1_217' title='bbox 2396 2429 2403 2435; x_wconf 62' lang='grc'><strong>’</strong></span> 
     </span>
     <span class='ocr_line' id='line_1_24' title="bbox 339 2522 2349 2616; baseline 0.001 -21"><span class='ocrx_word' id='word_1_218' title='bbox 339 2553 418 2612; x_wconf 85' lang='grc' dir='ltr'><strong><em>γε</em></strong></span> <span class='ocrx_word' id='word_1_219' title='bbox 439 2525 665 2612; x_wconf 82' lang='grc' dir='ltr'><strong><em>ορθως</em></strong></span> <span class='ocrx_word' id='word_1_220' title='bbox 685 2525 813 2596; x_wconf 83' lang='grc' dir='ltr'><strong><em>οῦκ</em></strong></span> <span class='ocrx_word' id='word_1_221' title='bbox 840 2526 1171 2614; x_wconf 85' lang='grc' dir='ltr'><strong><em>ἀναγκαία</em></strong></span> <span class='ocrx_word' id='word_1_222' title='bbox 1206 2556 1294 2596; x_wconf 87' lang='grc' dir='ltr'><strong><em>αν</em></strong></span> <span class='ocrx_word' id='word_1_223' title='bbox 1316 2539 1612 2609; x_wconf 63' lang='lat' dir='ltr'><strong><em>aulolum</em></strong></span> <span class='ocrx_word' id='word_1_224' title='bbox 1647 2526 2013 2613; x_wconf 88' lang='grc' dir='ltr'><strong><em>Ὀρθότατα</em></strong></span> <span class='ocrx_word' id='word_1_225' title='bbox 2047 2533 2171 2616; x_wconf 83' lang='grc' dir='ltr'><strong><em>μὲν</em></strong></span> <span class='ocrx_word' id='word_1_226' title='bbox 2207 2522 2349 2597; x_wconf 81' lang='grc' dir='ltr'><strong><em>οὖν.</em></strong></span> 
     </span>
     <span class='ocr_line' id='line_1_25' title="bbox 344 2622 2355 2715; baseline 0 -21"><span class='ocrx_word' id='word_1_227' title='bbox 344 2622 621 2694; x_wconf 83' lang='grc' dir='ltr'><strong><em>Οὐκοῦν</em></strong></span> <span class='ocrx_word' id='word_1_228' title='bbox 652 2629 762 2694; x_wconf 84' lang='grc' dir='ltr'><strong><em>καὶ</em></strong></span> <span class='ocrx_word' id='word_1_229' title='bbox 796 2623 1208 2707; x_wconf 78' lang='grc' dir='ltr'><strong><em>ἀναλωτικὰς</em></strong></span> <span class='ocrx_word' id='word_1_230' title='bbox 1233 2653 1470 2715; x_wconf 89' lang='grc' dir='ltr'><strong><em>φωμεν</em></strong></span> <span class='ocrx_word' id='word_1_231' title='bbox 1501 2626 1670 2698; x_wconf 79' lang='grc' dir='ltr'><strong><em>εἶναι</em></strong></span> <span class='ocrx_word' id='word_1_232' title='bbox 1694 2628 1958 2715; x_wconf 89' lang='grc' dir='ltr'><strong><em>ταύτας,</em></strong></span> <span class='ocrx_word' id='word_1_233' title='bbox 1997 2631 2250 2708; x_wconf 77' lang='grc' dir='ltr'><strong><em>ἐκείνας</em></strong></span> <span class='ocrx_word' id='word_1_234' title='bbox 2282 2629 2355 2696; x_wconf 89' lang='grc' dir='ltr'><strong><em>δε</em></strong></span> 
     </span>
     <span class='ocr_line' id='line_1_26' title="bbox 341 2722 2361 2813; baseline 0.002 -23"><span class='ocrx_word' id='word_1_235' title='bbox 341 2722 847 2810; x_wconf 75' lang='grc' dir='ltr'><strong><em>χρηματιστικὰς</em></strong></span> <span class='ocrx_word' id='word_1_236' title='bbox 870 2723 979 2792; x_wconf 81' lang='grc' dir='ltr'><strong><em>διὰ</em></strong></span> <span class='ocrx_word' id='word_1_237' title='bbox 1013 2724 1087 2792; x_wconf 87' lang='grc' dir='ltr'>τό</span> <span class='ocrx_word' id='word_1_238' title='bbox 1123 2730 1484 2810; x_wconf 77' lang='grc' dir='ltr'><strong><em>χρησίμους</em></strong></span> <span class='ocrx_word' id='word_1_239' title='bbox 1520 2723 1688 2812; x_wconf 83' lang='grc' dir='ltr'><strong><em>πρὸς</em></strong></span> <span class='ocrx_word' id='word_1_240' title='bbox 1718 2727 1799 2793; x_wconf 83' lang='grc' dir='ltr'><strong><em>τά</em></strong></span> <span class='ocrx_word' id='word_1_241' title='bbox 1832 2732 1991 2813; x_wconf 75' lang='grc' dir='ltr'><strong><em>ἔργα</em></strong></span> <span class='ocrx_word' id='word_1_242' title='bbox 2023 2725 2225 2808; x_wconf 53' lang='lat' dir='ltr'><em>alvan</em></span> <span class='ocrx_word' id='word_1_243' title='bbox 2276 2733 2361 2795; x_wconf 90' lang='grc' dir='ltr'><strong><em>Τί</em></strong></span> 
     </span>
     <span class='ocr_line' id='line_1_27' title="bbox 342 2819 2352 2910; baseline 0.001 -21"><span class='ocrx_word' id='word_1_244' title='bbox 342 2822 510 2908; x_wconf 78' lang='grc' dir='ltr'><strong><em>μη’ν;</em></strong></span> <span class='ocrx_word' id='word_1_245' title='bbox 560 2819 762 2890; x_wconf 79' lang='grc' dir='ltr'><strong><em>Οὕτω</em></strong></span> <span class='ocrx_word' id='word_1_246' title='bbox 785 2820 865 2908; x_wconf 82' lang='grc' dir='ltr'><strong><em>δη</em></strong></span> <span class='ocrx_word' id='word_1_247' title='bbox 894 2823 1171 2910; x_wconf 84' lang='grc' dir='ltr'><strong><em>καὶπερὶ</em></strong></span> <span class='ocrx_word' id='word_1_248' title='bbox 1204 2820 1622 2908; x_wconf 86' lang='grc' dir='ltr'><strong><em>ἀφροδισίων</em></strong></span> <span class='ocrx_word' id='word_1_249' title='bbox 1655 2826 1766 2891; x_wconf 84' lang='grc' dir='ltr'><strong><em>καὶ</em></strong></span> <span class='ocrx_word' id='word_1_250' title='bbox 1796 2830 1934 2892; x_wconf 78' lang='grc' dir='ltr'><strong><em>τῶν</em></strong></span> <span class='ocrx_word' id='word_1_251' title='bbox 1964 2821 2188 2892; x_wconf 70' lang='grc' dir='ltr'><strong><em>ἄλλων</em></strong></span> <span class='ocrx_word' id='word_1_252' title='bbox 2219 2822 2352 2910; x_wconf 85' lang='grc' dir='ltr'><strong><em>φη’-·</em></strong></span> 
     </span>
     <span class='ocr_line' id='line_1_28' title="bbox 342 2914 2352 3009; baseline 0.001 -22"><span class='ocrx_word' id='word_1_253' title='bbox 342 2940 584 3006; x_wconf 79' lang='grc' dir='ltr'><strong><em>σομεν;</em></strong></span> <span class='ocrx_word' id='word_1_254' title='bbox 624 2919 874 3000; x_wconf 77' lang='grc' dir='ltr'><strong><em>Οὕτως.</em></strong></span> <span class='ocrx_word' id='word_1_255' title='bbox 909 2914 1053 3006; x_wconf 67' lang='grc' dir='ltr'><strong><em>Ἆρ’</em></strong></span> <span class='ocrx_word' id='word_1_256' title='bbox 1078 2914 1207 2989; x_wconf 82' lang='grc' dir='ltr'><strong><em>οῦν</em></strong></span> <span class='ocrx_word' id='word_1_257' title='bbox 1227 2923 1338 2989; x_wconf 85' lang='grc' dir='ltr'><strong><em>καὶ</em></strong></span> <span class='ocrx_word' id='word_1_258' title='bbox 1355 2918 1437 2989; x_wconf 76' lang='grc' dir='ltr'><strong><em>ὃν</em></strong></span> <span class='ocrx_word' id='word_1_259' title='bbox 1458 2930 1588 2989; x_wconf 93' lang='grc' dir='ltr'><strong><em>νῦν</em></strong></span> <span class='ocrx_word' id='word_1_260' title='bbox 1610 2919 1690 3009; x_wconf 73' lang='grc' dir='ltr'><strong><em>δὴ</em></strong></span> <span class='ocrx_word' id='word_1_261' title='bbox 1717 2928 1985 3009; x_wconf 83' lang='grc' dir='ltr'><strong><em>κηφῆνα</em></strong></span> <span class='ocrx_word' id='word_1_262' title='bbox 2018 2919 2352 3008; x_wconf 71' lang='grc' dir='ltr'><strong><em>ὠνομάζο-</em></strong></span> 
     </span>
     <span class='ocr_line' id='line_1_29' title="bbox 342 3017 2354 3106; baseline -0.001 -18"><span class='ocrx_word' id='word_1_263' title='bbox 342 3046 484 3105; x_wconf 84' lang='grc' dir='ltr'><strong><em>μεν,</em></strong></span> <span class='ocrx_word' id='word_1_264' title='bbox 513 3028 755 3088; x_wconf 91' lang='grc' dir='ltr'><strong><em>τοῦτον</em></strong></span> <span class='ocrx_word' id='word_1_265' title='bbox 779 3021 1087 3106; x_wconf 78' lang='grc' dir='ltr'><strong><em>ἐλέγομεν</em></strong></span> <span class='ocrx_word' id='word_1_266' title='bbox 1113 3017 1233 3088; x_wconf 78' lang='grc' dir='ltr'><strong><em>τὸν</em></strong></span> <span class='ocrx_word' id='word_1_267' title='bbox 1254 3028 1391 3088; x_wconf 70' lang='grc' dir='ltr'><strong><em>τῶν</em></strong></span> <span class='ocrx_word' id='word_1_268' title='bbox 1423 3022 1747 3090; x_wconf 84' lang='grc' dir='ltr'><strong><em>τοιούτων</em></strong></span> <span class='ocrx_word' id='word_1_269' title='bbox 1768 3017 2035 3106; x_wconf 71' lang='grc' dir='ltr'><strong><em>ἡδονῶν</em></strong></span> <span class='ocrx_word' id='word_1_270' title='bbox 2068 3022 2180 3087; x_wconf 84' lang='grc' dir='ltr'><strong><em>καὶ</em></strong></span> <span class='ocrx_word' id='word_1_271' title='bbox 2212 3024 2354 3087; x_wconf 82' lang='grc' dir='ltr'><strong><em>ἐπι-</em></strong></span> 
     </span>
     <span class='ocr_line' id='line_1_30' title="bbox 342 3114 2349 3205; baseline 0 -20"><span class='ocrx_word' id='word_1_272' title='bbox 342 3124 613 3202; x_wconf 89' lang='grc' dir='ltr'><strong><em>θυμιων</em></strong></span> <span class='ocrx_word' id='word_1_273' title='bbox 631 3118 918 3202; x_wconf 79' lang='grc' dir='ltr'><strong><em>γέμοντα</em></strong></span> <span class='ocrx_word' id='word_1_274' title='bbox 939 3119 1047 3185; x_wconf 80' lang='grc' dir='ltr'><strong><em>καὶ</em></strong></span> <span class='ocrx_word' id='word_1_275' title='bbox 1082 3114 1454 3205; x_wconf 77' lang='grc' dir='ltr'><strong><em>ἀρχόμενον</em></strong></span> <span class='ocrx_word' id='word_1_276' title='bbox 1486 3116 1619 3187; x_wconf 81' lang='grc' dir='ltr'><strong><em>ὑπὸ</em></strong></span> <span class='ocrx_word' id='word_1_277' title='bbox 1657 3145 1791 3186; x_wconf 89' lang='grc' dir='ltr'><strong><em>των</em></strong></span> <span class='ocrx_word' id='word_1_278' title='bbox 1827 3144 1914 3203; x_wconf 86' lang='grc' dir='ltr'><strong><em>μη</em></strong></span> <span class='ocrx_word' id='word_1_279' title='bbox 1949 3114 2349 3202; x_wconf 85' lang='grc' dir='ltr'><strong><em>ἀναγκαίων,</em></strong></span> 
     </span>
     <span class='ocr_line' id='line_1_31' title="bbox 273 3209 2348 3302; baseline -0.001 -17"><span class='ocrx_word' id='word_1_280' title='bbox 273 3234 313 3285; x_wconf 85' lang='grc'><strong><em>1)</em></strong></span> <span class='ocrx_word' id='word_1_281' title='bbox 342 3212 459 3281; x_wconf 85' lang='grc' dir='ltr'><strong><em>τὸν</em></strong></span> <span class='ocrx_word' id='word_1_282' title='bbox 486 3209 619 3282; x_wconf 69' lang='grc' dir='ltr'><strong><em>δὲ’</em></strong></span> <span class='ocrx_word' id='word_1_283' title='bbox 579 3209 711 3281; x_wconf 79' lang='grc' dir='ltr'><strong><em>υπὸ</em></strong></span> <span class='ocrx_word' id='word_1_284' title='bbox 742 3240 880 3283; x_wconf 91' lang='grc' dir='ltr'><strong><em>των</em></strong></span> <span class='ocrx_word' id='word_1_285' title='bbox 903 3213 1282 3299; x_wconf 86' lang='grc' dir='ltr'><strong><em>ἀναγκαίων</em></strong></span> <span class='ocrx_word' id='word_1_286' title='bbox 1310 3216 1641 3302; x_wconf 87' lang='grc' dir='ltr'><strong><em>φειδωλόν</em></strong></span> <span class='ocrx_word' id='word_1_287' title='bbox 1671 3241 1744 3284; x_wconf 86' lang='grc' dir='ltr'><strong><em>τε</em></strong></span> <span class='ocrx_word' id='word_1_288' title='bbox 1763 3218 1874 3284; x_wconf 84' lang='grc' dir='ltr'><strong><em>καὶ</em></strong></span> <span class='ocrx_word' id='word_1_289' title='bbox 1897 3214 2348 3301; x_wconf 65' lang='grc' dir='ltr'><strong><em>ὀλιγαρχικόν·</em></strong></span> 
     </span>
     <span class='ocr_line' id='line_1_32' title="bbox 334 3310 811 3400; baseline 0.005 -20.06"><span class='ocrx_word' id='word_1_290' title='bbox 334 3310 529 3382; x_wconf 86' lang='grc' dir='ltr'><strong><em>Ἀλλα</em></strong></span> <span class='ocrx_word' id='word_1_291' title='bbox 560 3321 627 3381; x_wconf 91' lang='grc' dir='ltr'><strong><em>τί</em></strong></span> <span class='ocrx_word' id='word_1_292' title='bbox 646 3315 811 3400; x_wconf 80' lang='grc' dir='ltr'><strong><em>μήν;</em></strong></span> 
     </span>
    </p>

    <p class='ocr_par' dir='ltr' id='par_1_3' title="bbox 513 3407 2350 3501">
     <span class='ocr_line' id='line_1_33' title="bbox 513 3407 2350 3501; baseline -0.001 -24"><span class='ocrx_word' id='word_1_293' title='bbox 513 3414 668 3479; x_wconf 86' lang='lat' dir='ltr'><strong><em>xm.</em></strong></span> <span class='ocrx_word' id='word_1_294' title='bbox 714 3413 933 3482; x_wconf 86' lang='grc' dir='ltr'><strong><em>Πάλιν</em></strong></span> <span class='ocrx_word' id='word_1_295' title='bbox 954 3420 1208 3498; x_wconf 90' lang='grc' dir='ltr'><strong><em>τοίνυν,</em></strong></span> <span class='ocrx_word' id='word_1_296' title='bbox 1237 3407 1325 3500; x_wconf 84' lang='grc' dir='ltr'><strong><em>ἦν</em></strong></span> <span class='ocrx_word' id='word_1_297' title='bbox 1357 3413 1420 3482; x_wconf 89' lang='grc' dir='ltr'><strong><em>δ’</em></strong></span> <span class='ocrx_word' id='word_1_298' title='bbox 1459 3414 1610 3501; x_wconf 73' lang='grc' dir='ltr'><strong><em>ἐγώ,</em></strong></span> <span class='ocrx_word' id='word_1_299' title='bbox 1641 3417 1954 3501; x_wconf 81' lang='grc' dir='ltr'><strong><em>λέγωμεν,</em></strong></span> <span class='ocrx_word' id='word_1_300' title='bbox 1993 3438 2083 3492; x_wconf 86' lang='grc' dir='ltr'><strong><em>ως</em></strong></span> <span class='ocrx_word' id='word_1_301' title='bbox 2116 3416 2181 3492; x_wconf 79' lang='grc' dir='ltr'><strong><em>ἐξ</em></strong></span> <span class='ocrx_word' id='word_1_302' title='bbox 2210 3410 2350 3480; x_wconf 79' lang='grc' dir='ltr'><strong><em>ὀλι-</em></strong></span> 
     </span>
    </p>
   </div>
  </div>
 </body>
</html>
