2602 3928
1010 228 1480 282 PRAEFATIO.
1733 274 1740 281 .
2230 243 2322 282 xlx

188 383 269 418 nec
299 365 360 416 τί
389 359 634 430 οἰόμεθα
667 365 771 430 legi
801 380 1010 416 necesse
1040 374 1147 430 est,
1184 381 1474 430 quanquam
1504 368 1558 417 in
1584 369 1690 418 illis
1717 369 1878 420 literis
1904 370 2054 419 etiam
2080 369 2328 433 optimum

184 437 404 487 codicem
429 450 598 486 errare
621 434 965 485 Schneider-us
999 436 1059 485 T.
1085 435 1172 486 111.
1191 450 1245 500 p.
1274 435 1374 486 148
1410 438 1726 499 observavit5
1759 439 1925 504 ipsam
1956 445 2125 488 autem
2157 452 2328 488 emen·

181 508 430 557 dationem
457 518 562 555 non
596 505 765 553 minus
797 504 1140 554 necessariam
1169 503 1354 565 habeo,
1394 521 1546 568 quam
1580 507 1719 568 quod
1749 523 1864 559 meo
1887 507 2118 574 periculo
2150 521 2200 572 Ρ.
2224 505 2329 558 584

178 575 217 627 Ε
248 568 299 624 εἰ
330 567 395 623 οἵ
430 589 523 639 pro
573 566 626 622 εἰ
657 566 754 621 καὶ
791 563 1016 634 ἄπειροι
1065 572 1232 633 edidi,
1283 575 1402 637 quia
1447 589 1550 624 uon
1594 576 1973 643 intelligebam,
2022 577 2327 638 quibuscum

178 644 468 694 hominibus
489 644 758 708 imperitos
788 643 841 691 in
908 643 1045 692 ravis
1077 643 1401 706 opinionibus
1432 644 1632 694 alendis
1661 647 1842 710 partic.
1872 641 1970 695 καὶ
1996 644 2324 696 consociaret.

179 712 293 763 Mox
325 727 530 777 quoque
557 726 614 777 p.
648 709 753 762 585
781 708 820 760 G
892 708 1128 775 νομοίου
1161 726 1225 760 ex
1258 714 1389 776 conj.
1427 713 1612 779 scripsi
1646 729 1738 780 pro
1767 707 1856 764 αἰεὶ
1888 709 2103 779 ὁμοίου,
2139 714 2194 762 in
2226 729 2326 777 quo

179 783 254 832 vel
295 781 509 831 articulo
548 795 701 846 aegre
745 794 920 830 careas
940 817 953 838 ,
992 781 1293 829 seutentiam
1326 789 1494 831 autem
1530 781 1671 833 haud
1707 785 1816 835 scio
1852 799 1916 833 an
1953 796 2167 848 prorsus
2205 799 2326 832 con·

178 852 378 900 trariam
409 850 525 915 ejus
561 850 753 899 habeas
769 885 784 909 ‚
820 863 978 912 quam
1011 857 1061 898 et
1102 848 1329 911 reliquus
1367 850 1469 900 loci
1503 857 1650 901 tenor
1687 861 1736 903 et
1775 853 2032 904 doctrinae
2066 852 2199 901 ratio
2235 852 2327 900 ssa-

174 921 316 986 gitat.
357 918 613 969 Nimirum
645 930 758 967 eam
797 919 1095 975 essentiam,
1134 933 1267 980 quae
1303 919 1370 968 ad
1404 935 1607 985 semper
1640 922 1780 971 idem
1810 922 2077 987 pertineat,
2115 919 2330 985 vulgata

175 1005 274 1040 non
306 989 561 1038 essentiae
597 987 764 1052 magis
801 998 952 1049 quam
986 987 1229 1036 scientiae
1261 988 1562 1054 participem
1598 1004 1713 1040 esse
1750 998 1946 1051 narrat3
1986 988 2127 1053 quod
2162 1004 2227 1039 ne
2257 989 2329 1039 ita

176 1059 426 1123 accipias,
477 1057 626 1120 quasi
663 1069 777 1104 cum
818 1058 936 1120 ipsa
979 1056 1200 1105 essentia
1247 1057 1513 1107 scientiam
1549 1057 1872 1125 conjunctam
1908 1060 2118 1116 habeat,
2155 1063 2323 1108 vetan‘

175 1128 440 1191 sequentia
457 1163 471 1187 ‚
513 1126 605 1175 ubi
641 1126 854 1174 veritate
886 1126 1080 1189 pariter
1114 1139 1174 1173 ac
1214 1127 1439 1175 essentia
1472 1127 1695 1178 deterior
1728 1129 1901 1189 audit3
1940 1129 2082 1191 atqui
2118 1128 2330 1178 scientia

176 1211 352 1247 eorum
384 1202 580 1245 tantum
617 1200 720 1252 est,
754 1208 969 1256 quorum
1002 1194 1179 1244 eadem
1201 1208 1408 1258 semper
1440 1197 1672 1247 condicio
1708 1207 1931 1258 constan
1964 1198 2010 1245 si
2074 1212 2141 1246 ua
2170 1197 2329 1262 igitur

172 1256 339 1314 οὐσία
371 1272 423 1314 et
443 1264 683 1313 scientiae
707 1270 758 1312 et
780 1263 1007 1313 veritatis
1031 1263 1200 1312 minus
1224 1264 1483 1330 particeps
1514 1266 1713 1328 dicitur,
1740 1281 1841 1316 non
1869 1264 1970 1314 τοῦ
1994 1258 2059 1314 υἷε
2106 1256 2326 1329 ὁμοίου,

174 1336 265 1385 sed
299 1330 404 1384 τοῦ
435 1325 717 1397 μηδέποτε
751 1322 951 1395 ὁμοίου
995 1325 1094 1380 καὶ
1125 1328 1351 1395 θνητοῦ
1386 1348 1500 1384 esse
1543 1335 1712 1390 debet.
1762 1336 2013 1398 Denique
2052 1349 2103 1399 p.
2144 1333 2244 1386 591
2283 1333 2326 1383 D

174 1402 450 1467 φαίνηται
487 1401 893 1465 cucumam-ipsi,
927 1400 1068 1464 quod
1096 1401 1161 1449 ab
1193 1416 1252 1450 eo
1288 1401 1494 1452 demum
1525 1404 1784 1470 adjectum
1819 1418 1934 1453 esse
1972 1413 2201 1468 apparet,
2241 1403 2330 1465 qui

171 1472 434 1540 participii
476 1461 883 1535 ἁρμοττόμενος
917 1470 1132 1520 eandem
1179 1484 1331 1532 quam
1381 1474 1793 1536 praecedentium
1841 1464 2063 1539 βλέπων
2101 1481 2151 1522 et
2196 1483 2329 1535 πρε-

172 1534 386 1610 σβεύων
418 1548 718 1590 structuram
754 1550 870 1589 esse
903 1552 1085 1604 parum
1123 1536 1460 1604 intelligerem
1508 1551 1561 1591 at
1598 1539 1903 1623 φαίνηται,
1942 1543 2083 1605 quod
2126 1543 2189 1591 ab
2229 1533 2328 1588 ἐὰν

171 1606 246 1676 μὴ
280 1610 498 1676 pendet,
529 1610 602 1658 ita
627 1614 824 1658 tautum
848 1608 1021 1657 sensui
1056 1614 1326 1668 constaret,
1364 1609 1409 1658 si
1434 1599 1561 1658 ἀλλ’
1588 1606 1678 1660 αεὶ
1705 1612 1756 1660 in
1786 1605 1883 1660 καὶ
1912 1602 2002 1659 αἐὶ
2031 1617 2327 1669 mutaretur,

171 1696 266 1731 nec
307 1679 393 1729 vel
429 1680 505 1728 sic
540 1678 837 1742 languorem
872 1691 938 1726 ex
973 1676 1111 1726 inani
1139 1676 1328 1726 similis
1366 1679 1647 1728 sententiae
1686 1680 1952 1729 iteratione
1991 1681 2327 1744 prodeuntem

173 1750 442 1815 effugeret.

308 1885 463 1950 Reip.
491 1884 527 1934 l.
553 1883 618 1934 X.
652 1896 704 1950 Ρ.
739 1881 842 1934 595
878 1881 918 1932 Ο
951 1874 1239 1946 συννοήσω
1271 1884 1310 1931 Ρ
1342 1891 1392 1932 et
1424 1881 1781 1947 Schneiderus‚
1814 1876 2108 1948 ξυννοήσω
2137 1881 2323 1938 VBST.

167 1982 239 1994 -
268 1956 331 2004 P.
381 1952 485 2005 597
522 1954 565 2003 Ε
602 1944 1048 2020 τραγῳδιοποιὸς
1082 1952 1126 2002 Η
1160 1960 1217 2003 ut
1261 1967 1485 2018 semper,
1524 1954 1661 2016 quod
1703 1970 1758 2021 p.
1799 1953 1900 2006 605
1942 1955 1987 2003 A
2023 1954 2175 2003 etiam
2209 1953 2324 2008 Par.

166 2021 1299 2157 ...urbam
1318 2023 1598 2141 ademta
2002 2022 2107 2143 ωε
2141 2022 2329 2142 ἓν.

294 2108 315 2142 ι
433 2106 587 2149 tce
683 2128 695 2141 .
1091 2105 2122 2158 ‘taetoevscnennmera--—.

166 2143 476 2212 ὄντινάοὕν
507 2163 545 2211 Ρ
577 2106 694 2211 et}
728 2174 845 2210 cum
879 2160 1065 2212 Euseb.
1102 2160 1283 2224 Praep.
1321 2161 1514 2226 Evang.
1548 2160 1662 2215 XII.
1694 2160 1795 2221 493
1827 2152 2090 2211 ὁντινοῦν
2118 2159 2254 2210 ‚vss‘r
2279 2166 2329 2209 et

165 2231 542 2290 Schneiderus3
579 2238 632 2280 at
665 2228 848 2294 optimi
881 2230 995 2280 cod.
1033 2230 1380 2279 auctoritatem
1411 2230 1521 2294 jam
1551 2231 1716 2295 praef.
1749 2230 1917 2280 Turic.
1956 2244 2011 2295 p.
2047 2228 2215 2280 XXVI
2251 2236 2326 2278 te·

162 2308 344 2351 statur.
388 2327 460 2338 —
494 2301 550 2352 P.
592 2297 696 2351 603
727 2296 768 2347 Β
804 2285 845 2361 ἢ
876 2292 976 2347 καὶ
1010 2292 1152 2346 κατὰ
1194 2297 1238 2346 Η
1284 2313 1399 2348 cum
1434 2298 1578 2349 libris
1616 2300 1876 2363 plerisque
1925 2306 1975 2348 et
2015 2299 2329 2348 editionibus

163 2377 284 2422 aute
330 2368 675 2435 Stephanum,
718 2355 757 2431 ἢ
792 2361 891 2416 καὶ
931 2360 968 2431 ἡ
1004 2357 1147 2417 κατὰ
1181 2366 1355 2417 VBST
1389 2375 1440 2416 et
1476 2366 1818 2418 Schneiderus
1858 2382 1976 2418 cum
2015 2367 2154 2417 Mon.
2193 2367 2232 2416 B
2278 2376 2328 2415 et

159 2439 296 2494 Flor.
329 2438 376 2490 U
406 2443 610 2503 praeter
638 2438 1011 2497 necessitatem,
1044 2436 1229 2486 nedum
1255 2435 1558 2501 astipulante
1584 2438 1650 2495 P,
1686 2438 1775 2488 ubi
1809 2436 1889 2487 vel
1911 2430 2008 2485 καὶ
2039 2443 2327 2486 correctura

163 2508 377 2558 demum
417 2506 648 2559 accessit.
687 2531 754 2542 --
792 2503 849 2556 P.
888 2506 994 2557 605
1030 2504 1069 2555 C
1103 2498 1577 2554 εἰδωλοποιοῦντα
1614 2504 1650 2554 S
1689 2519 1803 2555 cum
1838 2504 2243 2571 Morgensternio
2276 2513 2326 2553 et

158 2579 315 2627 Astio
329 2613 344 2638 ,
395 2568 854 2625 εἰδωλοποιοῦντι
889 2574 1023 2625 VBT
1059 2581 1111 2625 et
1146 2573 1488 2625 Schneiderus
1524 2588 1643 2624 eum
1682 2574 1828 2625 libris
1894 2576 2080 2656 quibus
2117 2587 2327 2638 praece-

161 2646 291 2696 dens
336 2646 540 2696 dativus
583 2643 816 2695 fraudem
855 2643 1041 2694 fecisse
1082 2644 1308 2702 videtui-3
1352 2658 1487 2692 nunc
1530 2643 1669 2693 idem
1707 2651 1758 2693 et
1795 2612 2029 2706 εἴδωλον
2064 2643 2325 2692 notionem

160 2716 330 2765 otiose
367 2716 575 2764 iteraret
607 2719 657 2763 et
694 2727 913 2777 sequens
945 2703 1007 2761 δὲ
1040 2713 1130 2763 vix
1167 2712 1479 2773 admitteret,
1516 2728 1617 2775 quo
1648 2714 2000 2763 accusativum
2035 2712 2210 2777 potius
2244 2725 2328 2760 ac-

158 2785 401 2835 cusativo
436 2773 731 2845 ἀφεστῶτα
766 2782 959 2847 opponi
990 2795 1086 2846 par
1117 2788 1210 2832 est.
1246 2805 1319 2818 —
1363 2783 1420 2834 P.
1455 2780 1559 2832 606
1590 2780 1630 2831 Ο
1667 2781 2117 2847 impeditissimum
2156 2780 2325 2829 locum

159 2852 341 2916 aliquo
374 2860 512 2902 certe
543 2851 698 2902 modo
730 2852 798 2901 ad
825 2851 1020 2915 justam
1053 2857 1357 2900 structuram
1387 2849 1637 2916 refingere
1664 2858 1881 2911 conatus
1916 2864 2048 2907 sum,
2090 2850 2174 2898 cui
2206 2862 2326 2898 con-
2429 2897 2434 2908 ,

154 2929 349 2972 tortam
390 2919 776 2987 Naegelsbachii
821 2918 1217 2984 explicationem
1264 2919 1475 2970 Emend.
1510 2919 1640 2971 Plat.
1678 2934 1734 2985 p.
1771 2918 1806 2970 6
1838 2917 2075 2970 sufficere
2115 2919 2206 2968 vix
2243 2932 2326 2968 ar-

154 2990 341 3045 bitror.
417 2991 578 3039 Immo
607 2989 824 3040 libenter
850 2990 1022 3052 recepi
1053 2987 1352 3039 Schneideri
1384 2990 1794 3040 emendationem
1831 2986 2093 3039 Sommero
2123 3001 2326 3051 quoque

153 3060 206 3109 in
248 3059 503 3112 zeitschr.
535 3058 577 3114 f.
614 3060 668 3111 d.
707 3057 812 3113 ΑΗ.
852 3057 1004 3117 1835,
1039 3071 1093 3123 Ρ.
1127 3056 1233 3109 993
1268 3058 1537 3123 probatam
1566 3047 1653 3107 ὅτι
1690 3045 1763 3107 ἃν
1797 3072 1893 3123 pro
1929 3046 2020 3106 ὅτι
2046 3043 2119 3105 ἂν
2156 3046 2326 3113 αὐτὸς

154 3120 487 3193 αἰσχύνοιο,
531 3128 716 3179 deinde
764 3142 883 3177 vero
927 3126 1187 3177 lenissima
1223 3126 1427 3177 medela
1473 3119 1536 3176 δὲ
1585 3128 1637 3176 in
1677 3119 1749 3192 δὴ
1790 3129 1986 3177 mutavi
2028 3125 2326 3188 insertoque

152 3191 260 3248 ἐὰν
301 3197 645 3262 conjunctivis
676 3194 852 3264 χαρῇς
887 3204 938 3245 et
971 3194 1139 3265 μισῇς
1169 3196 1290 3246 dedi
1318 3196 1454 3246 uude
1485 3198 1791 3262 penderent,
1827 3196 2122 3259 neutiquam
2152 3202 2325 3245 tamen

150 3277 541 3335 repugnaturus
557 3272 587 3327 ,“
605 3267 652 3317 si
683 3268 799 3329 quis
821 3266 906 3315 his
928 3265 1201 3330 participia
1230 3267 1405 3330 potius
1437 3260 1627 3330 χαρεὶς
1661 3274 1709 3316 et
1744 3255 1981 3330 μισήσας
2016 3265 2323 3314 substituere

150 3337 426 3397 maluerit3
471 3334 670 3399 aliquid
718 3336 868 3385 modo
904 3333 1194 3386 faciendum
1238 3343 1371 3396 erat,
1424 3351 1487 3385 ne
1532 3322 1605 3384 ἂν
1640 3344 1816 3385 contra
1859 3348 2034 3385 omnes
2071 3331 2321 3383 sermonis

152 3405 306 3473 leges
353 3404 613 3472 duplicem
654 3406 929 3455 rectionem
962 3403 1187 3456 haberet.
1228 3430 1296 3441 ·-
1332 3405 1387 3453 P.
1427 3403 1530 3455 606
1567 3404 1608 3453 Ε
1644 3393 1807 3465 ἄξιον
1843 3405 1966 3508 Ρ*οι
2001 3402 2122 3459 VB,
2162 3387 2319 3458 ἄξιος
