2602 3928
272 637 317 688 D

347 178 473 244 398
1086 178 1657 238 ῙΙΛΑΤΩΝΟΣ
2287 186 2366 240 80

349 341 701 428 σπάρησαν
722 339 847 425 μὲν
866 342 959 417 εἰς
978 331 1160 426 αἷμα,
1194 341 1310 406 ἵνα
1347 340 1733 427 συμμέτρως
1765 336 2156 426 λεπτότητος
2187 347 2366 424 ἴσχοι

347 441 457 507 καὶ
492 437 742 523 πάχους
771 438 883 505 καὶ
922 436 1087 522 μήτε
1125 434 1234 505 διὰ
1271 434 1653 524 θερμότητα
1677 434 1765 516 ῶς
1795 433 2015 524 ὑγρὰν
2047 439 2119 504 ἐκ
2142 443 2368 522 μανοῦ

345 542 469 603 τοῦ
499 535 799 621 σώματος
821 537 1056 620 ἐκρέοι,
1079 531 1234 621 μήτ’
1274 525 1365 601 αὖ
1397 534 1813 619 πυκνότερον
1846 537 2247 618 δυσκίνητον
2282 528 2368 601 ὂν

345 631 535 719 μόλις
556 630 1035 718 ἀναστρέφοιτο
1057 634 1135 719 ἐν
1152 644 1291 711 ταῖς
1314 638 1534 718 φλεψί.
1581 628 1818 716 καιρὸν
1840 629 1922 718 δὴ
1947 628 2206 699 τούτων
2228 628 2369 710 ἶνες

348 737 430 817 τῇ
449 736 565 817 τῆς
587 732 855 817 φύσεως
875 733 1130 815 γενέσει
1161 727 1615 814 φυλάττουσιν
1632 755 1646 769 ·
1691 726 1769 808 ἃς
1790 727 1954 795 ὅταν
1984 754 2081 807 τις
2114 730 2226 796 καὶ
2257 753 2367 796 τε·

348 835 644 907 θνεῶτος
681 832 950 914 αἵματος
990 831 1064 895 έν
1095 828 1290 908 ψύξει
1324 854 1395 895 τε
1424 825 1619 905 ὄντος
1649 824 1815 915 πρὸς
1838 823 2124 913 ἀλλήλας
2153 847 2370 893 συνα-

348 926 542 1015 γάγῃ,
590 930 905 1012 διαχεῖται
948 932 1086 995 πᾶν
1125 922 1200 994 τὰ
1246 923 1486 994 λοιπὸν
1528 920 1708 1012 αἷμα,
1751 928 2050 993 ἐκθεῖσαι
2088 922 2163 992 δὲ
2200 920 2370 1009 ταχὺ

348 1020 511 1111 μετὰ
533 1029 657 1092 τοῦ
676 1031 1112 1111 περιεστῶτος
1134 1022 1296 1092 αὐτὰ
1321 1024 1576 1109 ψύχους
1598 1021 2079 1109 ξυμπηγνύασι.
2113 1022 2370 1108 ταύτην

352 1120 433 1208 δὴ
454 1121 579 1207 τὴν
601 1122 889 1209 δύναμιν
920 1123 1217 1207 ἐχουσῶν
1249 1125 1417 1189 ἰνῶν
1438 1124 1513 1189 ἐν
1545 1124 1767 1207 αἵματι
1797 1119 1957 1207 χολὴ
1999 1119 2201 1206 φύσει
2236 1143 2371 1186 πα-

350 1218 544 1288 λαιὸν
566 1215 722 1306 αἷμα
747 1232 1062 1305 γεγονυῖα
1084 1221 1196 1287 καὶ
1218 1219 1421 1288 πάλιν
1460 1222 1532 1288 ἐκ
1569 1225 1708 1286 τῶν
1741 1226 2009 1303 σαρκῶν
2044 1223 2135 1295 εἰς
2168 1225 2369 1284 τοῦτο

350 1331 675 1402 τετηκυϊα,
697 1316 915 1405 θερμὴ
962 1320 1072 1385 καὶ
1114 1315 1285 1404 ὑγρὰ
1322 1313 1466 1385 κατ’
1501 1316 1726 1402 ὀλίγον
1761 1315 1836 1384 τὸ
1872 1323 2141 1399 πρῶτον
2175 1316 2357 1399 ἐμπί-

350 1436 606 1483 πτουσα
627 1416 956 1501 πήγνυται
971 1414 1079 1483 διὰ
1093 1414 1215 1502 τὴν
1230 1424 1366 1483 τῶν
1378 1421 1543 1483 ἰνῶν
1565 1413 1873 1502 δύναμιν,
1888 1416 2275 1501 πηγνυμένη
2299 1411 2371 1480 δὲ

348 1515 464 1583 καὶ
485 1519 600 1602 βίᾳ
622 1517 1203 1601 κατασβεννυμένη
1227 1519 1518 1600 χειμῶνα
1534 1515 1644 1581 καὶ
1665 1513 1915 1599 τρόμον
1936 1510 2126 1590 ἐντὸς
2160 1515 2368 1597 παρέ-

349 1638 477 1697 χει·
544 1618 790 1680 πλείων
834 1610 896 1678 δ’
941 1612 1360 1697 ἐπιρρέουσα,
1406 1618 1488 1697 τῇ
1546 1609 1706 1695 παρ’
1758 1608 1963 1695 αὐτῆς
2007 1608 2369 1695 θερμότητι

350 1709 755 1795 κρατήσασα,
791 1706 905 1786 τὰς
927 1706 1072 1786 ἶνας
1097 1714 1189 1787 είς
1209 1706 1483 1788 ἀταξίαν
1506 1709 1741 1788 ζέσασα
1765 1709 2041 1773 διέσεισε
2057 1731 2070 1745 ·
2115 1706 2229 1772 καὶ
2252 1702 2370 1772 ἐὰν

351 1809 474 1894 μὲν
497 1805 690 1893 ἱκανὴ
717 1803 825 1873 διὰ
852 1812 1080 1886 τέλους
1103 1815 1425 1892 κρατῆσαι
1447 1808 1737 1892 γένηται,
1773 1800 1939 1892 πρὸς
1960 1804 2035 1872 τὸ
2060 1809 2182 1870 τοῦ
2205 1828 2371 1888 μυε-

352 1914 481 1974 λοῦ
504 1905 959 1992 διαπεράσασα
976 1908 1166 1991 γένος
1202 1911 1486 1973 καίουσα
1514 1909 1709 1972 ἔλυσε
1739 1900 1821 1972 τὰ
1855 1909 1972 1990 τῆς
2006 1909 2217 1988 ψυχῆς
2244 1898 2370 1970 αὐ·-

352 2004 561 2073 τόθεν
593 1999 739 2072 οἷον
769 2001 938 2082 νεῶς
964 2009 1286 2089 πείσματα
1320 2007 1576 2089 μεθῆκέ
1603 2028 1675 2069 τε
1709 2003 2092 2087 ἐλευθέραν,
2118 1998 2280 2067 ὅταν
2303 1996 2368 2065 δ’

352 2101 641 2171 ἐλάττων
675 2093 720 2188 ᾖ
751 2101 827 2169 τό
860 2127 930 2169 τε
969 2108 1157 2188 σῶμα
1191 2099 1463 2189 ἆντίσχῃ
1494 2100 1883 2186 τηκόμενον,
1923 2095 2091 2184 αὐτὴ
2126 2122 2371 2187 κρατη-

351 2209 550 2269 θεῖσα
584 2195 628 2284 ἦ
650 2196 817 2267 κατὰ
842 2208 978 2266 πᾶν
1012 2198 1086 2266 τὸ
1126 2208 1317 2286 σῶμα
1350 2203 1672 2283 ἐξέπεσεν,
1707 2193 1750 2283 ἦ
1784 2195 1892 2265 διὰ
1926 2202 2064 2264 τῶν
2098 2201 2375 2282 φλεβῶν

354 2305 447 2378 είς
468 2297 593 2385 τὴν
611 2298 789 2368 κάτω
821 2302 1236 2379 ξυνωσθεῖσα
1273 2293 1318 2383 ἦ
1353 2295 1475 2383 τὴν
1495 2295 1635 2363 ἄνω
1663 2302 1941 2380 κοιλίαν,
1975 2288 2118 2361 οἷον
2152 2289 2375 2379 φυγὰς

353 2400 426 2466 ἐκ
441 2395 695 2477 πόλεως
716 2396 1159 2483 στασιασάσης
1179 2400 1253 2464 ἐκ
1274 2404 1400 2463 τοῦ
1413 2393 1716 2481 σῶματος
1736 2396 2162 2476 ἐκπίπτουσα,
2187 2396 2374 2473 διαρ-

255 2509 327 2566 86
361 2500 545 2580 ροίας
579 2496 688 2562 καὶ
736 2497 1156 2579 δυσεντερίας
1196 2497 1307 2560 καὶ
1347 2492 1428 2560 τὰ
1471 2501 1742 2561 τοιαῦτα
1784 2490 2125 2577 νοσήματα
2154 2488 2377 2556 πάντα

352 2596 729 2679 παρέσχετο.
753 2589 828 2658 τό
854 2591 977 2677 μὲν
1000 2585 1126 2659 οὖν
1146 2594 1219 2659 ἐκ
1242 2587 1455 2677 πυρὸς
1477 2587 1848 2677 ὑπερβολῆς
1866 2587 2145 2675 μάλιστα
2166 2593 2379 2672 νοσῆ-

356 2708 482 2758 σαν
508 2697 696 2778 σῶμα
719 2695 954 2776 ξυνεχῆ
981 2689 1285 2776 καύματα
1313 2691 1423 2757 καὶ
1448 2686 1786 2775 ,πυρετοὺς
1806 2683 2261 2772 ἀπεργάζεται,
2295 2681 2375 2752 τὰ

234 2855 238 2860 .
356 2786 417 2855 δ’
448 2791 512 2866 ἐξ
535 2785 728 2873 ἀέρος
751 2785 1271 2875 άμφημερινούς,
1295 2794 1624 2874 τριταίους
1646 2784 1708 2853 δ’
1736 2783 1978 2864 ὕδατος
2000 2780 2111 2852 διὰ
2134 2781 2209 2851 τὸ
2237 2807 2379 2848 νω-

288 3292 327 3341 Β

356 2887 680 2970 θέστερον
708 2883 901 2973 άέρος
921 2889 1031 2954 καὶ
1060 2884 1270 2974 πυρὸς
1291 2883 1454 2953 αὐτὸ
1481 2883 1677 2953 εἶναι·
1701 2881 1776 2952 τὸ
1802 2882 1861 2950 δ’
1891 2886 1963 2950 ἐκ
1984 2890 2125 2968 γῆς,
2149 2879 2376 2963 τετάρ-

355 3005 483 3060 τως
511 2979 591 3050 ὂν
623 2988 1051 3053 νωθέστατον
1082 2984 1362 3068 τούτων,
1401 2985 1474 3051 ἐν
1507 2989 2003 3067 τετραπλασίαις
2043 2976 2378 3064 περιόδοις

355 3079 604 3165 χρόνου
658 3083 1175 3170 καθαιρόμενον,
1231 3087 1651 3166 τεταρταίους
1706 3077 2032 3165 πυρετοὺς
2086 3082 2364 3161 ποιῆσαι
2469 3092 2474 3095 ’

358 3172 843 3246 ἀπαλλάττεται
875 3182 1082 3268 μόλις.

528 3280 672 3341 XLI.
717 3281 848 3347 Καὶ
868 3279 948 3347 τὰ
971 3280 1094 3365 μὲν
1115 3282 1264 3363 περὶ
1290 3280 1366 3346 τὸ
1401 3287 1588 3364 σῶμα
1620 3277 1957 3363 νοσήματα
1976 3297 2186 3359 ταυτῃ
2206 3276 2351 3358 ξυμ-

354 3381 571 3454 βαίνει
591 3377 972 3464 γιγνόμενα,
985 3376 1067 3446 τὰ
1092 3379 1163 3448 δὲ
1185 3381 1335 3465 περὶ
1352 3377 1574 3465 ψυχὴν
1586 3375 1694 3444 διὰ
1720 3373 2018 3462 σώματος
2035 3375 2172 3454 ἕξιν
2193 3374 2376 3459 τῇδε.
