2602 3928
915 154 1497 212 ΠΟΛῙΤΕΙΑΣ
1533 146 1604 228 η’.
1652 195 1659 199 .
2139 151 2265 220 255

263 314 487 383 Ταῦτά
509 338 601 397 τε,
634 303 723 398 ἦν
757 308 818 378 δ’
858 310 1009 398 ἐγω,
1047 312 1158 377 καὶ
1200 309 1444 396 σμικρά
1482 312 1705 381 τοιάδε
1740 313 1908 383 ἄλλα
1938 321 2259 403 γίγνεται·

261 409 656 489 διδάσκαλός
678 435 747 477 τε
770 414 843 477 ἐν
863 415 955 498 τῷ
989 407 1268 496 τοιούτῳ
1304 409 1618 494 φοιτητὰς
1651 417 1953 499 φοβεῖται
1977 416 2089 481 καὶ
2120 423 2268 481 θω-

260 508 464 592 πεύει,
492 511 802 593 φοιτηταί
816 531 885 573 τε
908 502 1331 573 διδασκάλων
1357 502 1819 592 ὀλιγωροῦσιν,
1855 506 2034 576 οὕτω
2062 509 2269 579 δὲκαὶ

260 609 701 690 παιδαγωγῶν
716 630 732 644 ·
775 606 887 672 καὶ
906 600 1078 681 ὅλως
1111 606 1181 669 οἰ
1195 602 1320 687 μὲν
1338 607 1479 669 νέοι
1499 609 1968 692 πρεσβυτέροις
1980 604 2271 675 ἀπεικά-

241 706 480 784 ζονται
499 704 611 770 καὶ
633 707 1105 787 διαμιλλῶνται
1124 701 1236 768 καὶ
1267 701 1342 768 ἐν
1373 700 1595 787 λόγοις
1615 704 1824 770 καὶέν
1844 707 2081 791 ἔργοις,
2104 708 2173 772 οἰ
2199 710 2271 774 δὲ

258 804 565 888 γέροντες
593 804 1060 886 ξυγκαθιέντες
1079 812 1216 877 τοῖς
1234 799 1409 876 νέοις
1443 797 1869 884 εὐτραπελίας
1905 829 1976 869 τε
2005 807 2118 871 καὶ
2148 829 2270 889 χα-

259 905 643 986 ριεντισμοῦ
674 895 1135 983 ἐμπίπλανται,
1164 896 1562 983 μιμούμενοι
1596 898 1756 977 τοὺς
1787 903 2002 986 νέους,
2030 906 2143 968 ἵνα
2180 901 2261 987 δὴ
2303 914 2339 964 Β

256 996 345 1085 μὴ
372 1002 661 1065 δοκῶσιν
682 997 902 1082 ἀηδεῖς
926 994 1094 1063 εἶναι
1116 995 1282 1080 μηδὲ
1316 997 1705 1063 δεσποτικοί.
1744 996 1945 1064 Πάνυ
1963 999 2089 1084 μὲν
2120 993 2271 1082 οὖν,

257 1104 406 1185 ἔφη.
456 1096 545 1166 T&
569 1100 647 1163 δέ
662 1123 758 1181 γε,
781 1089 868 1182 ἦν
889 1093 954 1163 δ’
978 1093 1125 1180 ἐγώ,
1150 1100 1444 1178 ἔσχατον,
1470 1085 1526 1160 ῶ
1547 1099 1717 1179 φίλε,
1740 1102 1857 1182 τῆς
1890 1099 2273 1182 ἐλευθερίας

260 1204 381 1264 τοῦ
405 1196 734 1280 πλήθους,
761 1192 926 1261 ὅσον
953 1199 1248 1279 γίγνεται
1273 1194 1349 1260 ἐν
1368 1198 1449 1279 τῇ
1471 1192 1744 1280 τοιαύτη
1766 1193 1977 1278 πόλει,
2002 1220 2166 1262 οταν
2184 1195 2305 1319 δη

261 1298 331 1362 ol
348 1297 707 1379 ἐωνημένοι
727 1296 837 1361 καὶ
861 1297 938 1360 αἱ
952 1294 1322 1378 ἐωνημέναι
1334 1283 1609 1379 μηδὲν
1562 1318 1766 1379 ηττον
1787 1295 2132 1382 ἐλεύθεροι
2153 1288 2276 1364 ωσι

262 1401 399 1460 τῶν
421 1395 824 1479 πριαμένων.
864 1394 938 1459 ἐν
958 1393 1219 1477 γυναιξὶ
1255 1389 1327 1457 δε
1360 1389 1526 1478 πρὸς
1558 1389 1808 1476 ανδρας
1841 1396 1954 1461 καὶ
1988 1393 2275 1479 ἀνδράσι

261 1489 425 1575 πρὸς
460 1503 788 1575 γυναῖκας
820 1487 946 1576 ὅση
985 1516 1027 1575 η
1072 1494 1379 1574 ἰσονομία
1419 1491 1531 1556 καὶ
1570 1491 1920 1572 ἐλευθερία
1963 1499 2274 1577 γίγνεται,

264 1584 502 1672 ὀλίγου
523 1583 975 1674 ἐπελαθόμεθ’
1000 1593 1226 1655 εἰπεῖν.
1273 1583 1552 1655 Οὐκοῦν
1570 1586 1718 1654 κατ’
1740 1588 2098 1674 Αἰσχύλον,
2124 1596 2275 1675 ἔφη,

262 1689 548 1772 ἐροῦμεν
582 1683 624 1752 ὅ
664 1710 726 1751 τι
759 1692 889 1751 νῦν
929 1679 1091 1770 ἦλθ’
1129 1686 1235 1753 ἐπὶ
1261 1685 1502 1770 στόμα;
1546 1686 1744 1753 Πάνυ
1775 1710 1872 1772 γε,
1909 1684 2114 1755 εἶπον.
2160 1688 2273 1755 καὶ
2307 1697 2345 1747 0

263 1789 471 1868 ἔγωγε
493 1778 670 1849 οὕτω
694 1785 894 1868 λέγω·
929 1780 1003 1852 τὸ
1031 1783 1155 1868 μὲν
1186 1781 1315 1868 γάρ
1349 1792 1487 1851 τῶν
1517 1790 1780 1870 θηρίων
1811 1791 1947 1850 τῶν
1976 1780 2108 1851 ὑπὸ
2141 1798 2278 1863 τοῖς

262 1879 650 1969 ἀνθρώποις
670 1878 807 1971 ὅσω
832 1880 1326 1966 ἐλευθερώτερά
1357 1883 1537 1949 ἐστιν
1570 1882 1870 1949 ἐνταῦθα
1901 1877 1945 1968 ἦ
1978 1885 2050 1949 ἐν
2080 1880 2275 1970 ἄλλῃ,

264 1977 390 2049 οὐκ
431 2005 521 2047 αν
562 2006 659 2058 τις
697 1985 999 2047 πείθοιτο
1038 1979 1322 2064 άπειρος.
1368 1976 1655 2065 ἀτεχνῶς
1684 1978 1812 2066 γὰρ
1857 1985 1931 2048 αἳ
1967 2007 2038 2048 τε
2080 1982 2280 2058 κύνες

267 2078 432 2146 κατὰ
456 2078 580 2164 τὴν
600 2082 962 2164 παροιμίαν
990 2072 1248 2162 οἷαίπερ
1270 2082 1345 2145 αἱ
1364 2080 1704 2146 δέσποιναι
1727 2084 2076 2164 γίγνονταί
2099 2104 2169 2145 τε
2193 2074 2274 2163 δη

264 2178 376 2244 καὶ
398 2179 587 2242 ιπποι
605 2172 777 2241 nav
736 2200 905 2260 ονοι,
939 2175 1122 2242 πάνυ
1155 2177 1526 2263 ἐλευθέρως
1554 2179 1664 2244 καὶ
1693 2184 1950 2263 σεμνῶς
1981 2179 2279 2259 εἰθισμέ-

265 2299 372 2340 νοι
395 2273 827 2357 πορεύεσθαι,
840 2272 1008 2340 κατά
1017 2269 1133 2350 τάς
1153 2268 1354 2351 ὁδοὺς
1375 2273 1810 2359 ἐμβάλλοντες
1829 2279 1922 2339 τῶ
1946 2270 2050 2340 ἀεὶ
2070 2269 2276 2340 ἀπαν-

263 2380 482 2456 τῶντι,
525 2369 646 2439 ἐὰν
686 2371 774 2458 μὴ
825 2373 1142 2457 ἐξίστηται
1162 2395 1175 2409 ·
1219 2373 1333 2439 καὶ
1364 2365 1569 2439 τᾶλλα
1600 2371 1822 2438 πάντα
1860 2368 2037 2438 οὕτω
2071 2367 2276 2456 μεστά
2313 2383 2358 2435 Ι)

264 2471 648 2551 ἐλευθερίας
668 2475 981 2554 γίγνεται.
1032 2468 1122 2536 Τὸ
1159 2468 1322 2553 ἐμόν
1342 2465 1432 2552 γ’,
1469 2474 1619 2554 ἔφη,
1660 2470 1803 2554 ἐμοὶ
1837 2469 2047 2553 λέγεις
2079 2465 2274 2551 ὄναρ·

264 2562 469 2643 αὐτὸς
496 2563 626 2650 γάρ
657 2571 748 2646 εἰς
768 2561 983 2651 ἀγρὸν
1003 2565 1452 2649 πορευόμενος
1485 2562 1673 2650 θαμὰ
1700 2561 1861 2632 αὐτὸ
1884 2564 2134 2650 πάσχω.
2184 2559 2274 2630 Τὰ

266 2664 338 2732 δὲ
376 2660 455 2748 δὴ
491 2664 877 2749 κεφάλαιον,
913 2656 1001 2749 ἦν
1034 2660 1101 2729 δ’
1131 2662 1283 2748 ἐγώ,
1319 2662 1594 2730 πάντων
1625 2662 1884 2731 τούτων
1917 2665 2280 2749 ξυνηθροι-

265 2763 531 2847 σμένων
549 2764 820 2847 ἐννοεῖς,
844 2759 930 2840 ὡς
952 2759 1212 2847 ἁπαλὴν
1232 2759 1358 2848 τὴν
1378 2760 1601 2847 ψυχὴν
1617 2768 1753 2829 τῶν
1775 2770 2063 2830 πολιτῶν
2085 2775 2277 2846 ποιεῖ,

268 2859 436 2928 ῶστε
477 2855 608 2928 κάν
649 2857 882 2928 ὁτιοῦν
911 2864 1213 2939 δουλείας
1245 2886 1344 2938 τις
1376 2861 1849 2947 προσφέρηται,
1881 2858 2278 2945 ἀγανακτεῖν

269 2959 378 3026 καὶ
414 2958 502 3044 μὴ
540 2955 928 3045 ἀνέχεσθαι;
971 2966 1399 3037 τελευτῶντες
1433 2959 1561 3044 γάρ
1596 2984 1730 3027 που
1765 2955 1947 3026 οἷσθ’
1986 2955 2088 3026 ὅτι
2121 2956 2280 3027 οὐδὲ

268 3064 405 3125 τῶν
446 3056 675 3143 νόμων
715 3062 1139 3143 φροντίζουσι
1181 3060 1656 3143 γεγραμμένων
1695 3052 1739 3142 ἢ
1779 3052 2130 3142 ἀγράφων,
2169 3060 2280 3123 ἵνα

271 3153 349 3240 δὴ
397 3159 668 3242 μηδαμῇ
708 3154 933 3241 μηδεὶς
977 3150 1202 3234 αῦτοτς
1243 3146 1287 3242 ᾗ
1328 3154 1665 3240 δεσπότης.
1724 3157 1858 3221 Καὶ
1900 3149 2084 3239 μάλ’,
2128 3157 2276 3236 ἔφη,

269 3252 432 3322 οἶδα.

436 3355 563 3418 XV.
619 3348 810 3436 Αὕτη
853 3354 978 3436 μὲν
1013 3356 1267 3431 τοίνυν,
1313 3344 1400 3435 ἦν
1433 3346 1500 3416 δ’
1531 3348 1696 3435 ἐγώ,
1738 3340 1792 3414 ῶ
1827 3352 1997 3430 φίλε,
2034 3341 2075 3427 ἡ
2114 3339 2279 3426 ἀρχὴ
2320 3360 2358 3409 Ε
