2602 3928
346 204 474 268 304
1017 205 1226 263 ΠΛΛ
1245 207 1590 265 ΤΩΝΟΣ

344 368 454 435 καὶ
494 366 787 452 νόσημα;
810 361 1070 450 ”Εγωγ’
1063 414 1083 448 ,
1129 368 1277 450 ἔφη.
1335 362 1614 433 Ούκοῦν
1662 364 1828 433 ὅταν
1870 367 1965 456 τςό
2003 392 2066 434 τι
2104 367 2365 436 τούτων

344 465 805 551 προσγένηται,
829 460 1133 546 πονηρόν
1154 487 1226 528 τε
1248 475 1426 530 ποιεῖ
1442 453 1499 552 ᾦ
1520 469 1979 550 προσεγένετο,
2004 467 2115 534 καὶ
2130 474 2365 535 τελευ-

344 588 484 630 των
511 559 676 629 ολον
698 562 957 628 διέλυσε
976 560 1088 627 καὶ
1111 556 1489 640 &unii-wem
1531 568 1691 640 Πως
1724 559 1854 646 γὰρ
1889 561 2007 641 οῦς
2077 561 2169 630 Τό
2194 564 2364 649 ξύμ-

346 684 567 746 φυτον
588 657 720 743 ἄρα
740 655 954 725 κακὸν
975 657 1259 724 ἑκάστου
1289 656 1474 744 καὶὴ
1506 666 1796 745 πονηρία
1830 661 2115 729 ἕκαστον
2145 659 2364 728 ἀπόλψ

267 781 307 830 Β
343 766 559 840 λυσιν,
582 751 627 842 ἢ
659 754 825 841 εἰμὴ
849 760 1047 824 τοῦτο
1077 751 1329 839 ἀπολεῖ,
1354 751 1480 822 οὐκ
1512 751 1601 824 ἀν
1621 753 1784 824 ἄλλο
1805 784 1900 876 γε
1904 755 2068 827 αὐτὰ
2092 763 2188 827 ἔτι
2209 763 2361 827 δια-

339 861 699 942 φθείρειεν.
745 848 830 919 ού
849 851 978 936 γὰρ
1000 851 1077 918 τό
1098 875 1175 934 γε
1197 847 1465 934 ἀγαθὸν
1484 852 1576 938 μή
1599 856 1760 923 ποτέ
1777 879 1841 921 τι
1861 851 2177 943 ἀπολέσῃ,
2201 852 2359 922 οὐδὲ

341 946 430 1020 αὖ
455 949 530 1020 τὰ
558 950 718 1038 μήτε
740 948 953 1018 κακὸν
985 948 1147 1034 μήτε
1168 945 1454 1068 02311ffi6v.
1507 955 1667 1029 Παῖς
1686 950 1817 1038 γὰρ
1839 950 1961 1033 ἄν;
2006 958 2155 1038 ἔφη.
2204 950 2359 1021 Ἐἀν

335 1049 466 1134 ἄρα
490 1076 553 1117 τι
584 1045 996 1135 εὑρίσκωμεν
1015 1072 1153 1114 των
1180 1045 1468 1137 ὄντων,
1443 1072 1496 1114 ω
1519 1053 1655 1115 ἔστι
1686 1049 1811 1134 μὲν
1844 1049 2080 1135 κακόν,
2116 1045 2157 1117 6
2186 1064 2369 1119 ποιεῖ

336 1145 502 1216 αὐτὸ
541 1144 909 1233 μοχθηρόν,
952 1148 1151 1212 τοῦτο
1209 1145 1434 1230 μέντοι
1477 1140 1598 1232 οὐχ
1641 1140 1789 1214 οἷόν
1841 1172 1913 1216 τε
1958 1145 2120 1216 αὐτὸ
2165 1148 2356 1217 λύειν

336 1244 704 1328 ἀπολλύον,
748 1241 873 1309 οὐκ
904 1240 1033 1328 ἤδη
1065 1241 1410 1328 εἰσόμεθα,
1447 1240 1550 1310 ὅτι
1576 1249 1702 1309 τοῦ
1727 1245 2107 1329 πεφυκότος
2139 1272 2356 1326 ουτως

340 1340 624 1427 ὄλεθρος
647 1337 773 1409 οὐκ
793 1331 917 1426 ἦν;
963 1335 1218 1425 Οὕτως,
1240 1343 1392 1425 ἔφη,
1414 1338 1606 1418 εἰκός.
1659 1347 1742 1408 Τί
1757 1333 1923 1423 afim
1965 1333 2054 1428 ἦν
2088 1340 2153 1410 δ’
2191 1343 2321 1429 ἐγώ

339 1445 518 1525 ψυχῇ
546 1430 660 1523 ἀρ’
684 1435 809 1505 οῦκ
835 1442 1015 1504 ἔστιν
1035 1433 1075 1505 ὃ
1095 1450 1274 1504 ποιεῖ
1286 1433 1503 1522 αὐτὴν
1523 1437 1771 1524 κακήνς
1807 1441 1943 1507 Καὶ
1975 1438 2127 1526 μάλ’
2142 1491 2164 1526 ,
2198 1446 2350 1526 ἔφη,

261 1554 301 1606 c
339 1535 383 1605 ὁὶ
405 1543 540 1604 νῦν
562 1537 643 1622 δὴ
668 1539 902 1622 διῇμεν
922 1534 1161 1620 πάντα,
1197 1532 1418 1601 ἀδικία
1440 1560 1511 1602 τε
1530 1537 1641 1602 καὶ
1663 1532 1985 1604 ἀκολασία
2007 1538 2119 1605 καὶ
2142 1540 2351 1608 δειλία

337 1636 449 1703 καὶ
472 1632 747 1719 ἀμαθία.
778 1624 864 1698 'H
880 1625 1011 1698 οὖν
1030 1658 1095 1699 τι
1114 1632 1374 1699 τούτων
1399 1629 1614 1717 αὐτὴν
1635 1634 1893 1701 διαλύει
1909 1661 1979 1702 τε
2000 1636 2112 1704 καὶ
2133 1633 2351 1705 ἀπόλι-

331 1740 520 1814 λυσι;
575 1731 685 1799 καὶ
726 1731 960 1816 ἐννόει,
993 1727 1082 1816 μὴ
1117 1733 1632 1817 ἐξαπατηθῶμεν
1665 1733 2007 1817 οἰηθέντες
2038 1729 2164 1801 τόν
2200 1731 2351 1803 ἄδι-

334 1857 460 1900 κον
501 1828 874 1914 ἄνθρωπον
915 1830 1026 1895 καὶ
1059 1825 1374 1913 ἀνόητον,
1418 1825 1582 1896 ὅταν
1621 1836 1858 1916 ληφθῇ
1890 1828 2165 1916 ἀδικῶν,
2200 1832 2349 1900 τότε

336 1926 751 1997 ἀπολωλέναι
772 1922 902 1993 ὑπὸ
925 1931 1044 2011 τῆς
1064 1924 1344 2012 ἀδικίας,
1368 1932 1688 2013 πονηρίας
1711 1925 1918 2014 οὔσης
1939 1934 2152 2014 ψυχῆς
2166 1956 2180 1971 ·
2206 1924 2345 1998 ἀλλ’

279 2049 284 2056 ·
335 2022 465 2094 ὦδε
491 2032 697 2092 ποίει·
745 2022 968 2112 ὥσπερ
1002 2030 1192 2109 σῶμα
1230 2022 1271 2110 ἡ
1309 2022 1608 2111 σώματος
1641 2032 1927 2111 πονηρία
1950 2025 2150 2104 νόσος
2169 2018 2343 2094 οὖσα

329 2123 517 2209 τήκει
537 2123 648 2190 καὶ
673 2120 970 2189 διόλλυσι
990 2123 1100 2188 καὶ
1119 2119 1268 2207 ἀγει
1288 2127 1382 2200 εἰς
1402 2118 1477 2189 τὸ
1502 2119 1668 2208 μηδὲ
1697 2130 1889 2208 σῶμα
1926 2121 2117 2208 εἶναι,
2150 2125 2261 2191 καὶ
2297 2122 2345 2191 δι’

328 2228 462 2287 νῦν
483 2216 562 2306 δὴ
583 2220 893 2304 ἐλέγομεν
912 2215 1172 2286 ἅπαντα
1195 2215 1327 2286 ὑπὸ
1349 2226 1465 2306 τῆς
1486 2226 1730 2298 οἰκείας
1749 2226 2002 2306 κακίας,
2026 2228 2117 2310 τῷ
2142 2244 2343 2305 προς-

151 2318 158 2324 ’
260 2334 303 2385 D
336 2323 684 2401 καθῆσθαι
735 2317 845 2383 καὶ
898 2318 1141 2383 ἐνεῖναι
1183 2315 1740 2404 διαφθειρούσης,
1768 2322 1876 2396 ἐἰς
1911 2316 1986 2386 τὸ
2027 2315 2118 2404 μὴ
2175 2316 2340 2386 εἶναι

329 2413 701 2499 ἀφικνεῖται
722 2455 807 2466 -—-
827 2410 949 2499 ούχ
979 2412 1218 2493 οῦτως;
1259 2419 1415 2482 Ναί.
1460 2414 1600 2483 Ἴθι
1636 2413 1739 2501 δή,
1775 2417 1885 2483 καὶ
1917 2414 2142 2501 ψυχὴν
2173 2441 2339 2483 κατα

330 2508 451 2577 τὸν
479 2506 688 2578 αὐτὸν
709 2508 965 2594 τρόπον
988 2511 1239 2598 σκόπει,
1261 2505 1396 2597 ἀρα
1416 2514 1667 2580 ἐνοῦσα
1687 2515 1762 2579 ἐν
1785 2509 1958 2602 αὐτῇ
1987 2509 2209 2581 ἀδικία
2230 2516 2341 2584 καὶ

326 2605 367 2693 ἡ
392 2608 556 2693 ἄλλη
581 2615 776 2675 κακία
811 2614 907 2696 τῷ
938 2610 1182 2676 ἐνεῖναι
1214 2610 1326 2676 καὶ
1359 2616 1882 2696 προσκαθῆσθαι
1913 2616 2180 2695 φθείρει
2214 2608 2340 2677 αὐ-

328 2703 452 2791 τὴν
475 2705 585 2772 καὶ
605 2710 932 2790 μαραίνει,
957 2705 1078 2784 ἕως
1109 2699 1196 2772 ἀν
1229 2712 1323 2785 εἰς
1351 2705 1656 2774 θάνατον
1687 2704 2031 2792 ἀγαγοῦσα
2060 2714 2184 2774 τοῦ
2205 2706 2340 2775 σώ-

328 2828 530 2888 ματος
570 2808 834 2892 χωρίσῃ.
906 2801 1255 2890 Οὐδαμῶς,
1297 2808 1447 2891 ἔφη,
1492 2804 1695 2872 τοῦτό
1731 2830 1824 2891 γε.
1886 2801 2082 2873 Ἀλλά
2112 2807 2335 2891 μέντοι

325 2900 539 2967 ἐκεῖνό
587 2925 663 2985 γε
704 2898 974 2986 ἄλογον,
1003 2894 1093 2986 ἦν
1137 2897 1198 2969 δ’
1246 2901 1396 2987 ἐγώ,
1434 2900 1557 2989 τὴν
1592 2902 1718 2988 μὲν
1756 2901 1966 2971 ἄλλου
2008 2908 2335 2988 πονηρίαν

324 2996 695 3066 ἀπολλύναι
716 3022 800 3083 τι,
823 2995 948 3084 τὴν
974 3001 1047 3066 δὲ
1068 2996 1279 3067 αὑτοῦ
1297 3002 1408 3086 μή.
1446 2999 1751 3087 ’Ἀλογον.
1791 2998 2043 3070 Ἐννόει
2062 3001 2215 3086 γάρ,
2248 3026 2338 3086 ην

254 3117 296 3168 Ε
332 3092 396 3162 δ’
435 3095 626 3217 graf,
617 3122 671 3164 ω
712 3095 1138 3184 Γλαύκων,“
1094 3123 1199 3165 οτι
1228 3093 1380 3166 οὐδ’
1416 3095 1548 3166 ὑπὸ
1573 3107 1688 3186 τῆς
1717 3124 1854 3166 των
1876 3105 2104 3166 σιτίων
2124 3120 2333 3183 πονη-

326 3190 543 3279 ρίας,
515 3192 559 3278 η’
581 3220 668 3260 αν
693 3185 739 3280 ᾖ
760 3190 984 3262 αὐτων
1007 3198 1301 3283 ἐκείνων,
1327 3206 1457 3266 εἴτε
1476 3196 1836 3283 παλαιότης
1858 3206 1986 3265 εἴτε
2000 3195 2335 3282 σαπρότης

324 3296 451 3357 εἴτε
472 3286 748 3375 ἡτισοῦν
782 3283 972 3378 οὖσα,
1010 3289 1134 3361 οὐκ
1167 3292 1448 3381 οἰόμεθα
1482 3298 1623 3362 δεῖν
1656 3302 1846 3381 σῶμα
1878 3293 2333 3364 ἀπόλλυσθαι·

324 3380 473 3453 ἀλλ’
498 3384 617 3454 ἐὰν
638 3386 762 3473 μὲν
784 3387 1074 3478 §patonis
1040 3417 1082 3477 η
1107 3388 1332 3461 αὐτων
1364 3398 1650 3481 πονηρία
1671 3418 1810 3461 των
1834 3399 2061 3461 σιτίων
2082 3398 2173 3480 τῷ
2199 3390 2335 3457 σω’-
