2602 3928
295 204 363 256 49
1082 196 1538 253 ΤΙΜΛΙΟΣ.
2179 196 2302 259 367

293 354 415 441 τὴν
435 350 669 438 ὁδόν,
641 380 722 439 ην
748 352 1278 437 κυλινδούμενον
1301 353 1405 419 ἐπὶ
1419 360 1539 438 γῆς
1560 351 1772 440 ὑγρὸν
1793 359 2065 440 λέγεται,
2088 364 2304 444 μαλα-

291 451 416 520 κόν
437 476 505 518 τε
527 443 618 517 αὖ
637 458 733 538 τῷ
752 448 875 526 τὰς
901 449 1127 536 βάσεις
1158 439 1359 533 ἦττον
1390 450 1692 534 ἑδραίους
1724 449 1929 530 ούσας
1961 448 2007 539 ἦ
2033 453 2149 532 τὰς
2179 461 2303 542 γῆς

292 545 610 631 ὑπείκειν,
641 553 841 613 τοῦτο
865 543 1028 613 ὅταν
1051 542 1261 630 πυρὰς
1281 543 1811 632 ἄποχωρισθὲν’
1769 552 1961 635 αέρος
1983 576 2053 618 τε
2076 576 2301 636 μονω-
2340 583 2350 591 ·

289 653 408 733 θῇ,
429 649 662 730 γέγονε
681 670 803 729 μεν
825 640 1268 728 ὁμαλωτερον,
1305 647 1663 722 ξυνέωσται
1686 642 1817 713 δὲ’
1782 645 1911 713 υπὸ
1934 654 2069 714 τῶν
2091 647 2378 727 ἐξιόν-Ε

290 768 428 809 των
467 748 560 819 εἰς
593 739 780 827 αὑτό,
825 742 1035 825 παγέν
1065 766 1135 807 τε
1171 738 1382 820 οὕτως
1413 740 1487 808 τὸ
1524 741 1646 827 μὲν
1677 741 1844 829 ὑπὲρ
1866 750 1989 830 γῆς
2021 744 2305 831 μάλιστα

291 837 520 907 παθὸν
557 845 766 905 ταῦτα
805 839 1070 923 χάλαζα,
1115 835 1189 905 τὸ
1234 836 1300 904 δ’
1346 841 1449 906 ἐπὶ
1494 846 1615 925 γῆς
1656 839 2084 930 κρύσταλλος,
2121 842 2195 913 τὸ
2233 844 2305 913 δὲ

292 930 492 1023 ἦττον
512 934 833 1023 ἡμιπαγές
851 962 921 1003 τε
942 962 1026 1003 ον
1046 940 1160 1018 ἔτι,
1183 933 1258 1002 τὸ
1280 939 1404 1021 μὲν
1425 934 1593 1023 υπὲρ
1627 946 1748 1023 γῆς
1784 932 1873 1006 αὖ
1903 966 2085 1025 χιων,
2123 938 2199 1008 τὸ
2236 938 2301 1009 δ’

289 1036 393 1102 ἐπὶ
411 1042 532 1120 γῆς
558 1034 895 1119 ξυμπαγὲν
915 1034 986 1100 ἐκ
1010 1033 1259 1118 δρόσου
1278 1034 1646 1117 γενόμενον
1666 1036 1881 1123 πάχνη
1905 1041 2177 1123 λέγεται.
2219 1039 2300 1105 τοὶ

292 1133 363 1200 δὲ
386 1131 465 1218 δὴ
491 1140 759 1200 πλεῖστα
793 1127 1062 1197 ὑδατων
1095 1134 1234 1216 εἴδη
1271 1136 1638 1218 μεμιγμένα
1670 1131 1994 1221 ἀλλήλοις,
2030 1136 2300 1222 ξύμπαν

289 1229 411 1315 μὲν
429 1229 503 1296 τὸ
524 1232 734 1313 γένος,
766 1227 1030 1295 διάτῶν
1064 1230 1139 1295 ἐκ
1168 1236 1290 1315 γῆς
1327 1236 1562 1315 φυτῶν
1595 1228 1921 1318 ἠθημένα,
1953 1237 2149 1319 χυμοὶ
2185 1241 2296 1301 λε·-
2332 1238 2403 1293 60

291 1326 592 1412 γόμενοι·
638 1322 741 1393 διὰ
784 1324 856 1392 δὲ
888 1322 1004 1403 τὰς
1037 1331 1238 1410 μίξεις
1273 1323 1710 1414 ἀνομοιότητα
1747 1329 2010 1399 ἕκαστοι
2033 1328 2302 1416 σχόντες

288 1422 368 1491 τὰ
403 1424 525 1510 μὲν
564 1422 733 1491 ἄλλα
766 1420 978 1492 πολλοὶ
1008 1421 1335 1510 ἀνώνυμα
1367 1430 1527 1510 γένη
1564 1430 1993 1511 παρέσχοντο,
2030 1431 2303 1514 τέτταρα

294 1526 385 1603 δέ,
408 1521 536 1588 ὅσα
560 1528 819 1607 ἔμπυρα
841 1525 1003 1607 εἴδη,
1039 1524 1335 1607 διαφανῆ
1358 1522 1640 1608 μάλιστα
1669 1525 1997 1609 γενόμενα
2030 1531 2304 1609 εἴληφεν

290 1617 582 1704 ὀνόματα
606 1616 851 1702 αὐτῶν,
874 1617 950 1685 τὸ
972 1619 1098 1704 μὲν
1117 1626 1235 1705 τῆς
1255 1627 1468 1705 ψυχῆς
1486 1619 1648 1706 μετὰ
1670 1627 1792 1687 τοῦ
1816 1620 2113 1706 σώματος
2134 1630 2302 1705 θερ-

290 1714 613 1801 μαντικὸν
657 1715 972 1797 οἶνος,τὸ
1020 1716 1092 1783 δὲ
1140 1723 1319 1784 λεῖον
1359 1719 1471 1784 καὶ
1503 1718 1910 1800 διακριτικὸν
1943 1716 2160 1797 οψεως
2194 1720 2301 1786 δια

287 1815 497 1882 ταῦτά
518 1841 588 1882 τε
609 1819 775 1883 ἰδεῖν
796 1812 1106 1899 λαμπρὸν
1125 1816 1235 1881 καὶ
1257 1822 1526 1903 στίλβον
1548 1816 1832 1902 λιπαρόν
1863 1843 1934 1883 τε
1967 1818 2301 1936 φανταζό-

288 1939 495 1999 μενον
516 1909 828 1999 ἐλαιηρὰν
852 1910 1041 1998 εἶδος,
1067 1919 1257 1981 πίττα
1288 1917 1398 1982 καὶ
1426 1919 1562 1983 κίκι
1589 1917 1700 1985 καὶ
1721 1919 1941 1983 ἔλαιον
1976 1911 2139 1982 αὐτὸ
2178 1914 2303 1982 ὅσα

286 2013 350 2081 τ’
389 2012 557 2081 ἄλλα
586 2022 704 2099 τῆς
737 2010 943 2098 αὐτῆς
977 2013 1355 2134 δυναμεως·
1399 2012 1562 2082 όσον
1593 2015 1663 2083 δὲ
1700 2011 2081 2100 διαχυτικὸν
2114 2017 2301 2100 μέχρι
2336 2035 2376 2083 Β

290 2111 559 2196 φύσεως
588 2118 723 2178 τῶν
757 2111 906 2195 περὶ
942 2108 1016 2178 τὸ
1051 2111 1261 2197 στόμα
1305 2111 1628 2197 ξυνόδων,
1661 2112 1865 2201 ταύτῃ
1901 2121 1985 2199 τῇ
2019 2111 2298 2197 δυναμει

287 2209 661 2295 γλυκύτητα
695 2208 1169 2294 παρεχόμενον,
1208 2213 1354 2296 μέλι
1396 2211 1469 2277 τὸ
1500 2211 1668 2278 κατὰ
1713 2210 1983 2277 πάντων
2023 2209 2302 2296 μάλιστα

289 2306 640 2392 πρόσρημα
673 2312 848 2392 ἔσχε·
892 2305 967 2374 τὸ
1004 2306 1076 2375 δὲ
1109 2314 1224 2392 τῆς
1263 2304 1511 2391 σαρκὸς
1547 2307 1932 2376 διαλυτικὸν
1965 2315 2057 2395 τῷ
2088 2314 2301 2376 καίειν

288 2403 600 2491 ἄφρῶδες
633 2407 824 2488 γένος
856 2406 930 2472 ἐκ
975 2404 1247 2473 πάντων
1283 2403 1660 2493 ἀφορισθὲν
1698 2413 1834 2474 τῶν
1872 2415 2102 2492 χυμων
2139 2403 2302 2484 ὀπὸς

288 2502 753 2587 ἐπωνομάσθη.

455 2605 633 2667 XXV.
658 2606 793 2686 Γῆς
814 2600 887 2668 δὲ
911 2605 1074 2688 εἴδη,
1091 2600 1164 2669 τὸ
1189 2600 1310 2686 μὲν
1332 2599 1677 2688 ἡθημένον
1691 2599 1796 2669 διὰ
1813 2600 2055 2679 ὕδατος
2066 2603 2299 2685 τοιῷδε

285 2697 509 2786 τρόπῳ
535 2704 830 2783 γίγνεται
854 2705 1042 2785 σῶμα
1064 2705 1349 2766 λίθινον.
1392 2696 1466 2766 τὸ
1491 2697 1800 2785 ξυμμιγὲς
1820 2698 2004 2783 ὕδωρ
2042 2696 2205 2765 ὅταν
2228 2700 2300 2763 ἐν

285 2804 364 2883 τῇ
385 2801 679 2884 ξυμμίξει
711 2802 910 2883 κοπῇ,
944 2799 1300 2884 μετέβαλεν
1334 2802 1426 2874 είς
1461 2793 1655 2883 ἀέρος
1683 2798 1896 2873 ἰδέαν·
1941 2792 2300 2880 γενόμενος

285 2893 359 2961 δὲ
382 2890 509 2978 ἀὴρ
546 2898 637 2972 είς
669 2895 789 2961 τὸν
825 2895 1068 2962 ἑαυτοῦ
1101 2893 1313 2962 τόπον
1343 2891 1602 2960 ἄναθεῐ.
1647 2894 1847 2960 κενὸν
1886 2889 1949 2958 δ’
1990 2888 2073 2959 οὐ
2110 2915 2296 2975 περι-
2334 2907 2371 2958 G

288 3004 459 3075 εἶχεν
479 2988 689 3058 αὐτὸν
711 2989 914 3060 οὐδέν
932 3019 947 3035 ·
987 2993 1104 3060 τὸν
1125 2985 1255 3058 οὖν
1274 2998 1557 3077 πλησίον
1580 2995 1787 3058 ἔωσεν
1807 2986 1996 3077 ἀέρα·
2034 2987 2070 3057 ὁ
2096 2989 2166 3055 δὲ
2187 2986 2301 3065 ἅτε

286 3086 386 3154 (ἒν
407 3088 640 3175 βαρύς,
667 3086 908 3169 ὠσθεὶς
929 3092 1038 3157 καὶ
1063 3092 1443 3176 περιχυθεὶς
1462 3098 1556 3178 τῷ
1586 3097 1702 3177 τῆς
1736 3095 1857 3177 γῆς
1888 3087 2088 3177 ὄγκῳ,
2125 3086 2297 3171 σφό-

285 3190 414 3269 δρα
438 3191 671 3268 ἕθλιψε
693 3189 986 3267 ξυνέωσέ
1002 3214 1069 3255 τε
1091 3185 1303 3256 αὐτὸν
1327 3194 1418 3267 εἰς
1440 3190 1557 3267 τὰς
1588 3189 1803 3273 ἔδρας,
1841 3184 2010 3253 ὅθεν
2040 3182 2227 3270 ἀνῄει
2262 3179 2297 3250 ὃ

284 3285 431 3360 νέος
453 3281 616 3369 ἀήρ·
645 3288 1066 3366 ξυνωσθεῐσα
1088 3285 1160 3354 δὲ
1179 3283 1298 3355 ὑπ’
1325 3285 1516 3374 ἀέρος
1537 3283 1795 3362 ἄλύτως
1816 3282 2012 3350 ὕδατι
2030 3289 2117 3366 γῆ
2138 3285 2301 3360 ξυν-

282 3386 538 3452 ίσταται
572 3384 796 3469 πέτρα,
836 3391 1125 3475 καλλίων
1147 3386 1268 3470 μὲν
1297 3383 1340 3471 ἡ
1376 3393 1511 3453 τῶν
1536 3393 1699 3452 ἴσων
1720 3384 1827 3450 καὶ
1865 3378 2134 3466 ὁμαλῶν
2155 3382 2305 3444 δια·-
