2602 3928
1938 138 1983 171 0

342 209 428 273 14
1064 207 1634 268 ΠΛΑΤΩΝΟΣ

341 377 540 438 τοῦτο
564 371 814 459 ἐκείνῳ.
862 364 1085 435 Οὐδέν
1101 392 1177 453 γε
1197 367 1475 452 κωλύει,
1507 360 1598 454 ἦν
1620 366 1682 435 δ’
1709 367 1866 453 ἐγώ·
1915 373 1978 436 εἰ
1995 365 2058 434 δ’
2091 357 2219 436 οὖν
2240 369 2352 436 καὶ

343 464 432 555 μὴ
476 472 655 535 ἔστιν
696 464 961 552 ὅμοιον,
1007 472 1313 550 φαίνεται
1346 464 1417 532 δὲ
1448 473 1544 554 τῷ
1577 467 1979 582 ἐρωτηθέντι
2019 471 2351 550 τοιοῦτον,

340 556 543 651 ἧττόν
566 591 628 632 τι
648 559 860 631 αὐτὸν
879 572 1005 631 οἰει
1026 559 1534 646 ἀποκρινεῖσθαι
1560 560 1636 629 τὰ
1661 562 2078 647 φαινόμενον
2111 563 2351 652 ἑαυτῷ,

343 657 465 739 ἐάν
484 687 553 729 τε
574 658 760 747 ἡμεῖς
781 660 1307 745 ἀπαγορεύωμεν
1328 660 1449 735 ἐάν
1469 685 1539 727 τε
1559 660 1683 746 μής
1707 659 1908 727 ’Άλλο
1930 685 1994 726 τι
2014 651 2173 743 οὖν,
2197 665 2351 747 ἔφη,

342 759 454 826 καὶ
477 754 564 825 συ
587 757 765 825 οὕτω
787 757 1113 842 ποιήσεις;
1153 748 1253 822 ὦν
1284 755 1413 841 ἐγω
1437 755 1755 842 ἀπεῖπον,
1798 757 2055 823 τούτων
2087 783 2151 824 τι
2180 755 2354 824 ἀπο-

343 869 590 938 κρινεῖ,
635 852 782 922 Οὐκ
805 880 896 919 αν
908 853 1347 938 θαυμασαιμι
1371 846 1459 939 ἦν
1480 851 1539 922 δ’
1567 853 1717 940 ἐγω,
1745 863 1812 921 εἴ
1823 879 1937 939 μοι
1955 855 2352 971 σκεψαμένῳ

267 963 312 1013 D
346 951 524 1020 οὕτω
547 952 818 1031 δόξειεν.
871 954 952 1016 Τι’
972 941 1121 1031 οὖν,
1148 953 1273 1035 ἔφη
1288 999 1307 1033 ,
1346 977 1433 1018 αν
1454 949 1582 1036 ἐγώ
1607 951 1852 1030 δείξω”
1818 957 2047 1033 ετέραν
2070 946 2352 1035 ἀπόκρι-

344 1069 455 1118 σιν
475 1046 655 1130 παρά
680 1048 894 1125 πάσας
913 1047 1158 1124 ταύτας
1180 1048 1332 1131 περὶ
1346 1048 1797 1168 δικαιοσύνης
1798 1054 2032 1134 βελτίω
2053 1047 2347 1115 τούτων·
2327 1096 2349 1129 ,

341 1175 406 1215 τι
394 1144 630 1227 ’ἀξιοῖς
650 1154 925 1223 παθεῖνς
977 1151 1062 1213 Τι’
1087 1144 1282 1229 ἄλλο,
1326 1138 1413 1232 ἦν
1447 1143 1510 1213 δ’
1546 1144 1706 1231 ἐγώ,
1750 1140 1797 1231 ἦ
1830 1143 1995 1228 ὅπερ
2028 1146 2352 1232 προσήκει

347 1245 624 1330 πάσχειν
643 1250 739 1333 τῷ
760 1243 849 1329 μὴ
872 1242 1105 1321 εἰδότι;
1147 1244 1468 1329 προσήκει
1504 1247 1581 1311 δέ
1596 1269 1730 1311 που
1753 1253 1998 1329 μαθεῖν
2023 1242 2201 1330 παρὰ
2222 1249 2346 1310 τοῦ

346 1342 627 1419 εἰδότος·
669 1343 781 1408 καὶ
814 1338 941 1425 ἐγώ
977 1333 1104 1407 οὖν
1136 1349 1334 1409 τοῦτο
1369 1340 1532 1421 ἀξιοῖ
1565 1351 1826 1411 παθεῖν.
1883 1337 2086 1420 Ἡδύς
2116 1339 2250 1426 γὰρ
2270 1339 2349 1425 εἷ,

343 1444 471 1527 ἔφη
487 1465 502 1480 ·
547 1436 713 1526 ἀλλά
736 1435 902 1522 πρὸς
922 1445 1015 1525 τῷ
1038 1448 1281 1524 μαθεῖν
1301 1442 1412 1507 καὶ
1432 1438 1753 1508 ἀπότισον
1774 1438 2114 1528 ἀργύριον.
2164 1437 2348 1507 Οὐκ-

344 1544 474 1603 οῦν
495 1536 766 1604 ἐπειδάν
784 1562 898 1621 μοι
917 1539 1215 1622 γένηται,
1251 1535 1397 1604 εἶπο
1405 1563 1458 1603 ν.
1516 1534 1680 1605 Ἀλλ’
1702 1542 1903 1624 ἔστιν,
1927 1545 2054 1624 ἔφη
2078 1533 2113 1605 ὁ
2126 1535 2350 1606 Γλαύ-

344 1658 513 1701 κων·
553 1630 704 1700 ἀλλ’
737 1634 932 1700 ἕνεκα
967 1631 1325 1720 ἀργυρίου,
1350 1625 1405 1701 ὦ
1428 1635 1855 1721 Θρασύμαχε,
1895 1637 2041 1720 λέγε
2056 1661 2072 1677 ·
2108 1634 2350 1715 πάντες

272 1746 309 1796 Β
346 1729 474 1815 γὰρ
497 1728 680 1817 ἡμεῖς
699 1729 1046 1815 Σωκράτει
1067 1737 1454 1817 εἰσοίσομεν.
1495 1731 1696 1799 Πάνυ
1717 1757 1825 1817 γε,
1849 1730 2028 1817 οἶμαι
2043 1781 2060 1813 ,
2093 1724 2138 1816 ἦ
2162 1729 2221 1797 δ’
2251 1728 2348 1816 ὅς,

342 1832 453 1897 ἵνα
477 1828 841 1914 Σωκράτης
861 1827 935 1895 τό
964 1828 1204 1908 εἰωθὸς
1225 1830 1675 1916 διαπράξηται,
1701 1826 1901 1907 αὐτὸς
1921 1829 2046 1916 μὲν
2064 1826 2153 1915 μὴ
2180 1825 2351 1895 ἀπο-

342 1934 675 2013 κρίνηται,
720 1925 930 1995 ἄλλου
964 1923 1028 1994 δ’
1066 1925 1600 2013 ἀποκρινομένου
1630 1928 1938 2016 λαμβάνῃ
1986 1927 2195 2013 λόγον
2239 1926 2350 1994 καὶ

342 2028 591 2113 ἐλέγχῃ.
636 2032 793 2103 Πῶς
811 2023 939 2109 γὰρ
962 2022 1082 2108 ἄν,
1118 2030 1292 2110 ἔφην
1314 2025 1479 2111 ἐγώ,
1518 2018 1571 2092 ὦ
1590 2031 1915 2113 βέλτιστε,
1949 2031 2045 2106 τὶς
2069 2026 2350 2113 ἀποκρί-

341 2148 528 2190 ναιτο
553 2147 820 2204 πρωτον
839 2124 963 2206 μὲν
983 2120 1071 2205 μὴ
1097 2120 1285 2200 emme
1306 2127 1468 2208 μηδὲ
1493 2125 1772 2209 φάσκων
1795 2128 2073 2211 εἰδέναι,
2108 2130 2347 2210 ἔπειτα,

343 2230 408 2289 εῖ
420 2247 483 2288 τι
503 2221 613 2287 καὶ
636 2228 841 2286 οἴεται
862 2219 1010 2303 περὶ
1029 2218 1288 2310 τούτων
1301 2217 1788 2309 ,ἀπειρημένον
1815 2221 1999 2312 αύτω
2022 2234 2148 2312 εἴη,
2169 2246 2351 2299 οπως

340 2316 546 2403 μηδὲν
567 2307 777 2399 ἐρεῖ’
720 2341 819 2382 ων
837 2313 1112 2401 ἡγεῖται,
1142 2313 1251 2383 ὑπ’
1276 2270 1521 2403 ἀνδρὸς
1547 2317 1630 2386 ού
1651 2320 1953 2404 φαύλους
1980 2318 2148 2388 ἀλλὰ
2170 2320 2244 2387 σὲ
2266 2316 2347 2405 δὴ

205 2426 311 2482 338
344 2422 602 2502 μᾶλλον
642 2411 816 2490 εἰκὸς
855 2417 1102 2498 λέγειν·
1154 2416 1241 2481 σύ
1286 2415 1416 2501 γάρ
1459 2415 1541 2502 δὴ
1584 2417 1716 2506 φῂς
1755 2422 2002 2487 εἰδέναι
2034 2420 2145 2487 καὶ
2178 2422 2347 2502 ἔχειν

343 2518 570 2580 εἰπεῖν.
608 2507 699 2596 μή
726 2536 854 2577 ουν
873 2510 1089 2591 αλλως
1109 2519 1317 2596 ποίει,
1352 2511 1498 2581 ἀλλ’
1528 2518 1678 2600 ἐμοί
1692 2540 1763 2583 τε
1781 2521 2048 2601 χαρίζου
2067 2514 2347 2599 ἀποκρι-

343 2609 626 2694 νόμενος
662 2609 770 2675 καὶ
804 2606 892 2695 μὴ
925 2610 1282 2704 φθονήσῃς
1315 2613 1422 2679 καὶ
1455 2612 1826 2680 Γλαύκωνα
1866 2613 2060 2681 τόνδε
2094 2611 2346 2691 διδάξαι

343 2708 452 2774 καὶ
472 2707 630 2783 τοὺς
651 2704 911 2784 αλλους.

506 2811 636 2873 xn.
680 2806 1007 2883 Εἰπόντος
1040 2810 1117 2873 δέ
1146 2832 1280 2892 μου
1312 2816 1520 2875 ταῦτα
1566 2808 1608 2876 δ’
1636 2835 1707 2876 τε
1740 2809 2069 2878 Γλαύκων
2123 2809 2233 2874 καὶ
2284 2810 2352 2874 οἰ

341 2906 530 2974 ἄλλοι
550 2906 812 2972 ἐδέοντο
835 2901 1048 2971 αὐτοῦ
1069 2903 1157 2990 μὴ
1192 2904 1409 2984 ἄλλως
1440 2920 1653 2973 ποιεῖν
1668 2932 1684 2947 ·
1720 2903 1884 2976 καὶὸ
1910 2904 2347 2988 Θρασύμαχος

343 3003 631 3089 φανερὸς
671 3001 793 3088 μὲν
833 2993 922 3087 ἦν
968 3004 1318 3088 ἐπιθυμῶν
1374 3008 1615 3089 εἰπεῖν,
1670 3002 1768 3071 ἵν’
1827 3000 2344 3087 εὐδοκιμήσειεν,

340 3097 712 3185 ἡγούμενος
749 3103 922 3184 ἔχειν
953 3096 1306 3183 ἀπόκρισιν
1350 3099 1726 3186 παγκάλην·
1774 3114 2229 3183 προσεποιεῖτο
2273 3096 2346 3166 δὲ

341 3205 746 3280 φιλονεικεῖν
764 3193 932 3279 πρὸς
948 3192 1024 3263 τὰ
1054 3196 1164 3280 ἐμὲ
1187 3194 1357 3263 εἶναι
1377 3193 1498 3264 τὸν
1528 3194 2073 3283 ἀποκρινόμενον.
2117 3205 2346 3265 τελευ-

271 3307 310 3357 Β
342 3299 479 3360 τῶν
502 3296 572 3360 δὲ
600 3293 1031 3378 ξυνεχώρησε,
1055 3293 1331 3361 κᾶπειτα
1353 3292 1541 3378 Αὕτη
1565 3292 1680 3379 δή,
1705 3298 1853 3380 ἔφη’,
1877 3291 1918 3380 ἡ
1942 3295 2345 3375 Σωκράτους

341 3400 576 3476 σοφία,
605 3388 814 3460 αύτὸν
835 3391 958 3477 μὲν
977 3392 1064 3477 μὴ
1089 3393 1350 3459 ἐθέλειν
1370 3392 1743 3479 διδάσκειν,
1767 3390 1945 3477 παρὰ
1973 3390 2046 3460 δὲ
2069 3399 2202 3460 τῶν
2222 3389 2342 3462 ἄλ-
