2602 3928
309 186 434 251 278
1110 191 1318 247 11AA
1338 188 1675 248 ΤΩΝΟΣ

302 355 553 437 χαίρων
585 374 702 431 τις,
743 345 787 434 ἡ
827 353 941 433 τῆς
974 344 1219 435 ἡδονῆς
1249 344 1487 434 ἡσυχία
1523 343 1826 432 λυπηρὸν
1861 350 2058 413 ἔσται.
2097 344 2307 431 Ἴσως,

302 451 448 533 ἔφη.
482 443 558 517 Ὃ
573 444 817 531 μεταξὺ
840 443 970 531 ἄρα
1000 453 1131 513 νῦν
1154 443 1234 531 δὴ
1258 442 1655 531 ἀμφοτέρων
1679 448 1934 529 ἔφαμεν
1968 440 2156 527 εἶναι,
2185 439 2308 529 τὴν

299 543 602 630 ἡσυχίαν,
625 543 825 612 τοῦτό
847 567 1006 611 ποτε
1030 541 1378 630 ἀμφότερα
1399 550 1599 627 ἔσται,
1621 543 1799 630 λύπη
1831 568 1902 610 τε
1935 545 2046 610 καὶ
2076 539 2307 630 ἡδονή.

287 632 677 719 ”Εοικεν..,Ἦ
696 644 806 711 καὶ
828 640 1122 710 δυνατὸν
1141 642 1214 711 τὸ
1236 643 1559 729 μηδέτερα
1595 637 1677 709 ὂν
1710 638 2054 728 ἀμφότερα
2088 649 2310 726 γίγνε-

301 750 496 822 σθαι,
479 770 495 785 ·
546 738 652 807 Οὔ
672 765 786 825 μοι
806 743 1002 807 δοκεῖ.
1047 742 1180 809 Καὶ
1199 736 1335 826 μὴν
1355 737 1432 808 τό
1452 764 1529 825 γε
1551 735 1679 826 ἡδὺ
1703 741 1778 806 ἐν
1798 745 1975 826 ψυχῇ
1997 741 2310 825 γιγνόμε-

297 864 421 909 νον
455 840 571 909 καὶ
604 838 681 908 τὸ
720 838 1027 927 λυπηρὸν
1059 844 1326 925 κίνησίς
1350 864 1449 917 τις
1475 834 1830 925 ἀμφοτέρω
1862 837 2089 906 ἐστόν·
2125 832 2168 923 ἢ
2196 836 2311 919 οὕ;

196 945 459 1010 684Ναί.
532 940 623 1010 Τὸ
650 938 727 1007 δὲ
753 939 915 1026 μήτε
948 939 1254 1027 λυπηρὸν
1287 935 1450 1025 μήτε
1473 933 1605 1024 ἦδύ
1635 933 1789 1024 ούχὶ
1815 934 2062 1024 ἡσυχία
2087 937 2311 1059 μέντοι
2400 980 2405 984 ·

297 1041 410 1109 καὶ
440 1041 514 1108 ἐν
539 1039 720 1128 με’σφ
744 1039 1016 1108 τούτοιν
1046 1036 1334 1125 imolam*
1288 1063 1472 1125 αρτι·
1456 1087 1474 1121 ,
1503 1034 1755 1124 Ἐφάνη
1760 1036 1932 1155 γάρ.
1989 1039 2150 1117 Πῶς
2176 1024 2308 1105 ουν

300 1137 527 1221 ὀρθως
560 1138 698 1202 ἔστι
732 1130 804 1200 τὰ
843 1131 931 1219 μῆ
965 1129 1192 1217 ἀλγεῖν
1229 1128 1361 1219 ἡδὺ
1401 1129 1712 1218 ἡγεῖσθαι
1743 1129 1790 1218 ἢ
1822 1128 1897 1200 τὸ
1932 1160 2021 1220 μη
2057 1139 2307 1220 χαίρειν

301 1230 615 1316 ἆνιαρόν;
664 1226 1010 1315 Οὐδαμῶς.
1057 1227 1201 1297 Οὐκ
1235 1228 1495 1297 ἔστιν’
1449 1256 1582 1314 αρα
1611 1237 1832 1314 τοῦτο,
1866 1228 2034 1300 ἀλλὰ
2071 1236 2309 1317 φαίνε-

299 1355 428 1412 ται,
452 1319 541 1414 ἦν
575 1324 633 1394 δ’
673 1326 824 1412 ἐγώ,
867 1325 1056 1410 παρὰ
1077 1328 1151 1395 τὰ
1193 1326 1508 1413 ἀλγεινὸν
1547 1325 1678 1414 ἡδὺ
1712 1332 1821 1397 καὶ
1855 1326 2034 1413 παρὰ
2065 1327 2138 1397 τὸ
2176 1325 2310 1417 ἡδύ

300 1422 610 1511 ἀλγεινὸν
634 1425 783 1492 τότε
808 1420 850 1510 ἡ
868 1421 1127 1512 ἡσυχία,
1151 1426 1263 1493 καὶ
1286 1422 1488 1493 οὐδὲν
1507 1422 1688 1512 ὑγιὲς
1708 1425 1966 1495 τούτων
1983 1433 2121 1494 τῶν
2143 1453 2309 1513 φαν-

299 1522 650 1611 τασμᾶτων
684 1522 853 1611 πρὸς
871 1520 1119 1609 ἡδονῆς
1150 1521 1501 1610 ἀλήθειαν,
1537 1520 1706 1592 ἀλλὰ
1735 1530 2002 1610 γοητεία
2034 1549 2151 1603 τις.
2196 1521 2309 1604 Ὡς

229 1633 271 1682 Β
302 1629 472 1708 γοῦν
492 1618 528 1689 ὁ
551 1620 768 1705 λόγος,
795 1625 945 1707 ἔφη,
976 1625 1298 1708 σημαίνει.
1337 1617 1729 1705 Ἰδὲτοίνυν,
1753 1626 1925 1708 ἔφην
1959 1621 2112 1708 ἐγώ,
2150 1618 2311 1709 ἡδο-

300 1721 443 1806 νάς,
467 1726 541 1788 αἳ
560 1716 685 1787 οὐκ
706 1721 780 1786 ἐκ
800 1726 1035 1787 λυπῶν
1057 1724 1245 1803 εἰσίν,
1265 1723 1378 1787 ἵνα
1397 1716 1487 1805 μὴ
1523 1717 1838 1798 πολλάκις
1864 1724 2104 1807 οἰηθῇς
2123 1722 2200 1787 ἐν
2217 1724 2311 1809 τῷ

301 1818 582 1903 παρόντι
604 1816 783 1885 οὕτω
806 1823 1005 1886 τοῦτο
1029 1821 1419 1905 πεφυκέναι,
1442 1814 1700 1905 ἡδονὴν
1730 1817 1854 1904 μὲν
1890 1823 2158 1885 παῦλαν
2188 1818 2314 1889 λύ-

301 1942 425 2005 πης
449 1913 640 2003 εἶναι,
666 1914 887 2003 λύπην
920 1915 993 1985 δὲ
1027 1913 1290 2004 ἡδονῆς.
1334 1922 1485 1984 Ποῦ
1517 1913 1621 2003 δή,
1655 1919 1806 2003 ἔφη,
1840 1920 1951 1985 καὶ
1983 1922 2176 1996 ποίας
2205 1916 2309 1985 118¹-

301 2045 472 2105 γεις,
455 2048 471 2063 ·
516 2017 770 2084 Πολλαὶ
802 2019 944 2102 μέν,
968 2013 1175 2100 εἶπον,
1202 2018 1315 2086 καὶ
1336 2015 1550 2102 ἄλλαι,
1585 2016 1870 2103 μάλιστα
1906 2014 1966 2086 δ’
2008 2023 2069 2086 εἰ
2098 2020 2312 2096 θέλεις

302 2120 616 2201 ἐννοῆσαι
639 2141 755 2194 τας
776 2118 925 2199 περὶ
947 2115 1064 2194 τὰς
1085 2112 1296 2201 όσμας
1316 2112 1582 2201 ἡδονας.
1642 2107 1838 2186 αὗται
1869 2140 1998 2201 γαρ
2031 2114 2116 2184 οὐ
2148 2140 2312 2201 προ-

302 2215 673 2299 λυπηθέντι
695 2210 1065 2299 ἐξαίφνης’
1026 2214 1351 2299 αμήχανοι
1368 2214 1442 2281 τὰ
1464 2216 1746 2299 μέγεθος
1765 2219 2128 2299 γίγνονται,
2153 2237 2315 2281 παυ-

306 2311 593 2397 σάμεναί
605 2334 676 2377 τε
699 2309 921 2397 λύπην
943 2309 1262 2396 ουδεμίαν
1283 2317 1815 2380 καταλείπουσιν.
1854 2307 2315 2398 Ἀληθέστατα,

230 2424 275 2477 c
305 2413 449 2495 ἔφη.
494 2404 683 2493 Μὴ”
640 2432 769 2494 αρα
791 2407 1188 2494 πειθώμεθα
1208 2405 1525 2494 καθαρὰν
1555 2405 1812 2496 ἡδονὴν
1843 2407 2012 2477 εἶναι
2037 2406 2159 2495 τὴν
2195 2416 2319 2476 λύ-

305 2529 432 2592 πης
452 2502 865 2591 ἀπαλλαγήν,
884 2506 1055 2593 μηδὲ
1077 2505 1301 2593 λύπην
1322 2504 1446 2593 τὴν
1476 2503 1740 2593 ἡδονῆς.
1784 2503 1907 2592 Μὴ
1939 2504 2086 2592 γάρ.
2127 2502 2317 2575 Ἀλλά

303 2605 549 2691 μέντοι,
577 2600 787 2687 εἷπον,
811 2606 886 2670 αἵ
904 2629 981 2688 γε
1005 2601 1116 2670 διὰ
1137 2611 1260 2671 τοῦ
1297 2604 1601 2691 σώματος
1634 2606 1739 2673 ἐπὶ
1772 2602 1897 2691 τὴν
1930 2600 2152 2691 ψυχὴν
2184 2609 2317 2671 τεί-

302 2721 545 2769 νουσαι
575 2703 687 2769 καὶ
718 2701 1071 2787 λεγόμεναι
1105 2701 1345 2788 ἡδοναὶ
1385 2699 1622 2788 σχεδὸν
1664 2706 1737 2770 αἱ
1766 2708 2065 2771 πλεῖσταί
2101 2726 2171 2769 τε
2207 2701 2319 2769 καὶ

303 2801 602 2885 μέγισται
618 2797 864 2868 τούτου
883 2806 1007 2868 τοῦ
1029 2804 1251 2881 εἴδους
1270 2805 1420 2886 εἰσί,
1455 2807 1689 2869 λυπῶν
1723 2799 1893 2879 τινὲς
1926 2797 2316 2884 ἄπαλλαγαί.

301 2897 453 2965 Εἰσὶ
472 2897 620 2984 γάρ.
667 2894 945 2966 Ούκοῦν
965 2899 1076 2966 καὶ
1097 2902 1172 2966 αἱ
1185 2896 1317 2984 πρὸ
1342 2899 1723 2985 μελλόντων
1741 2895 2000 2965 τούτων
2021 2899 2096 2965 ἐκ
2126 2920 2315 2981 προς-

305 2999 534 3073 δοκίας
551 2995 938 3080 γιγνόμεναι
963 2997 1416 3085 προησθήσεις
1436 3021 1507 3063 τε
1539 2998 1650 3065 καὶ
1671 2993 2118 3081 προλυπήσεις
2149 2993 2317 3061 κατὰ

302 3088 511 3158 ταύτὰ
540 3096 836 3178 ἔχουσιν,
818 3122 835 3140 ·
881 3091 1069 3161 Κατὰ
1089 3090 1318 3162 ταύτά.

225 3217 269 3268 1>
474 3194 548 3257 X.
620 3185 819 3258 Οἷσθ’
863 3215 1010 3278 ουν,
1047 3183 1133 3279 ἦν
1172 3190 1234 3260 δ’
1282 3192 1436 3279 ἐγώ,
1481 3189 1621 3261 οἷαί
1647 3196 1773 3261 εἰσι
1806 3192 1917 3261 καὶ
1950 3183 2008 3281 ᾤ
2037 3192 2319 3279 μάλιστα

309 3290 632 3366 ἐοίκασιν;
683 3292 826 3376 Τοῖ’
809 3293 999 3374 ,.ἔφη
1038 3295 1347 3375 Νομίζεις
1366 3317 1447 3375 τι,
1469 3288 1678 3376 εἷπον,
1698 3292 1795 3357 ἐν
1791 3297 1886 3378 τῇ
1921 3288 2121 3377 φύσει
2153 3288 2322 3357 εἶναι

309 3381 384 3451 τὸ
409 3381 598 3470 μὲν”
552 3410 716 3470 ανω,
751 3383 826 3454 τὸ
851 3384 923 3455 δὲ
956 3386 1159 3471 κάτω,
1202 3388 1279 3456 τὸ
1316 3388 1389 3458 δὲ
1419 3392 1656 3476 μέσον,
1676 3387 1949 3474 Ἔγωγε
2013 3394 2157 3456 Οἴει
2192 3411 2325 3455 ουν
