2602 3928
333 237 421 303 86
1066 235 1641 295 ΠΛΑΤῼΝΟΣ

269 427 312 478 1>
337 403 483 485 ἔφη.
548 394 842 483 Οὐκοῦν,
886 386 972 480 ἦν
1013 391 1077 460 δ’
1126 391 1275 478 ἐγώ,
1326 391 1489 459 ὅτου
1531 389 1617 459 ἂν
1660 395 1993 482 ξυμπίπτη
2034 398 2112 461 ἐν
2151 419 2224 463 τε
2263 403 2347 483 τῇ

339 503 517 583 ψυχῇ
547 492 717 563 καλὰ
738 491 876 579 ἤθη
898 491 1138 561 ἐνόντα
1161 494 1270 558 καὶ
1292 493 1371 558 ἐν
1388 498 1482 578 τῷ
1504 494 1666 557 εἴδει
1694 486 2152 576 ὁμολογοῦντα
2174 495 2349 561 ἐκεί·-

337 621 478 674 νοις
523 595 632 661 καὶ
683 597 1198 678 ξυμφωνοῦντα,
1256 595 1380 656 τοῦ
1439 586 1651 655 αὐτοῦ
1703 592 2057 675 μετέχοντα
2104 590 2345 677 τύπου,

336 690 520 760 τοῦτ’
572 687 658 758 ἂν
690 699 792 776 εἴη
839 691 1195 757 κάλλιστον
1225 689 1449 772 θέαμα
1482 694 1578 775 τῷ
1619 690 1970 778 δυναμένῳ
1990 712 1995 717 ·
2016 695 2347 770 &effevum

335 789 526 858 Πολύ
549 815 641 875 γε.
682 789 815 856 Καὶ
845 784 982 874 μὴν
1008 786 1085 854 τό
1115 811 1193 869 γε
1220 785 1577 853 κάλλιστον
1610 785 2123 872 ἐρασμιώτατον.
2190 792 2350 865 Πῶς

338 885 398 956 δ’
437 887 550 964 οῧ;
602 893 753 954 Τῶν
788 885 867 971 δὴ
899 882 941 951 ὅ
972 911 1036 951 τι
1070 884 1352 970 μάλιστα
1392 885 1716 952 τοιούτων
1759 883 2150 969 ἀνθρώπων
2192 883 2235 952 ὅ
2273 910 2350 969 γε

336 982 654 1072 μουσικὰς
684 983 855 1074 ἐρῴη
891 982 1010 1049 ἄν·
1055 988 1117 1050 εἰ
1153 974 1667 1068 δὲ-ἆξύμφωνος
1693 993 1818 1070 εἴη,
1863 981 1987 1051 οὐκ
2029 978 2121 1051 ἄν
2150 983 2347 1074 ἐρῴη.

340 1082 485 1153 Ούκ
510 1083 618 1169 ἅν,
651 1092 718 1150 εἴ
742 1087 822 1167 γέ
839 1107 924 1165 τι,
957 1085 1108 1166 ἔφη,
1133 1079 1298 1148 κατὰ
1326 1080 1454 1167 τὴν
1484 1082 1707 1168 ψυχὴν
1740 1084 2058 1151 ἐλλείποι·
2102 1088 2162 1150 εἰ
2184 1087 2346 1170 μέν-

335 1209 437 1250 τοι
460 1209 521 1249 τι
544 1177 710 1248 κατὰ
744 1177 820 1246 τὸ
843 1186 1052 1266 σῶμα,
1077 1177 1498 1266 ὑπομείνειεν
1529 1177 1618 1248 ἂν
1654 1178 1813 1249 ὥστ’
1846 1184 2111 1251 ἐθέλειν
2130 1180 2348 1250 ἀσπά-

265 1305 308 1354 Ε
336 1286 584 1360 ζεσθαι.
630 1278 1014 1362 Μανθάνω,
1048 1271 1135 1364 ἦν
1158 1276 1221 1345 δ’
1261 1278 1413 1366 ἐγώ,
1443 1278 1544 1348 ὅτι
1565 1284 1700 1347 ἔστι
1731 1300 1837 1347 σοι
1860 1275 1904 1365 ἦ
1931 1282 2165 1364 γέγονε
2191 1305 2349 1348 παι-
2380 1275 2383 1278 ’

337 1374 490 1444 δικὰ
531 1382 824 1469 τοιαῦτα,
871 1378 982 1444 καὶ
1026 1383 1379 1462 συγχωρῶ·
1423 1373 1607 1445 ἄλλα·
1628 1375 1785 1444 τόδε
1822 1402 1935 1462 μοι
1977 1378 2145 1445 εἰπέ·
2211 1396 2347 1445 σω-

336 1476 648 1564 φροσύνῃ
668 1480 775 1544 καὶ
799 1467 1012 1563 ἡδονῇ
1035 1473 1548 1564 ὑπερβαλλούσῃ
1568 1481 1705 1544 ἔστι
1727 1502 1825 1554 τις
1840 1483 2186 1556 κοινωνία;
2216 1481 2349 1545 Καὶ

334 1580 493 1659 πῶς,
522 1578 670 1660 ἔφη,
706 1573 754 1661 ἥ
784 1600 861 1669 γε
890 1580 1188 1660 ἔκφρονα
1214 1589 1395 1642 ποιεῖ
1422 1572 1545 1659 οὐχ
1575 1564 1778 1659 ἦττον
1808 1571 1854 1660 ἢ
1882 1574 2093 1660 λύπης
2153 1571 2347 1643 Ἀλλᾶ

206 1695 313 1751 403
333 1678 412 1760 τῇ
447 1672 614 1762 ἄλλῃ
637 1671 837 1762 ἀρετῇ
853 1703 873 1756 3
910 1671 1256 1758 Οὐδαμῶς.
1304 1679 1388 1740 Τί
1416 1675 1494 1740 δέ
1502 1702 1522 1755 3
1555 1671 1748 1759 ὕβρει
1770 1699 1840 1740 τε
1861 1676 1972 1742 καὶ
1994 1672 2345 1765 ἅκολασίᾳ;

330 1772 621 1839 Πάντων
664 1772 964 1859 μα’λιστα.
1018 1778 1249 1852 Meteon
1283 1775 1357 1838 δέ
1386 1797 1536 1838 τινα
1570 1774 1677 1839 καὶ
1713 1769 2034 1859 ὀξυτέραν
2065 1779 2230 1858 ἔχεις
2251 1779 2338 1842 εί·-

334 1885 483 1939 πεῖν
514 1869 770 1957 ἡδονὴν
811 1879 926 1956 τῆς
967 1871 1116 1954 περὶ
1158 1867 1239 1936 τα
1284 1867 1677 1955 ἀφροδίσια;
1726 1868 1873 1938 Οὐκ
1895 1876 2039 1957 ἔχω,
2073 1862 2118 1958 ἦ
2146 1868 2209 1938 δ’
2247 1869 2341 1956 ὅς,

333 1970 497 2039 οὐδέ
521 1997 597 2056 γε
617 1974 1093 2057 μανικωτέραν.
1133 1967 1205 2037 Ὀ
1242 1972 1315 2036 δὲ
1352 1964 1562 2052 ὀρθὰς
1588 1973 1754 2053 ἔρως
1774 1971 2035 2056 πέφυκε
2060 1976 2343 2057 κοσμίου

330 2096 402 2138 τε
429 2073 538 2139 καὶ
561 2077 770 2137 καλοῦ
794 2069 1165 2153 σωφρόνως
1187 2094 1259 2135 τε
1291 2069 1397 2136 καὶ
1420 2075 1759 2157 μουσικῶς
1780 2071 1972 2160 ἐρᾷνς
1995 2072 2126 2138 Καὶ
2145 2069 2342 2157 μάλα,

329 2162 461 2256 ἧδ’
493 2168 589 2247 ὃς.
635 2166 855 2236 Οὐδὲν
893 2165 1024 2250 ἄρα
1056 2171 1491 2251 προσοιστέον
1524 2165 1810 2260 μανικὸν
1840 2167 2000 2236 οὐδὲ
2036 2171 2345 2255 ξυγγενὲς

248 2267 253 2272 ’
330 2265 684 2347 ἀκολασίας
708 2274 805 2356 τῷ
837 2263 1027 2355 ὀρθῷ
1069 2270 1294 2352 ἕρωτις
1342 2263 1446 2335 Οὐ
1482 2268 1934 2350 προσοιστέον.
1997 2265 2103 2336 Ού
2142 2293 2345 2349 προς-

259 2394 300 2444 Β
331 2367 589 2434 οιστέον
648 2365 776 2450 ἄρα
817 2362 985 2451 αὕτη
1048 2361 1090 2452 ἡ
1148 2362 1382 2451 ἡδονή,
1428 2364 1587 2434 οὐδὲ
1639 2370 2084 2452 κοινωνητέον
2137 2364 2345 2452 αὐτῆς

328 2470 572 2553 ἐραστῇ
607 2491 679 2532 τε
708 2466 817 2532 καὶ
848 2470 1175 2545 παιδικοῖς
1197 2463 1423 2552 ὀρθῶς
1456 2468 1661 2552 ἐρῶσί
1693 2491 1763 2532 τε
1805 2468 1915 2534 καὶ
1956 2468 2342 2552 ἐρωμένοις;

330 2564 434 2634 Ού
455 2569 702 2651 μέντοι,
733 2562 824 2651 μα
853 2563 993 2647 Δί’,
1017 2571 1165 2654 ἔφη,
1184 2559 1238 2633 ῶ
1257 2568 1634 2653 Σώκρατες,
1660 2570 2109 2652 προσοιστέον.
2144 2565 2343 2635 Οὕτω

328 2664 432 2749 δη’,
462 2660 550 2742 ὡς
580 2666 771 2748 ἔοικε,
803 2666 1276 2750 νομοθετήσεις
1311 2667 1385 2732 ἐν
1405 2671 1489 2752 τῇ
1519 2667 1888 2751 οἰκιζομένῃ
1908 2664 2098 2732 πόλει
2119 2674 2346 2749 φιλεῖν

327 2763 453 2846 μὲν
496 2763 604 2829 καὶ
655 2765 948 2841 ξυνεῖναι
992 2765 1100 2831 καὶ
1142 2761 1473 2830 ἅπτεσθαι
1517 2762 1737 2846 ὥσπερ
1781 2765 1961 2840 υἱέος
2014 2766 2342 2831 παιδικῶν

325 2858 631 2945 ἐραστήν,
657 2868 794 2927 τῶν
819 2867 1045 2927 καλῶν
1061 2862 1278 2948 χάριν,
1310 2858 1429 2927 ἐὰν
1453 2867 1688 2948 πείθῃ·
1735 2860 1815 2927 τα
1840 2857 1905 2926 δ’
1930 2857 2098 2928 ἄλλα
2127 2858 2345 2938 οὕτως

329 2955 582 3042 ὁμιλεῖν
610 2955 775 3041 πρὸς
795 2957 879 3025 ὅν
899 2985 998 3036 τις
1021 2956 1403 3040 σπουδάζοι,
1432 2954 1611 3036 ὅπως
1641 2961 1966 3044 μηδέποτε
2002 2958 2176 3037 δόξει
2213 2983 2345 3042 μα-

257 3054 611 3138 ρκρότερα
643 3057 901 3124 τούτων
933 3062 1438 3143 ξυγγίγνεσθαι·
1492 3065 1553 3126 εί
1593 3058 1667 3125 δὲ
1706 3056 1820 3144 μή,
1868 3055 2085 3141 ψόγον
2126 3053 2344 3140 ἄμου-

327 3159 474 3232 σίας
506 3154 615 3220 καὶ
649 3150 1116 3238 ἀπειροκαλίας
1149 3153 1498 3239 ὑφέξοντα.
1558 3153 1814 3241 Οὕτως,
1839 3160 1985 3241 ἔφη.
2022 3146 2163 3238 Αρ’
2191 3178 2340 3237 ουν,

321 3242 408 3335 ἦν
440 3247 502 3317 δ’
540 3251 701 3336 ἐγῶ,
726 3255 838 3321 καὶ
865 3254 969 3319 σοὶ
988 3257 1292 3335 φαίνεται
1314 3257 1498 3332 τέλος
1531 3250 1690 3337 ἡμῖν
1714 3256 1884 3338 ἔχειν
1919 3249 1955 3319 ὁ
1986 3255 2139 3335 περὶ
2170 3276 2346 3337 μου-

321 3355 511 3435 σικῆς
544 3350 774 3436 λόγοςς
820 3344 892 3418 οἷ
914 3357 1086 3435 γοῦν
1127 3354 1231 3418 δεῖ
1258 3358 1597 3439 τελευτᾳν,
1631 3351 2082 3437 τετελεύτηκε·
2128 3353 2237 3417 δεῖ
2269 3351 2347 3416 δέ

2571 1910 2587 2042 ΑᾼΔ
2575 1832 2587 1877 Α
