<?xml version="1.0" encoding="UTF-8"?>
<!DOCTYPE html PUBLIC "-//W3C//DTD XHTML 1.0 Transitional//EN"
    "http://www.w3.org/TR/xhtml1/DTD/xhtml1-transitional.dtd">
<html xmlns="http://www.w3.org/1999/xhtml" xml:lang="en" lang="en">
 <head>
  <title>
</title>
<meta http-equiv="Content-Type" content="text/html;charset=utf-8" />
  <meta name='ocr-system' content='tesseract 3.04.00' />
  <meta name='ocr-capabilities' content='ocr_page ocr_carea ocr_par ocr_line ocrx_word'/>
</head>
<body>
  <div class='ocr_page' id='page_1' title='image "./dialogisecundum07platgoog_0426.png"; bbox 0 0 2602 3928; ppageno 0'>
   <div class='ocr_carea' id='block_1_1' title="bbox 357 272 2377 337">
    <p class='ocr_par' dir='ltr' id='par_1_1' title="bbox 357 272 2377 337">
     <span class='ocr_line' id='line_1_1' title="bbox 357 272 2377 337; baseline -0.001 -1"><span class='ocrx_word' id='word_1_1' title='bbox 357 272 483 337; x_wconf 84' lang='lat'><strong><em>390</em></strong></span> <span class='ocrx_word' id='word_1_2' title='bbox 1094 272 1667 335; x_wconf 74' lang='grc' dir='ltr'><em>ΠΛΑΤΩΝΟΣ</em></span> <span class='ocrx_word' id='word_1_3' title='bbox 2303 282 2377 333; x_wconf 81' lang='lat'><strong><em>72</em></strong></span> 
     </span>
    </p>
   </div>
   <div class='ocr_carea' id='block_1_2' title="bbox 246 427 2380 3560">
    <p class='ocr_par' dir='ltr' id='par_1_2' title="bbox 246 427 2380 3560">
     <span class='ocr_line' id='line_1_2' title="bbox 358 427 2380 517; baseline 0 -16"><span class='ocrx_word' id='word_1_4' title='bbox 358 437 606 502; x_wconf 77' lang='grc' dir='ltr'><strong><em>θέσθαι</em></strong></span> <span class='ocrx_word' id='word_1_5' title='bbox 648 431 959 516; x_wconf 83' lang='grc' dir='ltr'><strong><em>τοῦνομα.</em></strong></span> <span class='ocrx_word' id='word_1_6' title='bbox 1008 436 1142 497; x_wconf 76' lang='grc' dir='ltr'><strong><em>πᾶν</em></strong></span> <span class='ocrx_word' id='word_1_7' title='bbox 1183 429 1254 497; x_wconf 73' lang='grc' dir='ltr'><strong><em>δὲ</em></strong></span> <span class='ocrx_word' id='word_1_8' title='bbox 1295 427 1376 515; x_wconf 82' lang='grc' dir='ltr'><strong><em>δὴ</em></strong></span> <span class='ocrx_word' id='word_1_9' title='bbox 1418 427 1493 496; x_wconf 91' lang='grc' dir='ltr'><strong><em>τό</em></strong></span> <span class='ocrx_word' id='word_1_10' title='bbox 1536 428 1596 497; x_wconf 90' lang='grc' dir='ltr'><strong><em>τ’</em></strong></span> <span class='ocrx_word' id='word_1_11' title='bbox 1643 435 1843 517; x_wconf 75' lang='grc' dir='ltr'><strong><em>ἔργον</em></strong></span> <span class='ocrx_word' id='word_1_12' title='bbox 1881 433 1991 498; x_wconf 78' lang='grc' dir='ltr'><strong><em>καὶ</em></strong></span> <span class='ocrx_word' id='word_1_13' title='bbox 2029 430 2104 499; x_wconf 81' lang='grc' dir='ltr'><strong><em>τὰ</em></strong></span> <span class='ocrx_word' id='word_1_14' title='bbox 2153 432 2380 514; x_wconf 81' lang='grc' dir='ltr'><em>πάθος</em></span> 
     </span>
     <span class='ocr_line' id='line_1_3' title="bbox 356 525 2378 620; baseline -0 -19"><span class='ocrx_word' id='word_1_15' title='bbox 356 531 557 601; x_wconf 83' lang='grc' dir='ltr'><strong><em>τοῦθ’</em></strong></span> <span class='ocrx_word' id='word_1_16' title='bbox 583 528 774 618; x_wconf 80' lang='grc' dir='ltr'><strong><em>ἡμῶν</em></strong></span> <span class='ocrx_word' id='word_1_17' title='bbox 793 536 890 620; x_wconf 71' lang='grc' dir='ltr'><strong><em>τῷ</em></strong></span> <span class='ocrx_word' id='word_1_18' title='bbox 913 529 1162 615; x_wconf 74' lang='grc' dir='ltr'><strong><em>σώματι</em></strong></span> <span class='ocrx_word' id='word_1_19' title='bbox 1183 533 1462 615; x_wconf 79' lang='grc' dir='ltr'><strong><em>γέγονεν</em></strong></span> <span class='ocrx_word' id='word_1_20' title='bbox 1497 525 1842 615; x_wconf 73' lang='grc' dir='ltr'><strong><em>ἄρδομένφ</em></strong></span> <span class='ocrx_word' id='word_1_21' title='bbox 1879 530 1991 597; x_wconf 87' lang='grc' dir='ltr'><strong><em>καὶ</em></strong></span> <span class='ocrx_word' id='word_1_22' title='bbox 2030 529 2378 618; x_wconf 81' lang='grc' dir='ltr'><strong><em>α’ναψυχο-</em></strong></span> 
     </span>
     <span class='ocr_line' id='line_1_4' title="bbox 355 623 2379 722; baseline -0 -22"><span class='ocrx_word' id='word_1_23' title='bbox 355 635 534 722; x_wconf 74' lang='grc' dir='ltr'><strong><em>μένφ</em></strong></span> <span class='ocrx_word' id='word_1_24' title='bbox 555 631 922 716; x_wconf 88' lang='grc' dir='ltr'><strong><em>τρέφεσθαι</em></strong></span> <span class='ocrx_word' id='word_1_25' title='bbox 961 629 1071 696; x_wconf 84' lang='grc' dir='ltr'><strong><em>καὶ</em></strong></span> <span class='ocrx_word' id='word_1_26' title='bbox 1106 633 1226 714; x_wconf 78' lang='grc' dir='ltr'><strong><em>ζῇν</em></strong></span> <span class='ocrx_word' id='word_1_27' title='bbox 1245 652 1258 665; x_wconf 90' lang='grc'><em>·</em></span> <span class='ocrx_word' id='word_1_28' title='bbox 1306 623 1557 694; x_wconf 82' lang='grc' dir='ltr'><strong><em>ὁπόταν</em></strong></span> <span class='ocrx_word' id='word_1_29' title='bbox 1588 626 1718 712; x_wconf 77' lang='grc' dir='ltr'><strong><em>γὰρ</em></strong></span> <span class='ocrx_word' id='word_1_30' title='bbox 1759 635 1915 695; x_wconf 78' lang='grc' dir='ltr'><strong><em>εἴσω</em></strong></span> <span class='ocrx_word' id='word_1_31' title='bbox 1950 633 2061 697; x_wconf 85' lang='grc' dir='ltr'><strong><em>καὶ</em></strong></span> <span class='ocrx_word' id='word_1_32' title='bbox 2104 633 2225 711; x_wconf 78' lang='grc' dir='ltr'><strong><em>ἔξω</em></strong></span> <span class='ocrx_word' id='word_1_33' title='bbox 2260 640 2379 718; x_wconf 80' lang='grc' dir='ltr'><strong><em>τῆς</em></strong></span> 
     </span>
     <span class='ocr_line' id='line_1_5' title="bbox 356 724 2373 816; baseline 0.001 -21"><span class='ocrx_word' id='word_1_34' title='bbox 356 728 696 813; x_wconf 77' lang='grc' dir='ltr'><strong><em>ἀναπνοῆς</em></strong></span> <span class='ocrx_word' id='word_1_35' title='bbox 714 725 940 812; x_wconf 80' lang='grc' dir='ltr'><strong><em>ἰούσης</em></strong></span> <span class='ocrx_word' id='word_1_36' title='bbox 967 724 1043 794; x_wconf 88' lang='grc' dir='ltr'>τό</span> <span class='ocrx_word' id='word_1_37' title='bbox 1068 732 1205 808; x_wconf 85' lang='grc' dir='ltr'><strong><em>πῦρ</em></strong></span> <span class='ocrx_word' id='word_1_38' title='bbox 1228 725 1414 804; x_wconf 78' lang='grc' dir='ltr'><strong><em>ἐντὸς</em></strong></span> <span class='ocrx_word' id='word_1_39' title='bbox 1435 729 1851 812; x_wconf 76' lang='grc' dir='ltr'><strong><em>ξυνημμένον</em></strong></span> <span class='ocrx_word' id='word_1_40' title='bbox 1874 727 2127 816; x_wconf 81' lang='grc' dir='ltr'><strong><em>ἕπηται,</em></strong></span> <span class='ocrx_word' id='word_1_41' title='bbox 2144 734 2373 798; x_wconf 85' lang='grc' dir='ltr'><strong><em>διαιω-</em></strong></span> 
     </span>
     <span class='ocr_line' id='line_1_6' title="bbox 246 823 2377 914; baseline 0.001 -18"><span class='ocrx_word' id='word_1_42' title='bbox 246 851 315 912; x_wconf 81' lang='lat'><strong><em>79</em></strong></span> <span class='ocrx_word' id='word_1_43' title='bbox 358 826 692 914; x_wconf 88' lang='grc' dir='ltr'><strong><em>ρούμενον</em></strong></span> <span class='ocrx_word' id='word_1_44' title='bbox 735 828 807 893; x_wconf 77' lang='grc' dir='ltr'><strong><em>δὲ</em></strong></span> <span class='ocrx_word' id='word_1_45' title='bbox 850 823 953 893; x_wconf 71' lang='grc' dir='ltr'><strong><em>ἀεὶ</em></strong></span> <span class='ocrx_word' id='word_1_46' title='bbox 995 823 1103 892; x_wconf 76' lang='grc' dir='ltr'><strong><em>διὰ</em></strong></span> <span class='ocrx_word' id='word_1_47' title='bbox 1145 832 1262 910; x_wconf 79' lang='grc' dir='ltr'><strong><em>τῆς</em></strong></span> <span class='ocrx_word' id='word_1_48' title='bbox 1300 831 1555 903; x_wconf 80' lang='grc' dir='ltr'><strong><em>κοιλίας</em></strong></span> <span class='ocrx_word' id='word_1_49' title='bbox 1593 824 1904 894; x_wconf 77' lang='grc' dir='ltr'><strong><em>εἰσελθὸν</em></strong></span> <span class='ocrx_word' id='word_1_50' title='bbox 1938 827 2021 896; x_wconf 77' lang='grc' dir='ltr'><strong><em>τὰ</em></strong></span> <span class='ocrx_word' id='word_1_51' title='bbox 2049 837 2220 897; x_wconf 85' lang='grc' dir='ltr'><strong><em>σιτία</em></strong></span> <span class='ocrx_word' id='word_1_52' title='bbox 2264 833 2377 898; x_wconf 81' lang='grc' dir='ltr'><strong><em>καὶ</em></strong></span> 
     </span>
     <span class='ocr_line' id='line_1_7' title="bbox 356 921 2378 1013; baseline 0 -18"><span class='ocrx_word' id='word_1_53' title='bbox 356 923 525 995; x_wconf 74' lang='grc' dir='ltr'><strong><em>ποτὰ</em></strong></span> <span class='ocrx_word' id='word_1_54' title='bbox 562 926 759 1013; x_wconf 75' lang='grc' dir='ltr'><strong><em>λάβῃ,</em></strong></span> <span class='ocrx_word' id='word_1_55' title='bbox 788 924 970 1011; x_wconf 84' lang='grc' dir='ltr'><strong><em>τήκει</em></strong></span> <span class='ocrx_word' id='word_1_56' title='bbox 993 923 1097 1010; x_wconf 79' lang='grc' dir='ltr'><strong><em>δή,</em></strong></span> <span class='ocrx_word' id='word_1_57' title='bbox 1127 924 1239 990; x_wconf 84' lang='grc' dir='ltr'><strong><em>καὶ</em></strong></span> <span class='ocrx_word' id='word_1_58' title='bbox 1268 921 1435 991; x_wconf 79' lang='grc' dir='ltr'><strong><em>κατὰ</em></strong></span> <span class='ocrx_word' id='word_1_59' title='bbox 1460 922 1704 1009; x_wconf 78' lang='grc' dir='ltr'><strong><em>σμικρὰ</em></strong></span> <span class='ocrx_word' id='word_1_60' title='bbox 1736 930 2061 1013; x_wconf 76' lang='grc' dir='ltr'><strong><em>διαιροῦν,</em></strong></span> <span class='ocrx_word' id='word_1_61' title='bbox 2099 929 2205 995; x_wconf 79' lang='grc' dir='ltr'><strong><em>διὰ</em></strong></span> <span class='ocrx_word' id='word_1_62' title='bbox 2237 936 2378 997; x_wconf 88' lang='grc' dir='ltr'><strong><em>τῶν</em></strong></span> 
     </span>
     <span class='ocr_line' id='line_1_8' title="bbox 355 1015 2378 1112; baseline 0 -19"><span class='ocrx_word' id='word_1_63' title='bbox 355 1026 603 1105; x_wconf 77' lang='grc' dir='ltr'><strong><em>ε’ξόδων</em></strong></span> <span class='ocrx_word' id='word_1_64' title='bbox 636 1015 807 1112; x_wconf 78' lang='grc' dir='ltr'><strong><em>ᾗπερ</em></strong></span> <span class='ocrx_word' id='word_1_65' title='bbox 840 1021 1194 1108; x_wconf 72' lang='grc' dir='ltr'><strong><em>πορεύεται</em></strong></span> <span class='ocrx_word' id='word_1_66' title='bbox 1226 1020 1482 1107; x_wconf 78' lang='grc' dir='ltr'><strong><em>διάγον,</em></strong></span> <span class='ocrx_word' id='word_1_67' title='bbox 1521 1020 1667 1090; x_wconf 86' lang='grc' dir='ltr'><strong><em>οἶον</em></strong></span> <span class='ocrx_word' id='word_1_68' title='bbox 1708 1026 1779 1090; x_wconf 81' lang='grc' dir='ltr'><strong><em>ἐκ</em></strong></span> <span class='ocrx_word' id='word_1_69' title='bbox 1806 1025 2053 1111; x_wconf 80' lang='grc' dir='ltr'><strong><em>κρήνης</em></strong></span> <span class='ocrx_word' id='word_1_70' title='bbox 2081 1024 2188 1094; x_wconf 83' lang='grc' dir='ltr'><strong><em>ἐπ’</em></strong></span> <span class='ocrx_word' id='word_1_71' title='bbox 2226 1023 2378 1111; x_wconf 80' lang='grc' dir='ltr'><strong><em>ὀχε-</em></strong></span> 
     </span>
     <span class='ocr_line' id='line_1_9' title="bbox 354 1117 2380 1209; baseline 0.001 -21"><span class='ocrx_word' id='word_1_72' title='bbox 354 1121 512 1201; x_wconf 76' lang='grc' dir='ltr'><strong><em>τούς</em></strong></span> <span class='ocrx_word' id='word_1_73' title='bbox 538 1124 642 1190; x_wconf 82' lang='grc' dir='ltr'><strong><em>ἐπὶ</em></strong></span> <span class='ocrx_word' id='word_1_74' title='bbox 661 1120 782 1201; x_wconf 78' lang='grc' dir='ltr'><strong><em>τὰς</em></strong></span> <span class='ocrx_word' id='word_1_75' title='bbox 814 1123 1066 1207; x_wconf 82' lang='grc' dir='ltr'><strong><em>φλέβας</em></strong></span> <span class='ocrx_word' id='word_1_76' title='bbox 1096 1117 1389 1188; x_wconf 78' lang='grc' dir='ltr'><strong><em>ἄντλοῦν</em></strong></span> <span class='ocrx_word' id='word_1_77' title='bbox 1420 1117 1611 1205; x_wconf 80' lang='grc' dir='ltr'><strong><em>αὐτά,</em></strong></span> <span class='ocrx_word' id='word_1_78' title='bbox 1646 1122 1789 1209; x_wconf 73' lang='grc' dir='ltr'><strong><em>ῥεῖν</em></strong></span> <span class='ocrx_word' id='word_1_79' title='bbox 1824 1120 2047 1209; x_wconf 76' lang='grc' dir='ltr'><strong><em>ὥσπερ</em></strong></span> <span class='ocrx_word' id='word_1_80' title='bbox 2074 1121 2380 1203; x_wconf 82' lang='grc' dir='ltr'><strong><em>αὐλῶνος</em></strong></span> 
     </span>
     <span class='ocr_line' id='line_1_10' title="bbox 356 1217 2067 1308; baseline 0 -19"><span class='ocrx_word' id='word_1_81' title='bbox 356 1220 463 1289; x_wconf 73' lang='grc' dir='ltr'><strong><em>διὰ</em></strong></span> <span class='ocrx_word' id='word_1_82' title='bbox 487 1228 610 1289; x_wconf 83' lang='grc' dir='ltr'><strong><em>τοῦ</em></strong></span> <span class='ocrx_word' id='word_1_83' title='bbox 642 1222 943 1306; x_wconf 73' lang='grc' dir='ltr'><strong><em>σώματος</em></strong></span> <span class='ocrx_word' id='word_1_84' title='bbox 975 1217 1058 1286; x_wconf 82' lang='grc' dir='ltr'><strong><em>τὰ</em></strong></span> <span class='ocrx_word' id='word_1_85' title='bbox 1086 1226 1223 1287; x_wconf 88' lang='grc' dir='ltr'><strong><em>τῶν</em></strong></span> <span class='ocrx_word' id='word_1_86' title='bbox 1251 1226 1522 1305; x_wconf 86' lang='grc' dir='ltr'><strong><em>φλεβῶν</em></strong></span> <span class='ocrx_word' id='word_1_87' title='bbox 1552 1233 1731 1288; x_wconf 77' lang='grc' dir='ltr'><strong><em>ποιεῖ</em></strong></span> <span class='ocrx_word' id='word_1_88' title='bbox 1757 1219 2067 1308; x_wconf 78' lang='grc' dir='ltr'><strong><em>ῥεύματα.</em></strong></span> 
     </span>
     <span class='ocr_line' id='line_1_11' title="bbox 521 1315 2378 1406; baseline 0.001 -20"><span class='ocrx_word' id='word_1_89' title='bbox 521 1324 736 1386; x_wconf 84' lang='lat' dir='ltr'>XXXV</span> <span class='ocrx_word' id='word_1_90' title='bbox 739 1323 783 1384; x_wconf 87' lang='grc' dir='ltr'><strong><em>Ι.</em></strong></span> <span class='ocrx_word' id='word_1_91' title='bbox 806 1317 1027 1385; x_wconf 82' lang='grc' dir='ltr'><strong><em>Πάλιν</em></strong></span> <span class='ocrx_word' id='word_1_92' title='bbox 1050 1316 1121 1385; x_wconf 69' lang='grc' dir='ltr'><strong><em>δὲ</em></strong></span> <span class='ocrx_word' id='word_1_93' title='bbox 1142 1315 1217 1385; x_wconf 84' lang='grc' dir='ltr'><strong><em>τὸ</em></strong></span> <span class='ocrx_word' id='word_1_94' title='bbox 1239 1325 1359 1404; x_wconf 83' lang='grc' dir='ltr'><strong><em>τῆς</em></strong></span> <span class='ocrx_word' id='word_1_95' title='bbox 1380 1315 1724 1405; x_wconf 80' lang='grc' dir='ltr'><strong><em>ἀναπνοῆς</em></strong></span> <span class='ocrx_word' id='word_1_96' title='bbox 1744 1322 1993 1405; x_wconf 72' lang='grc' dir='ltr'><strong><em>ἴδωμεν</em></strong></span> <span class='ocrx_word' id='word_1_97' title='bbox 2013 1318 2254 1406; x_wconf 78' lang='grc' dir='ltr'><strong><em>πάθος,</em></strong></span> <span class='ocrx_word' id='word_1_98' title='bbox 2271 1315 2378 1401; x_wconf 84' lang='grc' dir='ltr'><strong><em>αἶς</em></strong></span> 
     </span>
     <span class='ocr_line' id='line_1_12' title="bbox 352 1399 2372 1505; baseline 0 -21"><span class='ocrx_word' id='word_1_99' title='bbox 352 1416 700 1505; x_wconf 71' lang='grc' dir='ltr'><strong><em>χριόμενον</em></strong></span> <span class='ocrx_word' id='word_1_100' title='bbox 720 1421 954 1494; x_wconf 84' lang='grc' dir='ltr'><strong><em>αἰτίαις</em></strong></span> <span class='ocrx_word' id='word_1_101' title='bbox 971 1422 1281 1483; x_wconf 79' lang='grc' dir='ltr'><strong><em>τοιοῦτον</em></strong></span> <span class='ocrx_word' id='word_1_102' title='bbox 1299 1399 1600 1503; x_wconf 71' lang='grc' dir='ltr'><strong><em>γέγονεν,</em></strong></span> <span class='ocrx_word' id='word_1_103' title='bbox 1624 1411 1893 1503; x_wconf 78' lang='grc' dir='ltr'><strong><em>οἷόνπερ</em></strong></span> <span class='ocrx_word' id='word_1_104' title='bbox 1914 1417 1995 1484; x_wconf 73' lang='grc' dir='ltr'><strong><em>τὰ</em></strong></span> <span class='ocrx_word' id='word_1_105' title='bbox 2017 1425 2150 1484; x_wconf 87' lang='grc' dir='ltr'><strong><em>νῦν</em></strong></span> <span class='ocrx_word' id='word_1_106' title='bbox 2173 1421 2372 1485; x_wconf 83' lang='grc' dir='ltr'><strong><em>ἐστίν.</em></strong></span> 
     </span>
     <span class='ocr_line' id='line_1_13' title="bbox 281 1506 2375 1602; baseline -0 -18"><span class='ocrx_word' id='word_1_107' title='bbox 281 1536 322 1584; x_wconf 86' lang='grc' dir='ltr'>Β</span> <span class='ocrx_word' id='word_1_108' title='bbox 362 1506 481 1582; x_wconf 72' lang='grc' dir='ltr'><strong><em>ὧδ’</em></strong></span> <span class='ocrx_word' id='word_1_109' title='bbox 508 1507 654 1585; x_wconf 80' lang='grc' dir='ltr'><strong><em>οὖν.</em></strong></span> <span class='ocrx_word' id='word_1_110' title='bbox 702 1511 925 1599; x_wconf 77' lang='grc' dir='ltr'><strong><em>ἐπειδὴ</em></strong></span> <span class='ocrx_word' id='word_1_111' title='bbox 949 1511 1151 1581; x_wconf 83' lang='grc' dir='ltr'><strong><em>κενὸν</em></strong></span> <span class='ocrx_word' id='word_1_112' title='bbox 1184 1510 1388 1581; x_wconf 78' lang='grc' dir='ltr'><strong><em>οὐδέν</em></strong></span> <span class='ocrx_word' id='word_1_113' title='bbox 1421 1516 1619 1600; x_wconf 78' lang='grc' dir='ltr'><strong><em>ἐστιν,</em></strong></span> <span class='ocrx_word' id='word_1_114' title='bbox 1645 1520 1737 1593; x_wconf 88' lang='grc' dir='ltr'><strong><em>εἰς</em></strong></span> <span class='ocrx_word' id='word_1_115' title='bbox 1757 1510 1795 1582; x_wconf 75' lang='grc' dir='ltr'><em>ὃ</em></span> <span class='ocrx_word' id='word_1_116' title='bbox 1812 1521 1950 1581; x_wconf 87' lang='grc' dir='ltr'><strong><em>τῶν</em></strong></span> <span class='ocrx_word' id='word_1_117' title='bbox 1981 1517 2375 1602; x_wconf 78' lang='grc' dir='ltr'><strong><em>φερομένων</em></strong></span> 
     </span>
     <span class='ocr_line' id='line_1_14' title="bbox 353 1607 2375 1698; baseline 0 -18"><span class='ocrx_word' id='word_1_118' title='bbox 353 1610 611 1680; x_wconf 84' lang='grc' dir='ltr'><strong><em>δύναιτ’</em></strong></span> <span class='ocrx_word' id='word_1_119' title='bbox 640 1610 727 1679; x_wconf 74' lang='grc' dir='ltr'><strong><em>ἂν</em></strong></span> <span class='ocrx_word' id='word_1_120' title='bbox 748 1616 1077 1679; x_wconf 73' lang='grc' dir='ltr'><strong><em>εἰσελθεῖν</em></strong></span> <span class='ocrx_word' id='word_1_121' title='bbox 1095 1636 1179 1696; x_wconf 90' lang='grc' dir='ltr'><strong><em>τι,</em></strong></span> <span class='ocrx_word' id='word_1_122' title='bbox 1202 1607 1279 1678; x_wconf 80' lang='grc' dir='ltr'><strong><em>τὸ</em></strong></span> <span class='ocrx_word' id='word_1_123' title='bbox 1304 1614 1377 1677; x_wconf 80' lang='grc' dir='ltr'><strong><em>δὲ</em></strong></span> <span class='ocrx_word' id='word_1_124' title='bbox 1397 1616 1660 1697; x_wconf 80' lang='grc' dir='ltr'><strong><em>πνεῦμα</em></strong></span> <span class='ocrx_word' id='word_1_125' title='bbox 1682 1615 1950 1697; x_wconf 86' lang='grc' dir='ltr'><strong><em>φέρεται</em></strong></span> <span class='ocrx_word' id='word_1_126' title='bbox 1982 1610 2144 1696; x_wconf 86' lang='grc' dir='ltr'><strong><em>παρ’</em></strong></span> <span class='ocrx_word' id='word_1_127' title='bbox 2178 1610 2375 1698; x_wconf 80' lang='grc' dir='ltr'><strong><em>ἡμῶν</em></strong></span> 
     </span>
     <span class='ocr_line' id='line_1_15' title="bbox 352 1704 2375 1795; baseline -0.001 -17"><span class='ocrx_word' id='word_1_128' title='bbox 352 1714 496 1795; x_wconf 83' lang='grc' dir='ltr'><strong><em>ἔξω,</em></strong></span> <span class='ocrx_word' id='word_1_129' title='bbox 532 1707 607 1775; x_wconf 83' lang='grc' dir='ltr'><strong><em>τὰ</em></strong></span> <span class='ocrx_word' id='word_1_130' title='bbox 631 1704 794 1794; x_wconf 74' lang='grc' dir='ltr'><strong><em>μετὰ</em></strong></span> <span class='ocrx_word' id='word_1_131' title='bbox 828 1715 1025 1775; x_wconf 84' lang='grc' dir='ltr'><strong><em>τοῦτο</em></strong></span> <span class='ocrx_word' id='word_1_132' title='bbox 1058 1707 1186 1794; x_wconf 81' lang='grc' dir='ltr'><strong><em>ἤδη</em></strong></span> <span class='ocrx_word' id='word_1_133' title='bbox 1223 1711 1422 1775; x_wconf 85' lang='grc' dir='ltr'><strong><em>παντὶ</em></strong></span> <span class='ocrx_word' id='word_1_134' title='bbox 1456 1713 1682 1795; x_wconf 83' lang='grc' dir='ltr'><strong><em>δῆλον,</em></strong></span> <span class='ocrx_word' id='word_1_135' title='bbox 1721 1705 1811 1788; x_wconf 77' lang='grc' dir='ltr'><strong><em>ῶς</em></strong></span> <span class='ocrx_word' id='word_1_136' title='bbox 1845 1707 1972 1777; x_wconf 81' lang='grc' dir='ltr'><strong><em>οὐκ</em></strong></span> <span class='ocrx_word' id='word_1_137' title='bbox 2013 1716 2106 1790; x_wconf 90' lang='grc' dir='ltr'><strong><em>εἰς</em></strong></span> <span class='ocrx_word' id='word_1_138' title='bbox 2145 1709 2375 1793; x_wconf 86' lang='grc' dir='ltr'><strong><em>κενόν,</em></strong></span> 
     </span>
     <span class='ocr_line' id='line_1_16' title="bbox 354 1803 2375 1892; baseline -0.001 -18"><span class='ocrx_word' id='word_1_139' title='bbox 354 1803 523 1874; x_wconf 87' lang='grc' dir='ltr'><strong><em>αλλα</em></strong></span> <span class='ocrx_word' id='word_1_140' title='bbox 568 1804 644 1872; x_wconf 81' lang='grc' dir='ltr'><strong><em>τὸ</em></strong></span> <span class='ocrx_word' id='word_1_141' title='bbox 688 1810 972 1892; x_wconf 85' lang='grc' dir='ltr'><strong><em>πλησίον</em></strong></span> <span class='ocrx_word' id='word_1_142' title='bbox 1015 1807 1088 1873; x_wconf 82' lang='grc' dir='ltr'><strong><em>ἐκ</em></strong></span> <span class='ocrx_word' id='word_1_143' title='bbox 1129 1811 1245 1891; x_wconf 86' lang='grc' dir='ltr'><strong><em>τῆς</em></strong></span> <span class='ocrx_word' id='word_1_144' title='bbox 1274 1806 1471 1890; x_wconf 87' lang='grc' dir='ltr'><strong><em>εδρας</em></strong></span> <span class='ocrx_word' id='word_1_145' title='bbox 1505 1804 1699 1875; x_wconf 84' lang='grc' dir='ltr'><strong><em>ωθεῖ·</em></strong></span> <span class='ocrx_word' id='word_1_146' title='bbox 1743 1806 1819 1874; x_wconf 81' lang='grc' dir='ltr'><strong><em>τὸ</em></strong></span> <span class='ocrx_word' id='word_1_147' title='bbox 1867 1806 1933 1874; x_wconf 87' lang='grc' dir='ltr'><strong><em>δ’</em></strong></span> <span class='ocrx_word' id='word_1_148' title='bbox 1972 1803 2375 1892; x_wconf 80' lang='grc' dir='ltr'><strong><em>ῶθούμενον</em></strong></span> 
     </span>
     <span class='ocr_line' id='line_1_17' title="bbox 352 1901 2377 2011; baseline 0 -39"><span class='ocrx_word' id='word_1_149' title='bbox 352 1903 687 1985; x_wconf 81' lang='grc' dir='ltr'><strong><em>ἐξελαύνει</em></strong></span> <span class='ocrx_word' id='word_1_150' title='bbox 706 1902 782 1972; x_wconf 82' lang='grc' dir='ltr'><strong><em>τὸ</em></strong></span> <span class='ocrx_word' id='word_1_151' title='bbox 812 1912 1094 1991; x_wconf 81' lang='grc' dir='ltr'><strong><em>πλησίον</em></strong></span> <span class='ocrx_word' id='word_1_152' title='bbox 1126 1901 1251 1990; x_wconf 79' lang='grc' dir='ltr'><strong><em>ἀεί,</em></strong></span> <span class='ocrx_word' id='word_1_153' title='bbox 1285 1908 1397 1996; x_wconf 83' lang='grc' dir='ltr'><strong><em>καὶ</em></strong></span> <span class='ocrx_word' id='word_1_154' title='bbox 1430 1931 1599 1973; x_wconf 88' lang='grc' dir='ltr'><strong><em>κατα</em></strong></span> <span class='ocrx_word' id='word_1_155' title='bbox 1633 1904 1883 1993; x_wconf 88' lang='grc' dir='ltr'><strong><em>ταύτην</em></strong></span> <span class='ocrx_word' id='word_1_156' title='bbox 1915 1903 2040 1993; x_wconf 80' lang='grc' dir='ltr'><strong><em>τὴν</em></strong></span> <span class='ocrx_word' id='word_1_157' title='bbox 2072 1903 2377 2011; x_wconf 76' lang='grc' dir='ltr'><strong><em>ἄναγκην</em></strong></span> 
     </span>
     <span class='ocr_line' id='line_1_18' title="bbox 354 1989 2373 2091; baseline 0 -20"><span class='ocrx_word' id='word_1_158' title='bbox 354 2011 491 2071; x_wconf 78' lang='grc' dir='ltr'><strong><em>πᾶν</em></strong></span> <span class='ocrx_word' id='word_1_159' title='bbox 549 2003 1157 2089; x_wconf 80' lang='grc' dir='ltr'><strong><em>περιελαυνόμενον</em></strong></span> <span class='ocrx_word' id='word_1_160' title='bbox 1200 2008 1292 2081; x_wconf 92' lang='grc' dir='ltr'><strong><em>εἰς</em></strong></span> <span class='ocrx_word' id='word_1_161' title='bbox 1334 1999 1459 2089; x_wconf 82' lang='grc' dir='ltr'><strong><em>τὴν</em></strong></span> <span class='ocrx_word' id='word_1_162' title='bbox 1510 2005 1734 2091; x_wconf 81' lang='grc' dir='ltr'><strong><em>ἕδραν,</em></strong></span> <span class='ocrx_word' id='word_1_163' title='bbox 1790 2003 1958 2072; x_wconf 81' lang='grc' dir='ltr'><strong><em>ὅθεν</em></strong></span> <span class='ocrx_word' id='word_1_164' title='bbox 2010 2006 2245 2089; x_wconf 78' lang='grc' dir='ltr'><strong><em>ἐξῆλθε</em></strong></span> <span class='ocrx_word' id='word_1_165' title='bbox 2297 1989 2373 2071; x_wconf 75' lang='grc' dir='ltr'><strong><em>το</em></strong></span> 
     </span>
     <span class='ocr_line' id='line_1_19' title="bbox 353 2098 2370 2189; baseline -0 -21"><span class='ocrx_word' id='word_1_166' title='bbox 353 2110 638 2187; x_wconf 86' lang='grc' dir='ltr'><strong><em>πνεῦμα,</em></strong></span> <span class='ocrx_word' id='word_1_167' title='bbox 677 2101 887 2170; x_wconf 87' lang='grc' dir='ltr'><strong><em>εἰσιὸν</em></strong></span> <span class='ocrx_word' id='word_1_168' title='bbox 924 2105 1134 2170; x_wconf 79' lang='grc' dir='ltr'><strong><em>ἐκεῖσε</em></strong></span> <span class='ocrx_word' id='word_1_169' title='bbox 1162 2104 1274 2170; x_wconf 82' lang='grc' dir='ltr'><strong><em>καὶ</em></strong></span> <span class='ocrx_word' id='word_1_170' title='bbox 1313 2098 1747 2189; x_wconf 83' lang='grc' dir='ltr'><strong><em>αναπληροῦν</em></strong></span> <span class='ocrx_word' id='word_1_171' title='bbox 1781 2098 1995 2188; x_wconf 79' lang='grc' dir='ltr'><strong><em>αὐτὴν</em></strong></span> <span class='ocrx_word' id='word_1_172' title='bbox 2015 2104 2370 2182; x_wconf 77' lang='grc' dir='ltr'><strong><em>ξυνέπεται</em></strong></span> 
     </span>
     <span class='ocr_line' id='line_1_20' title="bbox 355 2195 2375 2289; baseline 0.001 -24"><span class='ocrx_word' id='word_1_173' title='bbox 355 2208 449 2289; x_wconf 73' lang='grc' dir='ltr'><strong><em>τῷ</em></strong></span> <span class='ocrx_word' id='word_1_174' title='bbox 472 2200 816 2286; x_wconf 84' lang='grc' dir='ltr'><strong><em>πνεύματι,</em></strong></span> <span class='ocrx_word' id='word_1_175' title='bbox 839 2202 950 2269; x_wconf 84' lang='grc' dir='ltr'><strong><em>καὶ</em></strong></span> <span class='ocrx_word' id='word_1_176' title='bbox 970 2207 1169 2269; x_wconf 87' lang='grc' dir='ltr'><strong><em>τοῦτο</em></strong></span> <span class='ocrx_word' id='word_1_177' title='bbox 1193 2226 1332 2286; x_wconf 88' lang='grc' dir='ltr'><strong><em>αμα</em></strong></span> <span class='ocrx_word' id='word_1_178' title='bbox 1352 2207 1490 2266; x_wconf 82' lang='grc' dir='ltr'><strong><em>πᾶν</em></strong></span> <span class='ocrx_word' id='word_1_179' title='bbox 1522 2195 1667 2269; x_wconf 85' lang='grc' dir='ltr'><strong><em>οἷον</em></strong></span> <span class='ocrx_word' id='word_1_180' title='bbox 1699 2207 1942 2289; x_wconf 78' lang='grc' dir='ltr'><strong><em>τροχοῦ</em></strong></span> <span class='ocrx_word' id='word_1_181' title='bbox 1975 2203 2375 2286; x_wconf 78' lang='grc' dir='ltr'><strong><em>περιαγομέ·</em></strong></span> 
     </span>
     <span class='ocr_line' id='line_1_21' title="bbox 276 2294 2379 2383; baseline 0 -20"><span class='ocrx_word' id='word_1_182' title='bbox 276 2323 317 2377; x_wconf 73' lang='lat' dir='ltr'><strong>c</strong></span> <span class='ocrx_word' id='word_1_183' title='bbox 354 2322 481 2363; x_wconf 89' lang='grc' dir='ltr'><strong><em>νου</em></strong></span> <span class='ocrx_word' id='word_1_184' title='bbox 499 2303 794 2382; x_wconf 78' lang='grc' dir='ltr'><strong><em>γίγνεται</em></strong></span> <span class='ocrx_word' id='word_1_185' title='bbox 815 2295 923 2364; x_wconf 77' lang='grc' dir='ltr'><strong><em>διὰ</em></strong></span> <span class='ocrx_word' id='word_1_186' title='bbox 943 2296 1018 2364; x_wconf 82' lang='grc' dir='ltr'><strong><em>τὸ</em></strong></span> <span class='ocrx_word' id='word_1_187' title='bbox 1043 2294 1242 2365; x_wconf 79' lang='grc' dir='ltr'><strong><em>κενὸν</em></strong></span> <span class='ocrx_word' id='word_1_188' title='bbox 1265 2296 1476 2382; x_wconf 73' lang='grc' dir='ltr'><strong><em>μηδὲν</em></strong></span> <span class='ocrx_word' id='word_1_189' title='bbox 1497 2295 1684 2364; x_wconf 82' lang='grc' dir='ltr'><strong><em>εἶναι.</em></strong></span> <span class='ocrx_word' id='word_1_190' title='bbox 1726 2294 1827 2365; x_wconf 82' lang='grc' dir='ltr'><strong><em>διὸ</em></strong></span> <span class='ocrx_word' id='word_1_191' title='bbox 1853 2295 1936 2382; x_wconf 83' lang='grc' dir='ltr'><strong><em>δὴ</em></strong></span> <span class='ocrx_word' id='word_1_192' title='bbox 1956 2295 2031 2365; x_wconf 78' lang='grc' dir='ltr'><strong><em>τὸ</em></strong></span> <span class='ocrx_word' id='word_1_193' title='bbox 2055 2303 2191 2364; x_wconf 84' lang='grc' dir='ltr'><strong><em>τῶν</em></strong></span> <span class='ocrx_word' id='word_1_194' title='bbox 2211 2315 2379 2383; x_wconf 78' lang='grc' dir='ltr'><strong><em>στη-</em></strong></span> 
     </span>
     <span class='ocr_line' id='line_1_22' title="bbox 353 2389 2371 2481; baseline 0 -19"><span class='ocrx_word' id='word_1_195' title='bbox 353 2403 504 2463; x_wconf 90' lang='grc' dir='ltr'><strong><em>θῶν</em></strong></span> <span class='ocrx_word' id='word_1_196' title='bbox 525 2396 636 2463; x_wconf 84' lang='grc' dir='ltr'><strong><em>καὶ</em></strong></span> <span class='ocrx_word' id='word_1_197' title='bbox 661 2394 786 2461; x_wconf 74' lang='grc' dir='ltr'><strong><em>τοῦ</em></strong></span> <span class='ocrx_word' id='word_1_198' title='bbox 807 2395 1182 2481; x_wconf 84' lang='grc' dir='ltr'><strong><em>πλεύμονος</em></strong></span> <span class='ocrx_word' id='word_1_199' title='bbox 1200 2398 1323 2474; x_wconf 81' lang='grc' dir='ltr'><strong><em>ἔξω</em></strong></span> <span class='ocrx_word' id='word_1_200' title='bbox 1347 2395 1582 2480; x_wconf 75' lang='grc' dir='ltr'><strong><em>μεθιὲν</em></strong></span> <span class='ocrx_word' id='word_1_201' title='bbox 1600 2392 1677 2462; x_wconf 83' lang='grc' dir='ltr'><strong><em>τὸ</em></strong></span> <span class='ocrx_word' id='word_1_202' title='bbox 1700 2400 1965 2480; x_wconf 79' lang='grc' dir='ltr'><strong><em>πνεῦμα</em></strong></span> <span class='ocrx_word' id='word_1_203' title='bbox 1999 2394 2201 2461; x_wconf 79' lang='grc' dir='ltr'><strong><em>πάλιν</em></strong></span> <span class='ocrx_word' id='word_1_204' title='bbox 2234 2389 2371 2462; x_wconf 80' lang='grc' dir='ltr'><strong><em>ὑπὸ</em></strong></span> 
     </span>
     <span class='ocr_line' id='line_1_23' title="bbox 348 2489 2376 2579; baseline -0.002 -18"><span class='ocrx_word' id='word_1_205' title='bbox 348 2499 475 2561; x_wconf 80' lang='grc' dir='ltr'><strong><em>τοῦ</em></strong></span> <span class='ocrx_word' id='word_1_206' title='bbox 497 2491 739 2575; x_wconf 81' lang='grc' dir='ltr'><strong><em>περὶτὰ</em></strong></span> <span class='ocrx_word' id='word_1_207' title='bbox 766 2500 956 2579; x_wconf 86' lang='grc' dir='ltr'><strong><em>σῶμα</em></strong></span> <span class='ocrx_word' id='word_1_208' title='bbox 978 2489 1194 2578; x_wconf 77' lang='grc' dir='ltr'><strong><em>ἀέρος,</em></strong></span> <span class='ocrx_word' id='word_1_209' title='bbox 1210 2501 1367 2560; x_wconf 78' lang='grc' dir='ltr'><strong><em>εἴσω</em></strong></span> <span class='ocrx_word' id='word_1_210' title='bbox 1390 2492 1498 2560; x_wconf 79' lang='grc' dir='ltr'><strong><em>διὰ</em></strong></span> <span class='ocrx_word' id='word_1_211' title='bbox 1519 2500 1751 2578; x_wconf 85' lang='grc' dir='ltr'><strong><em>μανῶν</em></strong></span> <span class='ocrx_word' id='word_1_212' title='bbox 1770 2501 1909 2561; x_wconf 86' lang='grc' dir='ltr'><strong><em>τῶν</em></strong></span> <span class='ocrx_word' id='word_1_213' title='bbox 1928 2497 2201 2577; x_wconf 81' lang='grc' dir='ltr'><strong><em>σαρκῶν</em></strong></span> <span class='ocrx_word' id='word_1_214' title='bbox 2220 2495 2376 2558; x_wconf 86' lang='grc' dir='ltr'><strong><em>δυο-</em></strong></span> 
     </span>
     <span class='ocr_line' id='line_1_24' title="bbox 350 2580 2377 2676; baseline -0.001 -18"><span class='ocrx_word' id='word_1_215' title='bbox 350 2592 559 2676; x_wconf 87' lang='grc' dir='ltr'><strong><em>μένου</em></strong></span> <span class='ocrx_word' id='word_1_216' title='bbox 590 2590 702 2659; x_wconf 83' lang='grc' dir='ltr'><strong><em>καὶ</em></strong></span> <span class='ocrx_word' id='word_1_217' title='bbox 742 2593 1371 2676; x_wconf 84' lang='grc' dir='ltr'><strong><em>περιελαυνομένου,</em></strong></span> <span class='ocrx_word' id='word_1_218' title='bbox 1406 2595 1699 2675; x_wconf 69' lang='grc' dir='ltr'><strong><em>γίγνεται</em></strong></span> <span class='ocrx_word' id='word_1_219' title='bbox 1730 2596 1998 2676; x_wconf 78' lang='grc' dir='ltr'><strong><em>πλῆρες·</em></strong></span> <span class='ocrx_word' id='word_1_220' title='bbox 2058 2580 2260 2666; x_wconf 77' lang='grc' dir='ltr'><strong><em>αὖθις</em></strong></span> <span class='ocrx_word' id='word_1_221' title='bbox 2301 2587 2377 2656; x_wconf 76' lang='grc' dir='ltr'><strong><em>δὲ</em></strong></span> 
     </span>
     <span class='ocr_line' id='line_1_25' title="bbox 351 2684 2377 2779; baseline -0.003 -18"><span class='ocrx_word' id='word_1_222' title='bbox 351 2688 890 2779; x_wconf 77' lang='grc' dir='ltr'><strong><em>ἀποτρεπόμενος</em></strong></span> <span class='ocrx_word' id='word_1_223' title='bbox 924 2685 960 2757; x_wconf 84' lang='grc' dir='ltr'>ὁ</span> <span class='ocrx_word' id='word_1_224' title='bbox 985 2687 1113 2777; x_wconf 72' lang='grc' dir='ltr'><strong><em>ἀὴρ</em></strong></span> <span class='ocrx_word' id='word_1_225' title='bbox 1143 2692 1253 2757; x_wconf 86' lang='grc' dir='ltr'><strong><em>καὶ</em></strong></span> <span class='ocrx_word' id='word_1_226' title='bbox 1286 2688 1395 2757; x_wconf 78' lang='grc' dir='ltr'><strong><em>διὰ</em></strong></span> <span class='ocrx_word' id='word_1_227' title='bbox 1430 2696 1552 2757; x_wconf 85' lang='grc' dir='ltr'><strong><em>τοῦ</em></strong></span> <span class='ocrx_word' id='word_1_228' title='bbox 1586 2689 1887 2776; x_wconf 73' lang='grc' dir='ltr'><strong><em>σώματος</em></strong></span> <span class='ocrx_word' id='word_1_229' title='bbox 1909 2692 2031 2767; x_wconf 75' lang='grc' dir='ltr'><strong><em>ἔξω</em></strong></span> <span class='ocrx_word' id='word_1_230' title='bbox 2067 2684 2191 2755; x_wconf 78' lang='grc' dir='ltr'><strong><em>ἰῶν</em></strong></span> <span class='ocrx_word' id='word_1_231' title='bbox 2209 2696 2377 2754; x_wconf 75' lang='grc' dir='ltr'><strong><em>εἴσω</em></strong></span> 
     </span>
     <span class='ocr_line' id='line_1_26' title="bbox 351 2781 2376 2910; baseline -0.004 -52"><span class='ocrx_word' id='word_1_232' title='bbox 351 2790 475 2910; x_wconf 44' lang='lat' dir='ltr'><em>qu</em></span> <span class='ocrx_word' id='word_1_233' title='bbox 497 2786 848 2875; x_wconf 79' lang='grc' dir='ltr'><strong><em>αναπνοὴν</em></strong></span> <span class='ocrx_word' id='word_1_234' title='bbox 876 2797 1202 2875; x_wconf 78' lang='grc' dir='ltr'><strong><em>περιωθεῖ</em></strong></span> <span class='ocrx_word' id='word_1_235' title='bbox 1228 2813 1398 2856; x_wconf 82' lang='grc' dir='ltr'><strong><em>κατα</em></strong></span> <span class='ocrx_word' id='word_1_236' title='bbox 1431 2814 1558 2874; x_wconf 89' lang='grc' dir='ltr'><strong><em>την</em></strong></span> <span class='ocrx_word' id='word_1_237' title='bbox 1595 2794 1718 2853; x_wconf 83' lang='grc' dir='ltr'><strong><em>τοῦ</em></strong></span> <span class='ocrx_word' id='word_1_238' title='bbox 1755 2785 2075 2872; x_wconf 88' lang='grc' dir='ltr'><strong><em>στόματος</em></strong></span> <span class='ocrx_word' id='word_1_239' title='bbox 2108 2785 2218 2851; x_wconf 84' lang='grc' dir='ltr'><strong><em>καὶ</em></strong></span> <span class='ocrx_word' id='word_1_240' title='bbox 2249 2781 2376 2868; x_wconf 84' lang='grc' dir='ltr'><strong><em>τὴν</em></strong></span> 
     </span>
     <span class='ocr_line' id='line_1_27' title="bbox 351 2878 2377 2975; baseline -0.004 -18"><span class='ocrx_word' id='word_1_241' title='bbox 351 2895 489 2957; x_wconf 90' lang='grc' dir='ltr'><strong><em>τῶν</em></strong></span> <span class='ocrx_word' id='word_1_242' title='bbox 523 2888 882 2975; x_wconf 79' lang='grc' dir='ltr'><strong><em>μυκτήρων</em></strong></span> <span class='ocrx_word' id='word_1_243' title='bbox 928 2891 1171 2956; x_wconf 82' lang='grc' dir='ltr'><strong><em>δίοδον.</em></strong></span> <span class='ocrx_word' id='word_1_244' title='bbox 1216 2885 1344 2973; x_wconf 81' lang='grc' dir='ltr'><strong><em>τὴν</em></strong></span> <span class='ocrx_word' id='word_1_245' title='bbox 1380 2886 1453 2954; x_wconf 75' lang='grc' dir='ltr'><strong><em>δὲ</em></strong></span> <span class='ocrx_word' id='word_1_246' title='bbox 1496 2891 1711 2954; x_wconf 88' lang='grc' dir='ltr'><strong><em>αἰτίαν</em></strong></span> <span class='ocrx_word' id='word_1_247' title='bbox 1753 2889 1869 2970; x_wconf 79' lang='grc' dir='ltr'><strong><em>τῆς</em></strong></span> <span class='ocrx_word' id='word_1_248' title='bbox 1906 2882 2110 2969; x_wconf 79' lang='grc' dir='ltr'><strong><em>αρχῆς</em></strong></span> <span class='ocrx_word' id='word_1_249' title='bbox 2147 2878 2377 2949; x_wconf 78' lang='grc' dir='ltr'><strong><em>αὐτῶν</em></strong></span> 
     </span>
     <span class='ocr_line' id='line_1_28' title="bbox 268 2973 2373 3071; baseline -0.004 -19"><span class='ocrx_word' id='word_1_250' title='bbox 268 3006 313 3058; x_wconf 81' lang='lat'><strong><em>1)</em></strong></span> <span class='ocrx_word' id='word_1_251' title='bbox 358 2987 595 3052; x_wconf 84' lang='grc' dir='ltr'><strong><em>θετέον</em></strong></span> <span class='ocrx_word' id='word_1_252' title='bbox 615 2985 846 3071; x_wconf 86' lang='grc' dir='ltr'><strong><em>τήνδε·</em></strong></span> <span class='ocrx_word' id='word_1_253' title='bbox 892 2992 1030 3052; x_wconf 79' lang='grc' dir='ltr'><strong><em>πᾶν</em></strong></span> <span class='ocrx_word' id='word_1_254' title='bbox 1057 2984 1281 3065; x_wconf 70' lang='grc' dir='ltr'><strong><em>ζῶον”</em></strong></span> <span class='ocrx_word' id='word_1_255' title='bbox 1246 2990 1490 3051; x_wconf 83' lang='grc' dir='ltr'><strong><em>εαυτοῦ</em></strong></span> <span class='ocrx_word' id='word_1_256' title='bbox 1514 2981 1750 3061; x_wconf 77' lang='grc' dir='ltr'><strong><em>τᾶντός</em></strong></span> <span class='ocrx_word' id='word_1_257' title='bbox 1781 2984 1931 3064; x_wconf 85' lang='grc' dir='ltr'><strong><em>περὶ</em></strong></span> <span class='ocrx_word' id='word_1_258' title='bbox 1963 2978 2039 3048; x_wconf 84' lang='grc' dir='ltr'><strong><em>τὸ</em></strong></span> <span class='ocrx_word' id='word_1_259' title='bbox 2069 2973 2228 3065; x_wconf 84' lang='grc' dir='ltr'><strong><em>αἷμα</em></strong></span> <span class='ocrx_word' id='word_1_260' title='bbox 2262 2980 2373 3044; x_wconf 73' lang='grc' dir='ltr'><strong><em>καὶ</em></strong></span> 
     </span>
     <span class='ocr_line' id='line_1_29' title="bbox 352 3076 2375 3195; baseline -0.004 -46"><span class='ocrx_word' id='word_1_261' title='bbox 352 3080 469 3161; x_wconf 75' lang='grc' dir='ltr'><strong><em>τὰς</em></strong></span> <span class='ocrx_word' id='word_1_262' title='bbox 499 3086 748 3169; x_wconf 83' lang='grc' dir='ltr'><strong><em>φλέβας</em></strong></span> <span class='ocrx_word' id='word_1_263' title='bbox 786 3082 1167 3171; x_wconf 87' lang='grc' dir='ltr'><strong><em>θερμότατα</em></strong></span> <span class='ocrx_word' id='word_1_264' title='bbox 1211 3087 1360 3168; x_wconf 81' lang='grc' dir='ltr'><strong><em>ἔχει,</em></strong></span> <span class='ocrx_word' id='word_1_265' title='bbox 1406 3076 1550 3150; x_wconf 82' lang='grc' dir='ltr'><strong><em>οἷον</em></strong></span> <span class='ocrx_word' id='word_1_266' title='bbox 1592 3083 1667 3147; x_wconf 77' lang='grc' dir='ltr'><strong><em>έν</em></strong></span> <span class='ocrx_word' id='word_1_267' title='bbox 1706 3079 1935 3195; x_wconf 33' lang='grc' dir='ltr'><strong><em>ἑαυτῷ*</em></strong></span> <span class='ocrx_word' id='word_1_268' title='bbox 1960 3076 2181 3164; x_wconf 75' lang='grc' dir='ltr'><strong><em>πηγήν</em></strong></span> <span class='ocrx_word' id='word_1_269' title='bbox 2222 3101 2375 3143; x_wconf 90' lang='grc' dir='ltr'><strong><em>τινα</em></strong></span> 
     </span>
     <span class='ocr_line' id='line_1_30' title="bbox 357 3174 2373 3266; baseline -0.004 -19"><span class='ocrx_word' id='word_1_270' title='bbox 357 3183 648 3247; x_wconf 81' lang='grc' dir='ltr'><strong><em>ἐνοῦσαν</em></strong></span> <span class='ocrx_word' id='word_1_271' title='bbox 670 3180 914 3262; x_wconf 86' lang='grc' dir='ltr'><strong><em>πυρός·</em></strong></span> <span class='ocrx_word' id='word_1_272' title='bbox 961 3177 999 3248; x_wconf 79' lang='grc' dir='ltr'>ὃ</span> <span class='ocrx_word' id='word_1_273' title='bbox 1033 3181 1113 3266; x_wconf 85' lang='grc' dir='ltr'><strong><em>δὴ</em></strong></span> <span class='ocrx_word' id='word_1_274' title='bbox 1152 3180 1262 3247; x_wconf 84' lang='grc' dir='ltr'><strong><em>καὶ</em></strong></span> <span class='ocrx_word' id='word_1_275' title='bbox 1292 3178 1811 3264; x_wconf 79' lang='grc' dir='ltr'><strong><em>προσεικάζομεν</em></strong></span> <span class='ocrx_word' id='word_1_276' title='bbox 1841 3181 1935 3265; x_wconf 73' lang='grc' dir='ltr'><strong><em>τῷ</em></strong></span> <span class='ocrx_word' id='word_1_277' title='bbox 1969 3180 2091 3245; x_wconf 79' lang='grc' dir='ltr'><strong><em>τοῦ</em></strong></span> <span class='ocrx_word' id='word_1_278' title='bbox 2115 3174 2373 3257; x_wconf 81' lang='grc' dir='ltr'><strong><em>κύρτου</em></strong></span> 
     </span>
     <span class='ocr_line' id='line_1_31' title="bbox 361 3272 2375 3364; baseline -0.003 -21"><span class='ocrx_word' id='word_1_279' title='bbox 361 3281 700 3361; x_wconf 74' lang='grc' dir='ltr'><strong><em>πλέγματι,</em></strong></span> <span class='ocrx_word' id='word_1_280' title='bbox 723 3279 890 3345; x_wconf 83' lang='grc' dir='ltr'><strong><em>κατὰ</em></strong></span> <span class='ocrx_word' id='word_1_281' title='bbox 915 3282 1121 3364; x_wconf 87' lang='grc' dir='ltr'><strong><em>μέσον</em></strong></span> <span class='ocrx_word' id='word_1_282' title='bbox 1157 3279 1624 3362; x_wconf 85' lang='grc' dir='ltr'><strong><em>διατεταμένον</em></strong></span> <span class='ocrx_word' id='word_1_283' title='bbox 1656 3279 1729 3344; x_wconf 73' lang='grc' dir='ltr'><strong><em>ἐκ</em></strong></span> <span class='ocrx_word' id='word_1_284' title='bbox 1759 3272 1974 3360; x_wconf 78' lang='grc' dir='ltr'><strong><em>πυρὸς</em></strong></span> <span class='ocrx_word' id='word_1_285' title='bbox 2007 3273 2375 3356; x_wconf 85' lang='grc' dir='ltr'><strong><em>πεπλέχθαι</em></strong></span> 
     </span>
     <span class='ocr_line' id='line_1_32' title="bbox 358 3367 2375 3462; baseline -0.002 -23"><span class='ocrx_word' id='word_1_286' title='bbox 358 3383 517 3458; x_wconf 77' lang='grc' dir='ltr'><strong><em>πᾶν,</em></strong></span> <span class='ocrx_word' id='word_1_287' title='bbox 553 3371 633 3438; x_wconf 76' lang='grc' dir='ltr'><strong><em>τὰ</em></strong></span> <span class='ocrx_word' id='word_1_288' title='bbox 657 3373 728 3442; x_wconf 70' lang='grc' dir='ltr'><strong><em>δὲ</em></strong></span> <span class='ocrx_word' id='word_1_289' title='bbox 753 3372 941 3460; x_wconf 74' lang='grc' dir='ltr'><strong><em>ἄλλα,</em></strong></span> <span class='ocrx_word' id='word_1_290' title='bbox 967 3374 1091 3442; x_wconf 81' lang='grc' dir='ltr'><strong><em>ὅσα</em></strong></span> <span class='ocrx_word' id='word_1_291' title='bbox 1128 3380 1401 3461; x_wconf 79' lang='grc' dir='ltr'><strong><em>ἔξωθεν,</em></strong></span> <span class='ocrx_word' id='word_1_292' title='bbox 1438 3373 1648 3462; x_wconf 74' lang='grc' dir='ltr'><strong><em>ἀέρος.</em></strong></span> <span class='ocrx_word' id='word_1_293' title='bbox 1694 3371 1769 3441; x_wconf 87' lang='grc' dir='ltr'><strong><em>τὸ</em></strong></span> <span class='ocrx_word' id='word_1_294' title='bbox 1802 3371 2065 3458; x_wconf 84' lang='grc' dir='ltr'><strong><em>θερμὰν</em></strong></span> <span class='ocrx_word' id='word_1_295' title='bbox 2087 3370 2168 3454; x_wconf 81' lang='grc' dir='ltr'><em>δὴ</em></span> <span class='ocrx_word' id='word_1_296' title='bbox 2205 3367 2375 3436; x_wconf 82' lang='grc' dir='ltr'><strong><em>κατὰ</em></strong></span> 
     </span>
     <span class='ocr_line' id='line_1_33' title="bbox 359 3467 2373 3560; baseline -0.002 -21"><span class='ocrx_word' id='word_1_297' title='bbox 359 3467 570 3555; x_wconf 77' lang='grc' dir='ltr'><strong><em>φύσιν</em></strong></span> <span class='ocrx_word' id='word_1_298' title='bbox 591 3475 680 3549; x_wconf 88' lang='grc' dir='ltr'><strong><em>εἰς</em></strong></span> <span class='ocrx_word' id='word_1_299' title='bbox 703 3469 830 3558; x_wconf 81' lang='grc' dir='ltr'><strong><em>τὴν</em></strong></span> <span class='ocrx_word' id='word_1_300' title='bbox 850 3471 1062 3540; x_wconf 81' lang='grc' dir='ltr'><strong><em>αὑτοῦ</em></strong></span> <span class='ocrx_word' id='word_1_301' title='bbox 1086 3475 1314 3560; x_wconf 74' lang='grc' dir='ltr'><strong><em>χώραν</em></strong></span> <span class='ocrx_word' id='word_1_302' title='bbox 1338 3479 1459 3554; x_wconf 77' lang='grc' dir='ltr'><strong><em>ἔξω</em></strong></span> <span class='ocrx_word' id='word_1_303' title='bbox 1494 3471 1661 3557; x_wconf 83' lang='grc' dir='ltr'><strong><em>πρὸς</em></strong></span> <span class='ocrx_word' id='word_1_304' title='bbox 1692 3468 1765 3539; x_wconf 83' lang='grc' dir='ltr'><strong><em>τὸ</em></strong></span> <span class='ocrx_word' id='word_1_305' title='bbox 1792 3470 2101 3555; x_wconf 77' lang='grc' dir='ltr'><strong><em>ξυγγενὲς</em></strong></span> <span class='ocrx_word' id='word_1_306' title='bbox 2127 3474 2373 3553; x_wconf 82' lang='grc' dir='ltr'><strong><em>ὁμολο-</em></strong></span> 
     </span>
    </p>
   </div>
  </div>
 </body>
</html>
