2602 3928
339 232 465 299 216
1078 206 1286 294 ΠΛΆ
1309 231 1644 293 ΤΩΝοΣ

340 423 465 480 νει,
489 401 696 483 δῆλον
730 394 833 463 ὅτι
867 393 1213 481 προσήκει·
1257 391 1424 476 πρὸς
1459 389 1586 478 γάρ
1619 386 1735 471 τὰς
1769 396 2357 477 στρατοπεδεύσεις

342 497 451 563 καὶ
470 494 870 581 καταλήψεις
890 499 1151 578 χωρίων
1164 492 1273 558 καὶ
1294 490 1689 575 συναγωγὰς
1710 493 1820 558 καὶ
1841 491 2131 571 ἐκτάσεις
2153 513 2357 579 στρα-

340 602 501 678 τιοῖς,
527 594 638 661 καὶ
661 588 785 659 ὅσα
810 591 890 676 δὴ
915 589 1083 658 αλλα
1106 593 1566 675 σχηματίζουσι
1598 586 1679 656 τὰ
1701 589 2112 675 στρατόπεδα
2135 594 2211 658 έν
2229 589 2355 659 αὐ-

341 706 479 770 ταῖς
499 717 570 760 τε
591 703 731 768 ταῖς
752 685 987 775 μάχαις
1009 688 1118 755 καὶ
1140 692 1452 806 πορείαις,
1479 682 1849 772 διαφέροι”
1806 714 1892 754 αν
1922 686 2119 766 αὐτὸς
2145 685 2356 756 αὑτοῦ

341 788 775 875 γεωμετρικὸς
796 782 1014 871 καὶμὴ
1040 782 1154 852 ὤν.
1191 774 1364 850 Ἀλλ’
1409 776 1535 851 οὖν
1557 784 1659 871 δή,
1683 783 1891 872 εἷπον,
1930 783 2098 870 πρὸς
2117 787 2242 872 μὲν
2271 813 2353 854 τα

341 893 612 954 τοιαῦτα
636 882 850 972 βραχύ
872 909 935 948 τι
958 877 1043 950 ἀν
1067 884 1330 965 ἐξαρκοῖ
1343 888 1741 967 γεωμετριας
1776 908 1845 950 τε
1877 886 1988 952 καὶ
2022 892 2355 969 λογισμῶν

339 982 577 1070 μόριον
592 1007 607 1023 ·
650 980 723 1050 τό
751 979 822 1049 δὲ
842 977 1017 1048 πολὺ
1040 1004 1243 1065 αυτης
1270 979 1382 1046 καὶ
1406 982 1803 1064 πορρωτέρω
1826 980 2064 1066 προῖόν
2086 994 2355 1048 σκοπεῖ-

275 1096 314 1146 Ε
345 1091 509 1150 σθαι
535 1085 652 1164 δεῖ,
676 1089 739 1147 εῖ
751 1106 813 1145 τι
834 1077 1002 1165 πρὸς
1021 1079 1233 1145 έκεῖνο
1255 1081 1473 1161 τείνει,
1512 1076 1677 1161 πρὸς
1710 1074 1783 1145 τὸ
1816 1091 2031 1146 ποιεῖν
2065 1082 2358 1146 κατιδεῖν

341 1183 511 1267 ῥᾷον
532 1176 656 1263 τὴν
675 1185 801 1244 τοῦ
825 1173 1097 1260 ἀγαθοῦ
1117 1175 1318 1241 ἰδέαν.
1357 1179 1555 1242 τείνει
1580 1177 1673 1260 δέ,
1710 1178 1950 1261 φαμέν,
1976 1175 2192 1242 πάντα
2227 1173 2354 1242 αὐ·-

338 1277 510 1361 τόσε,
538 1273 662 1344 ὅσα
699 1271 1050 1359 ἀναγκάζει
1083 1270 1307 1358 ψυχὴν
1340 1278 1431 1352 εἰς
1465 1275 1724 1341 ἐκεῖνον
1756 1270 1878 1341 τὸν
1909 1271 2118 1353 τόπον
2153 1299 2357 1360 μετα-
2418 1288 2423 1293 ’

340 1376 768 1458 στρέφεσθαι,
790 1374 862 1438 ἐν
897 1362 954 1461 ᾦ
989 1373 1122 1439 ἐστὶ
1157 1369 1230 1438 τὸ
1270 1368 1867 1457 εὐδαιμονέστατον
1899 1380 2024 1440 τοῦ
2062 1369 2277 1458 ὄντος,
2316 1369 2356 1440 ὃ

340 1474 445 1538 δεῖ
467 1467 678 1556 αὐτὴν
700 1471 894 1537 παντὶ
919 1469 1143 1558 τρόπῳ
1182 1473 1364 1537 ἰδεῖν.
1408 1467 1682 1555 Ὀρθῶς,
1721 1475 1868 1557 ἔφη,
1897 1472 2119 1556 λέγεις.
2170 1469 2358 1540 Οὐκ-

340 1577 465 1637 οῦν
491 1574 552 1635 εἰ
579 1569 700 1654 μὲν
738 1565 976 1635 οὐσίαν
1012 1565 1363 1652 ἀναγκάζει
1397 1567 1801 1654 θεάσασθαι,
1834 1568 2170 1656 προσήκει,
2206 1573 2265 1636 εἰ
2285 1567 2357 1637 δὲ

336 1668 617 1751 γένεσιν,
644 1665 725 1731 οὐ
750 1663 1086 1751 προσήκει.
1138 1669 1370 1750 Φαμέν
1391 1691 1466 1749 γε
1491 1664 1591 1751 δή.
1642 1663 1746 1732 Οὐ
1780 1671 2013 1733 τοίνυν
2034 1665 2232 1733 τοῦτό
2255 1691 2351 1750 γε,

200 1777 303 1832 527
335 1756 422 1850 ἦν
450 1761 513 1831 δ’
539 1762 691 1848 ἐγώ,
716 1758 1340 1850 ἀμφισβητήσουσιν
1366 1760 1545 1849 ἡμῖν,
1581 1762 1729 1829 ὅσοι
1764 1765 1876 1831 καὶ
1912 1761 2156 1850 σμικρὰ
2180 1788 2349 1849 γεω-

342 1867 606 1949 μετρίας
651 1865 966 1946 ἕμπειροι,
1011 1858 1111 1926 ὅτι
1156 1857 1323 1945 αὕτη
1364 1857 1405 1946 ἡ
1449 1861 1766 1947 ἐπιστήμη
1790 1868 1926 1928 πᾶν
1957 1857 2356 1928 τούναντίον

338 1963 467 2045 ἔχει
488 1971 622 2037 τοῖς
644 1959 719 2024 ἐν
742 1955 911 2045 αὐτῇ
932 1956 1154 2041 λόγοις
1174 1960 1553 2044 λεγομένοις
1585 1955 1715 2027 ὑπὸ
1753 1966 1890 2026 τῶν
1922 1963 2356 2046 μεταχειριζο-
2474 2005 2495 2030 ο

337 2063 575 2140 μένων.
615 2061 802 2135 Πῶς;
826 2059 971 2141 ἔφη.
1016 2057 1308 2140 Λέγουσι
1338 2060 1459 2141 μέν
1481 2081 1617 2124 που
1639 2056 1816 2142 μάλα
1840 2066 2111 2141 γελοίως
2141 2082 2212 2124 τε
2247 2058 2357 2124 καὶ

338 2150 743 2236 ἀναγκαίως·
818 2149 905 2230 ὥς
949 2149 1075 2237 γάρ
1120 2154 1518 2238 πράττοντές
1558 2180 1628 2222 τε
1670 2157 1781 2221 καὶ
1823 2155 2120 2238 πράξεως
2163 2156 2359 2222 ἕνεκα

342 2246 593 2326 πάντας
615 2246 772 2327 τούς
793 2249 1039 2335 λόγους
1060 2251 1451 2336 ποιούμενοι
1470 2254 1737 2336 λέγουσι
1765 2257 2263 2336 τετραγωνίζειν
2283 2278 2355 2319 τε

338 2347 446 2412 καὶ
468 2352 885 2431 παρατείνειν
907 2350 1016 2416 καὶ
1039 2351 1474 2434 προστιθέναι
1497 2352 1606 2416 καὶ
1629 2347 1845 2418 πάντα
1863 2348 2041 2417 οὕτω
2055 2349 2359 2435 φθεγγό-

257 2460 297 2509 Β
337 2466 555 2527 μενοι·
600 2438 674 2510 τὸ
703 2441 763 2510 δ’
795 2450 932 2511 ἔστι
945 2469 1079 2512 που
1102 2451 1237 2513 πᾶν
1260 2443 1333 2514 τὸ
1359 2446 1641 2532 μάθημα
1661 2446 1972 2533 γνώσεως
1993 2449 2190 2515 ἕνεκα
2212 2450 2360 2514 έπι-

339 2538 802 2626 τηδευόμενον.
873 2544 1271 2611 Παντάπασι
1301 2544 1425 2629 μὲν
1458 2537 1604 2629 οὖν,
1645 2549 1792 2631 ἔφη.
1850 2543 2127 2613 Οὐκοῦν
2158 2552 2358 2613 τοῦτο

338 2642 431 2705 ἔτι
455 2642 999 2727 διομολογητέον,
982 2671 996 2687 ·
1032 2639 1120 2710 Τὸ
1145 2656 1374 2723 ποῖον;
1407 2640 1521 2721 Ὡς
1542 2651 1665 2710 τοῦ
1685 2640 1790 2710 ἀεὶ
1811 2641 2004 2722 ὄντος
2025 2643 2356 2730 γνώσεως,

337 2732 484 2804 ἀλλ’
514 2736 597 2804 οὐ
633 2746 759 2804 τοῦ
780 2742 943 2808 ποτέ
969 2765 1032 2807 τι
1065 2745 1477 2827 γιγνομένου
1503 2743 1613 2809 καὶ
1647 2739 2134 2827 ἀπολλυμένου.
2179 2738 2361 2809 Εὐο-

337 2833 733 2922 μολόγητον,
759 2842 917 2955 ἔφη·
964 2846 1086 2906 τοῦ
1107 2838 1235 2924 γὰρ
1260 2837 1413 2907 ἀεὶ’
1387 2839 1582 2918 ὄντος
1615 2866 1656 2926 η
1682 2836 2088 2926 γεωμετρικὴ
2114 2844 2362 2923 γνωσίς

340 2932 535 3007 ἐστιν.
571 2929 873 3001 Ὁλκόν’
848 2934 998 3019 άρα,
1040 2962 1090 3002 ω
1125 2951 1408 3021 γενναῖε,
1449 2944 1659 3023 ψυχῆς
1691 2933 1858 3021 πρὸς
1890 2937 2238 3058 ἀλήθειαν
2255 2946 2357 3022 εἰη

339 3053 426 3094 αν
460 3031 570 3097 καὶ
604 3026 1093 3115 ἀπεργαστικὸν
1126 3036 1510 3120 φιλοσόφου
1546 3038 1839 3114 διανοίας
1881 3034 2048 3121 πρὸς
2089 3034 2161 3104 τό
2207 3035 2356 3104 άνω

338 3138 518 3210 σχεῖν
540 3121 584 3192 δι’
617 3153 750 3196 νυν
784 3129 962 3198 κάτω
999 3128 1081 3198 οὐ
1118 3135 1273 3201 δέον
1313 3139 1566 3219 ἔχομεν.
1610 3130 1727 3211 Ὡς
1760 3127 1907 3201 οἶόν
1942 3159 2012 3200 τε
2048 3132 2352 3221 μάλιστα,

262 3228 483 3309 οέφη.
516 3219 628 3302 Ὡς
663 3220 895 3293 οἷόν’
833 3254 869 3294 τ
941 3229 1094 3316 άρα,
1137 3221 1225 3316 ἦν
1269 3228 1327 3298 δ’
1375 3230 1524 3317 ἐγώ,
1563 3231 1842 3317 μάλιστα
1879 3234 2357 3317 προστακτέον,

335 3320 516 3400 όπως
551 3325 622 3390 oc
651 3327 724 3392 έν
755 3333 834 3411 τῇ
871 3327 1251 3395 καλλιπόλει
1285 3349 1391 3396 σοι
1424 3332 1658 3416 μηδενι
1693 3330 1918 3419 τρόπω
1958 3336 2363 3417 γεωμετρίας

334 3416 705 3508 ἀφέξονται.
751 3427 861 3493 καὶ
883 3452 1012 3514 γαρ
1036 3425 1115 3494 τοὶ
1140 3425 1442 3515 πάρεργα
1466 3427 1679 3496 αυτοῦ
1713 3426 1796 3497 οὐ
1833 3430 2095 3515 σμικρά.
2145 3437 2353 3512 Ποῖα;
