2602 3928
356 230 483 294 438
1089 229 1663 289 ΠΛΑΤΩΝΟΣ
2286 239 2391 293 mo

357 394 467 463 καὶ
494 392 763 472 τοξότας
794 388 1250 477 σφενδονήτας
1270 415 1341 456 τε
1376 389 1724 475 ἑκατέρους
1759 387 1904 474 δύο,
1936 396 2277 475 γυμνῆτας
2313 391 2387 458 δὲ

357 491 762 577 λιθοβόλους
801 492 913 558 καὶ
957 485 1348 566 ἀκοντιστὰς
1382 485 1557 575 τρεῖς
1599 489 1969 573 ἑκατέρους,
2019 487 2267 569 ναύτας
2314 488 2389 557 δὲ

355 592 668 674 τέτταρας
689 594 781 666 εἰς
801 589 1127 674 πλήρωμα
1152 592 1513 654 διακοσίων
1532 588 1645 655 καὶ
1663 593 1894 672 χιλίων
1918 593 2114 655 νεῷν.
2160 585 2240 655 τὰ
2261 585 2389 672 μὲν

356 679 484 755 οὖν
506 685 979 772 πολεμιστήρια
1003 682 1181 752 οὕτω
1205 687 1572 752 διετέτακτο
1593 691 1708 768 τῆς
1730 690 2079 771 βασιλικῆς
2101 683 2384 769 πόλεως,

354 792 494 853 τῷν
516 785 588 853 δὲ
610 785 802 852 ἐννέα
833 781 1001 852 ἄλλα
1026 782 1264 868 ἄλλως,
1299 779 1345 850 ἃ
1373 779 1623 868 μακρὸς
1644 776 1732 849 ἂν
1752 782 1993 867 χρόνος
2013 790 2115 868 εἴη
2148 785 2388 867 λέγειν.

287 905 326 957 c
525 887 625 949 xl.
680 880 775 949 Τὰ
815 885 888 950 δὲ
909 890 1045 950 τῷν
1069 880 1296 970 άρχιόν
1319 883 1432 949 καὶ
1464 889 1679 967 τιμῷν
1711 871 1832 948 οἶδ’
1870 878 2041 966 εἶχεν
2076 884 2141 961 ἐξ
2180 879 2392 966 ἀρχῆς

360 984 911 1068 διακοσμηθέντα.
963 989 1101 1049 τῷν
1138 982 1298 1048 δέκα
1331 980 1662 1066 βασιλέων
1705 973 1798 1057 εἷς
1839 980 2113 1057 ἕκαστος
2153 981 2228 1046 έν
2261 978 2391 1065 μὲν

359 1085 456 1167 τῷ
480 1077 643 1146 καθ’
666 1075 875 1147 αὑτὸν
906 1084 1089 1164 μέρει
1111 1078 1278 1146 κατὰ
1300 1074 1426 1164 τὴν
1458 1073 1670 1144 αὑτοῦ
1704 1076 1905 1144 πόλιν
1939 1084 2077 1144 τῷν
2111 1073 2389 1160 άνδρῷν

358 1176 469 1243 καὶ
499 1181 637 1243 τῷν
666 1182 993 1244 πλείστων
1025 1175 1256 1262 νόμων
1286 1167 1468 1262 ἦρχε,
1504 1173 1804 1255 κολάζων
1834 1175 1943 1242 καὶ
1979 1170 2392 1253 ἄποκτιννύς

362 1270 576 1340 ὅντιν’
611 1274 1018 1359 ἐθελήσειεν·
1075 1271 1117 1359 ἡ
1161 1275 1234 1341 δὲ
1269 1277 1345 1342 έν
1376 1271 1685 1359 α’λλήλοις
1716 1269 1883 1358 άρχὴ
1921 1274 2034 1340 καὶ
2065 1277 2387 1340 κοινωνία

358 1369 525 1440 κατὰ
548 1369 895 1452 ἐπιστολὰς
916 1364 1006 1458 ἦν
1026 1370 1142 1452 τὰς
1177 1379 1301 1440 τοῦ
1336 1376 1781 1457 Ποσειδῶνος,
1824 1368 1914 1450 ὥς
1949 1368 1985 1438 ὁ
2023 1371 2232 1457 νόμος
2260 1368 2388 1437 αύ-

357 1482 494 1548 τοῖς
516 1472 858 1555 παρέδωκε
885 1471 996 1536 καὶ
1031 1467 1384 1554 γράμματα
1417 1466 1548 1537 ὑπὸ
1584 1477 1720 1537 τῷν
1754 1467 2037 1553 πρώτων
2068 1471 2145 1536 έν
2179 1466 2390 1555 στήλῃ

362 1571 782 1655 γεγραμμένα
805 1566 1245 1656 ὀρειχαλκίνῃ,
1276 1566 1322 1654 ἢ
1354 1565 1522 1636 κατὰ
1545 1572 1753 1653 μέσην
1774 1565 1900 1653 τὴν
1923 1575 2135 1653 νῆσον
2174 1571 2387 1634 ἔκειτο

282 1684 326 1734 Ι)
357 1668 433 1733 έν
456 1669 613 1755 ίερῷ
633 1669 1076 1750 Ποσειδῶνος,
1109 1662 1173 1734 οἷ
1192 1663 1274 1753 δὴ
1300 1664 1390 1733 δι’
1424 1668 1737 1734 ἐνιαυτοῦ
1772 1670 2093 1752 πέμπτου,
2129 1667 2276 1733 τοτὲ
2314 1667 2388 1732 δὲ

360 1762 638 1844 ἐναλλὰξ
662 1764 879 1850 ἕκτου,
917 1767 1375 1850 συνελέγοντο,
1402 1773 1497 1855 τῷ
1526 1790 1595 1833 τε
1618 1764 1822 1855 άρτίῷ
1848 1767 1958 1832 καὶ
1989 1772 2083 1854 τῷ
2104 1770 2389 1851 περιττῷ
2511 1814 2522 1828 .
2558 1765 2567 1794 ³

360 1867 560 1950 μέρος
582 1873 732 1931 ἴσον
753 1860 1218 1949 ἀπονέμοντες,
1247 1863 1717 1950 ξυλλεγόμενοι
1741 1862 1812 1930 δὲ
1835 1869 1988 1949 περί
2005 1887 2076 1930 τε
2097 1869 2235 1929 τῷν
2251 1886 2387 1930 κοι-

357 1969 501 2030 νῶν
536 1963 974 2048 ἐβουλεύοντο
1011 1966 1121 2032 καὶ
1155 1966 1461 2052 ἐξήταζον
1504 1974 1569 2033 εἴ
1605 1969 1701 2042 τίς
1731 1989 1794 2031 τι
1823 1969 2242 2049 παραβαίνοι,
2277 1961 2389 2029 καὶ

358 2063 672 2141 ἐδίκαζον.
700 2060 810 2129 ὅτε
831 2065 903 2129 δὲ
925 2063 1212 2144 δικάζειν
1225 2066 1551 2151 μέλλοιεν,
1568 2069 1818 2140 πίστεις
1831 2057 2142 2148 ’άλλήλοις
2162 2059 2389 2139 τοιάς-

361 2163 432 2226 δε
467 2163 776 2227 ἐδίδοσαν
808 2160 1155 2248 πρότερον.
1209 2160 1479 2248 ἀφέτων
1500 2154 2022 2247 ὄντων’ταύρων
2053 2164 2127 2228 έν
2147 2168 2243 2249 τῷ
2262 2167 2389 2226 τοῦ

359 2260 783 2337 Ποσειδῶνος
807 2261 986 2348 ἱερῷ,
1021 2257 1217 2345 μόνοι
1253 2260 1639 2346 γιγνόμενοι
1671 2261 1831 2328 δέκα
1867 2257 2071 2344 ὄντες,
2105 2255 2388 2337 ἐπευξά-

287 2375 329 2428 E
360 2380 550 2441 μενοι
582 2362 678 2445 τῷ
707 2362 853 2445 θεῷ
890 2355 966 2422 τὸ
1008 2360 1488 2443 κεχαρισμένον
1530 2354 1713 2448 αὐτῷ
1751 2363 1942 2443 θῦμα
1986 2358 2178 2440 ἑλεῖν,
2221 2353 2390 2422 ἄνευ

358 2451 643 2539 σιδήρου
679 2451 899 2533 ξύλοις
931 2455 1043 2529 καὶ
1073 2452 1343 2542 βρόχοις
1376 2454 1728 2541 ἐθήρευον,
1770 2450 1851 2522 ὃν
1893 2455 1966 2521 δὲ
1998 2456 2213 2521 ἕλοιεν
2250 2459 2390 2520 τῷν

360 2552 652 2636 ταύρων,
676 2550 843 2639 πρὸς
863 2549 989 2639 τὴν
1026 2555 1276 2641 στήλην
1308 2553 1842 2641 προσαγαγόντες
1874 2549 2040 2622 κατὰ
2075 2549 2389 2638 κορυφὴν

361 2646 565 2735 αὐτῆς
602 2656 933 2735 ἔσφαττον
974 2651 1143 2720 κατὰ
1180 2659 1318 2719 τῷν
1350 2652 1786 2740 γραμμάτων·
1845 2653 1917 2719 έν
1954 2650 2028 2719 δὲ
2058 2656 2139 2738 τῇ
2182 2649 2390 2737 στήλῃ

360 2746 527 2832 πρὸς
549 2762 688 2828 τοῖς
709 2749 940 2835 νόμοις
961 2746 1162 2835 ὅρκος
1181 2743 1269 2836 ἦν
1291 2751 1581 2838 μεγάλας
1602 2747 1769 2838 άράς
1790 2749 2232 2835 ἐπευχόμενος
2253 2763 2390 2827 τοῖς

365 2842 788 2916 ἀπειθοῦσιν.
833 2845 937 2914 ὅτ’
964 2840 1094 2915 οὖν
1115 2845 1283 2915 κατὰ
1319 2845 1478 2927 τοὺς
1512 2845 1736 2915 αὑτῶν
1771 2847 2024 2934 νόμους
2049 2846 2389 2924 θύσαντες

221 2958 329 3013 190
366 2951 792 3029 καθαγίζοιεν
824 2944 1040 3013 πάντα
1073 2952 1196 3013 τοῦ
1233 2946 1491 3032 ταύρου
1520 2945 1602 3016 τά
1634 2950 1818 3032 μέλη,
1850 2952 2150 3032 κρατῆρα
2185 2943 2390 3031 κερά-

366 3062 600 3121 σαντες
634 3042 803 3129 ὑπὲρ
839 3044 1122 3113 ἑκάστου
1149 3048 1462 3133 θρόμβον
1496 3048 1854 3132 ἐνέβαλλον
1880 3047 2171 3130 αἵματος,
2205 3039 2384 3110 τὰδ’

369 3137 517 3209 ἄλλ’
567 3147 659 3219 εἰς
701 3139 776 3209 τὰ
821 3149 960 3231 πῦρ
1003 3148 1269 3230 ἔφερον,
1315 3142 1886 3231 περικαθήραντες
1941 3140 2066 3228 τὴν
2108 3140 2383 3228 στήλην·

366 3236 528 3319 μετὰ
555 3239 628 3302 δὲ
646 3244 844 3303 τοῦτο
867 3255 1140 3324 χρυσαῖς
1165 3242 1438 3327 φιάλαις
1464 3243 1535 3308 έκ
1570 3247 1693 3307 τοῦ
1712 3246 2039 3328 κρατῆρος
2057 3236 2391 3325 άρυτόμε-

367 3355 496 3413 νοι,
527 3329 694 3397 κατὰ
717 3339 837 3399 τοῦ
870 3338 1081 3418 πυρὸς
1116 3344 1513 3418 σπένδοντες
1544 3338 1949 3426 έπώμνυσαν
1985 3338 2288 3406 δικάσειν
2320 3363 2392 3406 τε

369 3424 537 3491 κατὰ
563 3424 720 3505 17θῦ3
744 3432 817 3496 ἐν
838 3441 919 3521 τῇ
942 3436 1148 3526 στήλῃ
1170 3436 1422 3526 νόμους
1443 3441 1554 3507 καὶ
1576 3439 1891 3507 κολάσειν
1914 3446 1978 3506 εἴ
1991 3443 2090 3517 τίς
2120 3464 2184 3505 τι
2217 3438 2392 3526 πρό-
