<?xml version="1.0" encoding="UTF-8"?>
<!DOCTYPE html PUBLIC "-//W3C//DTD XHTML 1.0 Transitional//EN"
    "http://www.w3.org/TR/xhtml1/DTD/xhtml1-transitional.dtd">
<html xmlns="http://www.w3.org/1999/xhtml" xml:lang="en" lang="en">
 <head>
  <title>
</title>
<meta http-equiv="Content-Type" content="text/html;charset=utf-8" />
  <meta name='ocr-system' content='tesseract 3.04.00' />
  <meta name='ocr-capabilities' content='ocr_page ocr_carea ocr_par ocr_line ocrx_word'/>
</head>
<body>
  <div class='ocr_page' id='page_1' title='image "./dialogisecundum07platgoog_0374.png"; bbox 0 0 2602 3928; ppageno 0'>
   <div class='ocr_carea' id='block_1_1' title="bbox 339 205 2365 273">
    <p class='ocr_par' dir='ltr' id='par_1_1' title="bbox 339 205 2365 273">
     <span class='ocr_line' id='line_1_1' title="bbox 339 205 2365 273; baseline -0.008 1"><span class='ocrx_word' id='word_1_1' title='bbox 339 209 466 273; x_wconf 77' lang='lat'><strong><em>338</em></strong></span> <span class='ocrx_word' id='word_1_2' title='bbox 1079 205 1657 266; x_wconf 75' lang='grc' dir='ltr'><em>ΠΛΑΤΩΝΟΣ</em></span> <span class='ocrx_word' id='word_1_3' title='bbox 2287 214 2365 268; x_wconf 77' lang='lat'><strong><em>20</em></strong></span> 
     </span>
    </p>
   </div>
   <div class='ocr_carea' id='block_1_2' title="bbox 238 360 2374 3492">
    <p class='ocr_par' dir='ltr' id='par_1_2' title="bbox 238 360 2374 3492">
     <span class='ocr_line' id='line_1_2' title="bbox 238 360 2362 462; baseline -0.003 -22"><span class='ocrx_word' id='word_1_4' title='bbox 238 383 308 439; x_wconf 72' lang='lat'><strong><em>3⁵</em></strong></span> <span class='ocrx_word' id='word_1_5' title='bbox 339 396 461 462; x_wconf 89' lang='grc' dir='ltr'><strong><em>πῳ.</em></strong></span> <span class='ocrx_word' id='word_1_6' title='bbox 503 377 618 457; x_wconf 82' lang='grc' dir='ltr'><strong><em>τῆς</em></strong></span> <span class='ocrx_word' id='word_1_7' title='bbox 642 366 1003 457; x_wconf 76' lang='grc' dir='ltr'><strong><em>ἀμερίστου</em></strong></span> <span class='ocrx_word' id='word_1_8' title='bbox 1021 367 1133 434; x_wconf 80' lang='grc' dir='ltr'><strong><em>καὶ</em></strong></span> <span class='ocrx_word' id='word_1_9' title='bbox 1156 363 1257 433; x_wconf 84' lang='grc' dir='ltr'><strong><em>ἀεὶ</em></strong></span> <span class='ocrx_word' id='word_1_10' title='bbox 1285 362 1452 433; x_wconf 81' lang='grc' dir='ltr'><strong><em>κατὰ</em></strong></span> <span class='ocrx_word' id='word_1_11' title='bbox 1471 361 1678 432; x_wconf 86' lang='grc' dir='ltr'><strong><em>ταύτά</em></strong></span> <span class='ocrx_word' id='word_1_12' title='bbox 1703 362 1979 450; x_wconf 82' lang='grc' dir='ltr'><strong><em>ἐχούσης</em></strong></span> <span class='ocrx_word' id='word_1_13' title='bbox 2000 360 2230 443; x_wconf 86' lang='grc' dir='ltr'><strong><em>οὐσίας</em></strong></span> <span class='ocrx_word' id='word_1_14' title='bbox 2252 391 2362 433; x_wconf 86' lang='grc' dir='ltr'><strong><em>και</em></strong></span> 
     </span>
     <span class='ocr_line' id='line_1_3' title="bbox 341 460 2363 555; baseline -0.003 -18"><span class='ocrx_word' id='word_1_15' title='bbox 341 477 457 555; x_wconf 83' lang='grc' dir='ltr'><strong><em>τῆς</em></strong></span> <span class='ocrx_word' id='word_1_16' title='bbox 499 460 587 534; x_wconf 88' lang='grc' dir='ltr'><strong><em>αὐ</em></strong></span> <span class='ocrx_word' id='word_1_17' title='bbox 629 467 781 549; x_wconf 79' lang='grc' dir='ltr'><strong><em>περὶ</em></strong></span> <span class='ocrx_word' id='word_1_18' title='bbox 820 462 901 533; x_wconf 77' lang='grc' dir='ltr'><strong><em>τὰ</em></strong></span> <span class='ocrx_word' id='word_1_19' title='bbox 944 463 1217 550; x_wconf 88' lang='grc' dir='ltr'><strong><em>σώματα</em></strong></span> <span class='ocrx_word' id='word_1_20' title='bbox 1257 465 1653 549; x_wconf 77' lang='grc' dir='ltr'><strong><em>γιγνομένης</em></strong></span> <span class='ocrx_word' id='word_1_21' title='bbox 1684 468 1994 549; x_wconf 76' lang='grc' dir='ltr'><strong><em>μεριστῆς</em></strong></span> <span class='ocrx_word' id='word_1_22' title='bbox 2034 469 2261 548; x_wconf 87' lang='grc' dir='ltr'><strong><em>τρίτον</em></strong></span> <span class='ocrx_word' id='word_1_23' title='bbox 2295 465 2363 543; x_wconf 81' lang='grc' dir='ltr'><strong><em>ἐξ</em></strong></span> 
     </span>
     <span class='ocr_line' id='line_1_4' title="bbox 342 555 2367 654; baseline -0.004 -19"><span class='ocrx_word' id='word_1_24' title='bbox 342 566 596 654; x_wconf 79' lang='grc' dir='ltr'><strong><em>ἀμφοῖν</em></strong></span> <span class='ocrx_word' id='word_1_25' title='bbox 618 566 692 632; x_wconf 84' lang='grc' dir='ltr'><strong><em>έν</em></strong></span> <span class='ocrx_word' id='word_1_26' title='bbox 711 565 890 652; x_wconf 92' lang='grc' dir='ltr'><strong><em>μέσῳ</em></strong></span> <span class='ocrx_word' id='word_1_27' title='bbox 914 560 1398 648; x_wconf 81' lang='grc' dir='ltr'><strong><em>ξυνεκεράσατο</em></strong></span> <span class='ocrx_word' id='word_1_28' title='bbox 1422 557 1655 640; x_wconf 80' lang='grc' dir='ltr'><strong><em>οὐσίας</em></strong></span> <span class='ocrx_word' id='word_1_29' title='bbox 1675 558 1868 644; x_wconf 81' lang='grc' dir='ltr'><strong><em>εἶδος,</em></strong></span> <span class='ocrx_word' id='word_1_30' title='bbox 1889 567 2004 645; x_wconf 83' lang='grc' dir='ltr'><strong><em>τῆς</em></strong></span> <span class='ocrx_word' id='word_1_31' title='bbox 2024 585 2096 628; x_wconf 89' lang='grc' dir='ltr'><strong><em>τε</em></strong></span> <span class='ocrx_word' id='word_1_32' title='bbox 2114 555 2367 628; x_wconf 89' lang='grc' dir='ltr'><strong><em>ταύτοῦ</em></strong></span> 
     </span>
     <span class='ocr_line' id='line_1_5' title="bbox 343 654 2331 751; baseline -0.005 -19"><span class='ocrx_word' id='word_1_33' title='bbox 343 665 606 751; x_wconf 85' lang='grc' dir='ltr'><strong><em>φύσεως</em></strong></span> <span class='ocrx_word' id='word_1_34' title='bbox 628 654 741 749; x_wconf 86' lang='grc' dir='ltr'><strong><em>[αὐ</em></strong></span> <span class='ocrx_word' id='word_1_35' title='bbox 764 662 935 744; x_wconf 88' lang='grc' dir='ltr'><strong><em>πέρι]</em></strong></span> <span class='ocrx_word' id='word_1_36' title='bbox 960 662 1070 728; x_wconf 84' lang='grc' dir='ltr'><strong><em>καὶ</em></strong></span> <span class='ocrx_word' id='word_1_37' title='bbox 1096 666 1212 747; x_wconf 87' lang='grc' dir='ltr'><strong><em>τῆς</em></strong></span> <span class='ocrx_word' id='word_1_38' title='bbox 1234 663 1550 745; x_wconf 76' lang='grc' dir='ltr'><strong><em>θατέρου,</em></strong></span> <span class='ocrx_word' id='word_1_39' title='bbox 1583 659 1694 726; x_wconf 82' lang='grc' dir='ltr'><strong><em>καὶ</em></strong></span> <span class='ocrx_word' id='word_1_40' title='bbox 1725 655 1892 725; x_wconf 88' lang='grc' dir='ltr'><strong><em>κατά</em></strong></span> <span class='ocrx_word' id='word_1_41' title='bbox 1931 666 2137 726; x_wconf 91' lang='grc' dir='ltr'><strong><em>ταῦτα</em></strong></span> <span class='ocrx_word' id='word_1_42' title='bbox 2171 659 2331 738; x_wconf 80' lang='grc' dir='ltr'><strong><em>ξυνέ</em></strong></span> 
     </span>
     <span class='ocr_line' id='line_1_6' title="bbox 344 752 2363 848; baseline -0.004 -19"><span class='ocrx_word' id='word_1_43' title='bbox 344 780 585 847; x_wconf 84' lang='grc' dir='ltr'><strong><em>στησεν</em></strong></span> <span class='ocrx_word' id='word_1_44' title='bbox 617 762 691 828; x_wconf 87' lang='grc' dir='ltr'><strong><em>έν</em></strong></span> <span class='ocrx_word' id='word_1_45' title='bbox 721 760 902 848; x_wconf 89' lang='grc' dir='ltr'><strong><em>μέσῳ</em></strong></span> <span class='ocrx_word' id='word_1_46' title='bbox 926 765 1051 826; x_wconf 88' lang='grc' dir='ltr'><strong><em>τοῦ</em></strong></span> <span class='ocrx_word' id='word_1_47' title='bbox 1084 784 1156 826; x_wconf 92' lang='grc' dir='ltr'><strong><em>τε</em></strong></span> <span class='ocrx_word' id='word_1_48' title='bbox 1199 755 1490 843; x_wconf 80' lang='grc' dir='ltr'><strong><em>ἀμεροῦς</em></strong></span> <span class='ocrx_word' id='word_1_49' title='bbox 1531 753 1758 824; x_wconf 72' lang='grc' dir='ltr'><strong><em>αὐτῶν</em></strong></span> <span class='ocrx_word' id='word_1_50' title='bbox 1789 757 1900 824; x_wconf 83' lang='grc' dir='ltr'><strong><em>καὶ</em></strong></span> <span class='ocrx_word' id='word_1_51' title='bbox 1933 762 2056 824; x_wconf 90' lang='grc' dir='ltr'><strong><em>τοῦ</em></strong></span> <span class='ocrx_word' id='word_1_52' title='bbox 2089 752 2254 826; x_wconf 74' lang='grc' dir='ltr'><strong><em>κατὰ</em></strong></span> <span class='ocrx_word' id='word_1_53' title='bbox 2281 754 2363 822; x_wconf 85' lang='grc' dir='ltr'><strong><em>τά</em></strong></span> 
     </span>
     <span class='ocr_line' id='line_1_7' title="bbox 345 850 2367 943; baseline -0.003 -17"><span class='ocrx_word' id='word_1_54' title='bbox 345 859 614 943; x_wconf 85' lang='grc' dir='ltr'><strong><em>σώματα</em></strong></span> <span class='ocrx_word' id='word_1_55' title='bbox 636 862 979 942; x_wconf 78' lang='grc' dir='ltr'><strong><em>μεριστοῦ·</em></strong></span> <span class='ocrx_word' id='word_1_56' title='bbox 1022 857 1133 923; x_wconf 87' lang='grc' dir='ltr'><strong><em>καὶ</em></strong></span> <span class='ocrx_word' id='word_1_57' title='bbox 1152 860 1299 940; x_wconf 91' lang='grc' dir='ltr'><strong><em>τρία</em></strong></span> <span class='ocrx_word' id='word_1_58' title='bbox 1336 850 1563 939; x_wconf 74' lang='grc' dir='ltr'><strong><em>λαβών</em></strong></span> <span class='ocrx_word' id='word_1_59' title='bbox 1598 850 1767 920; x_wconf 78' lang='grc' dir='ltr'><strong><em>αὐτὰ</em></strong></span> <span class='ocrx_word' id='word_1_60' title='bbox 1802 852 1963 923; x_wconf 79' lang='grc' dir='ltr'><strong><em>ὄντα</em></strong></span> <span class='ocrx_word' id='word_1_61' title='bbox 1999 851 2367 943; x_wconf 79' lang='grc' dir='ltr'><strong><em>συνεκερά-</em></strong></span> 
     </span>
     <span class='ocr_line' id='line_1_8' title="bbox 346 948 2369 1040; baseline -0.004 -16"><span class='ocrx_word' id='word_1_62' title='bbox 346 977 506 1024; x_wconf 86' lang='grc' dir='ltr'><strong><em>σατο</em></strong></span> <span class='ocrx_word' id='word_1_63' title='bbox 532 959 624 1032; x_wconf 84' lang='grc' dir='ltr'><strong><em>είς</em></strong></span> <span class='ocrx_word' id='word_1_64' title='bbox 651 958 813 1040; x_wconf 85' lang='grc' dir='ltr'><strong><em>μίαν</em></strong></span> <span class='ocrx_word' id='word_1_65' title='bbox 835 951 1052 1020; x_wconf 89' lang='grc' dir='ltr'><strong><em>πάντα</em></strong></span> <span class='ocrx_word' id='word_1_66' title='bbox 1075 956 1281 1037; x_wconf 82' lang='grc' dir='ltr'><strong><em>ἰδέαν,</em></strong></span> <span class='ocrx_word' id='word_1_67' title='bbox 1300 948 1427 1038; x_wconf 80' lang='grc' dir='ltr'><strong><em>τὴν</em></strong></span> <span class='ocrx_word' id='word_1_68' title='bbox 1447 953 1747 1037; x_wconf 76' lang='grc' dir='ltr'><strong><em>θατέρου</em></strong></span> <span class='ocrx_word' id='word_1_69' title='bbox 1766 951 1976 1036; x_wconf 80' lang='grc' dir='ltr'><strong><em>φύσιν</em></strong></span> <span class='ocrx_word' id='word_1_70' title='bbox 2000 953 2369 1037; x_wconf 78' lang='grc' dir='ltr'><strong><em>δύσμικτον</em></strong></span> 
     </span>
     <span class='ocr_line' id='line_1_9' title="bbox 347 1045 2368 1136; baseline -0.004 -14"><span class='ocrx_word' id='word_1_71' title='bbox 347 1046 559 1123; x_wconf 87' lang='grc' dir='ltr'><strong><em>οὐσαν</em></strong></span> <span class='ocrx_word' id='word_1_72' title='bbox 589 1057 680 1131; x_wconf 82' lang='grc' dir='ltr'><strong><em>εἰς</em></strong></span> <span class='ocrx_word' id='word_1_73' title='bbox 706 1048 959 1119; x_wconf 76' lang='grc' dir='ltr'><strong><em>ταύτὸν</em></strong></span> <span class='ocrx_word' id='word_1_74' title='bbox 978 1050 1450 1136; x_wconf 80' lang='grc' dir='ltr'><strong><em>ξυναρμόττων</em></strong></span> <span class='ocrx_word' id='word_1_75' title='bbox 1479 1053 1623 1136; x_wconf 76' lang='grc' dir='ltr'><strong><em>βίᾳ·</em></strong></span> <span class='ocrx_word' id='word_1_76' title='bbox 1666 1049 1908 1135; x_wconf 79' lang='grc' dir='ltr'><strong><em>μιγνὺς</em></strong></span> <span class='ocrx_word' id='word_1_77' title='bbox 1943 1047 2014 1118; x_wconf 76' lang='grc' dir='ltr'><strong><em>δὲ</em></strong></span> <span class='ocrx_word' id='word_1_78' title='bbox 2053 1045 2218 1135; x_wconf 76' lang='grc' dir='ltr'><strong><em>μετὰ</em></strong></span> <span class='ocrx_word' id='word_1_79' title='bbox 2252 1052 2368 1131; x_wconf 84' lang='grc' dir='ltr'><strong><em>τῆς</em></strong></span> 
     </span>
     <span class='ocr_line' id='line_1_10' title="bbox 263 1145 2366 1236; baseline -0.003 -20"><span class='ocrx_word' id='word_1_80' title='bbox 263 1166 302 1216; x_wconf 92' lang='grc' dir='ltr'><strong><em>Β</em></strong></span> <span class='ocrx_word' id='word_1_81' title='bbox 345 1150 574 1229; x_wconf 79' lang='grc' dir='ltr'><strong><em>οὐσίας</em></strong></span> <span class='ocrx_word' id='word_1_82' title='bbox 614 1151 725 1218; x_wconf 84' lang='grc' dir='ltr'><strong><em>καὶ</em></strong></span> <span class='ocrx_word' id='word_1_83' title='bbox 766 1153 854 1217; x_wconf 75' lang='grc' dir='ltr'><strong><em>έκ·</em></strong></span> <span class='ocrx_word' id='word_1_84' title='bbox 870 1156 1075 1236; x_wconf 79' lang='grc' dir='ltr'><strong><em>τριῶν</em></strong></span> <span class='ocrx_word' id='word_1_85' title='bbox 1112 1146 1555 1235; x_wconf 76' lang='grc' dir='ltr'><strong><em>ποιησάμενος</em></strong></span> <span class='ocrx_word' id='word_1_86' title='bbox 1596 1148 1697 1232; x_wconf 75' lang='grc' dir='ltr'><strong><em>ἓν,</em></strong></span> <span class='ocrx_word' id='word_1_87' title='bbox 1731 1146 1935 1215; x_wconf 86' lang='grc' dir='ltr'><strong><em>πάλιν</em></strong></span> <span class='ocrx_word' id='word_1_88' title='bbox 1971 1145 2135 1216; x_wconf 78' lang='grc' dir='ltr'><strong><em>ὅλον</em></strong></span> <span class='ocrx_word' id='word_1_89' title='bbox 2167 1151 2366 1212; x_wconf 88' lang='grc' dir='ltr'><strong><em>τοῦτο</em></strong></span> 
     </span>
     <span class='ocr_line' id='line_1_11' title="bbox 346 1239 2367 1335; baseline -0.004 -18"><span class='ocrx_word' id='word_1_90' title='bbox 346 1245 639 1335; x_wconf 74' lang='grc' dir='ltr'><strong><em>μοίρας”</em></strong></span> <span class='ocrx_word' id='word_1_91' title='bbox 601 1268 761 1326; x_wconf 89' lang='grc' dir='ltr'><strong><em>οσας</em></strong></span> <span class='ocrx_word' id='word_1_92' title='bbox 784 1255 1078 1334; x_wconf 81' lang='grc' dir='ltr'><strong><em>προσῆκε</em></strong></span> <span class='ocrx_word' id='word_1_93' title='bbox 1109 1249 1458 1332; x_wconf 79' lang='grc' dir='ltr'><strong><em>διένειμεν,</em></strong></span> <span class='ocrx_word' id='word_1_94' title='bbox 1492 1245 1778 1330; x_wconf 78' lang='grc' dir='ltr'><strong><em>ἑκάστην</em></strong></span> <span class='ocrx_word' id='word_1_95' title='bbox 1812 1245 1886 1312; x_wconf 74' lang='grc' dir='ltr'><strong><em>δὲ</em></strong></span> <span class='ocrx_word' id='word_1_96' title='bbox 1914 1249 1989 1312; x_wconf 74' lang='grc' dir='ltr'><strong><em>ἔκ</em></strong></span> <span class='ocrx_word' id='word_1_97' title='bbox 2023 1269 2094 1312; x_wconf 91' lang='grc' dir='ltr'><strong><em>τε</em></strong></span> <span class='ocrx_word' id='word_1_98' title='bbox 2115 1239 2367 1311; x_wconf 85' lang='grc' dir='ltr'><strong><em>ταύτοῦ</em></strong></span> 
     </span>
     <span class='ocr_line' id='line_1_12' title="bbox 346 1340 2368 1463; baseline -0.004 -49"><span class='ocrx_word' id='word_1_99' title='bbox 346 1347 456 1414; x_wconf 88' lang='grc' dir='ltr'><strong><em>καὶ</em></strong></span> <span class='ocrx_word' id='word_1_100' title='bbox 482 1349 777 1430; x_wconf 83' lang='grc' dir='ltr'><strong><em>θατέρου</em></strong></span> <span class='ocrx_word' id='word_1_101' title='bbox 797 1346 907 1413; x_wconf 75' lang='grc' dir='ltr'><strong><em>καὶ</em></strong></span> <span class='ocrx_word' id='word_1_102' title='bbox 940 1352 1054 1431; x_wconf 84' lang='grc' dir='ltr'><strong><em>τῆς</em></strong></span> <span class='ocrx_word' id='word_1_103' title='bbox 1085 1340 1317 1463; x_wconf 72' lang='grc' dir='ltr'><strong><em>οὐσίας</em></strong></span> <span class='ocrx_word' id='word_1_104' title='bbox 1349 1347 1773 1435; x_wconf 80' lang='grc' dir='ltr'><strong><em>μεμιγμένην.</em></strong></span> <span class='ocrx_word' id='word_1_105' title='bbox 1815 1340 2050 1430; x_wconf 76' lang='grc' dir='ltr'><strong><em>ἤρχετο</em></strong></span> <span class='ocrx_word' id='word_1_106' title='bbox 2089 1341 2160 1410; x_wconf 88' lang='grc' dir='ltr'><strong><em>δε</em></strong></span> <span class='ocrx_word' id='word_1_107' title='bbox 2191 1344 2368 1409; x_wconf 89' lang='grc' dir='ltr'><strong><em>διαι-</em></strong></span> 
     </span>
     <span class='ocr_line' id='line_1_13' title="bbox 351 1433 2367 1530; baseline -0.003 -20"><span class='ocrx_word' id='word_1_108' title='bbox 351 1457 491 1530; x_wconf 81' lang='grc' dir='ltr'><strong><em>ρεῖν</em></strong></span> <span class='ocrx_word' id='word_1_109' title='bbox 519 1433 667 1510; x_wconf 89' lang='grc' dir='ltr'><strong><em>ωδε.</em></strong></span> <span class='ocrx_word' id='word_1_110' title='bbox 734 1450 894 1529; x_wconf 89' lang='grc' dir='ltr'><strong><em>μίαν</em></strong></span> <span class='ocrx_word' id='word_1_111' title='bbox 933 1442 1163 1529; x_wconf 80' lang='grc' dir='ltr'><strong><em>ἀφεῖλε</em></strong></span> <span class='ocrx_word' id='word_1_112' title='bbox 1209 1439 1283 1509; x_wconf 86' lang='grc' dir='ltr'>τό</span> <span class='ocrx_word' id='word_1_113' title='bbox 1332 1447 1600 1525; x_wconf 76' lang='grc' dir='ltr'><strong><em>πρῶτον</em></strong></span> <span class='ocrx_word' id='word_1_114' title='bbox 1637 1438 1767 1509; x_wconf 90' lang='grc' dir='ltr'><strong><em>ἀπό</em></strong></span> <span class='ocrx_word' id='word_1_115' title='bbox 1813 1442 2061 1520; x_wconf 79' lang='grc' dir='ltr'><strong><em>παντὸς</em></strong></span> <span class='ocrx_word' id='word_1_116' title='bbox 2101 1454 2367 1528; x_wconf 63' lang='grc' dir='ltr'><strong><em>μοφαν,</em></strong></span> 
     </span>
     <span class='ocr_line' id='line_1_14' title="bbox 347 1530 2366 1628; baseline -0.002 -19"><span class='ocrx_word' id='word_1_117' title='bbox 347 1539 510 1628; x_wconf 76' lang='grc' dir='ltr'><strong><em>μετὰ</em></strong></span> <span class='ocrx_word' id='word_1_118' title='bbox 537 1542 608 1609; x_wconf 76' lang='grc' dir='ltr'><strong><em>δὲ</em></strong></span> <span class='ocrx_word' id='word_1_119' title='bbox 629 1541 881 1628; x_wconf 82' lang='grc' dir='ltr'><strong><em>ταύτην</em></strong></span> <span class='ocrx_word' id='word_1_120' title='bbox 901 1539 1145 1628; x_wconf 81' lang='grc' dir='ltr'><strong><em>ἀφῄρει</em></strong></span> <span class='ocrx_word' id='word_1_121' title='bbox 1181 1544 1534 1609; x_wconf 76' lang='grc' dir='ltr'><strong><em>διπλασίαν</em></strong></span> <span class='ocrx_word' id='word_1_122' title='bbox 1553 1538 1814 1624; x_wconf 81' lang='grc' dir='ltr'><strong><em>ταύτης,</em></strong></span> <span class='ocrx_word' id='word_1_123' title='bbox 1839 1536 1962 1625; x_wconf 82' lang='grc' dir='ltr'><strong><em>την</em></strong></span> <span class='ocrx_word' id='word_1_124' title='bbox 1999 1537 2060 1606; x_wconf 91' lang='grc' dir='ltr'><strong><em>δ’</em></strong></span> <span class='ocrx_word' id='word_1_125' title='bbox 2101 1530 2190 1605; x_wconf 85' lang='grc' dir='ltr'><strong><em>αὐ</em></strong></span> <span class='ocrx_word' id='word_1_126' title='bbox 2221 1544 2366 1621; x_wconf 84' lang='grc' dir='ltr'><strong><em>τρί-</em></strong></span> 
     </span>
     <span class='ocr_line' id='line_1_15' title="bbox 351 1633 2373 1725; baseline -0.002 -20"><span class='ocrx_word' id='word_1_127' title='bbox 351 1664 475 1724; x_wconf 91' lang='grc' dir='ltr'><strong><em>την</em></strong></span> <span class='ocrx_word' id='word_1_128' title='bbox 498 1635 805 1725; x_wconf 84' lang='grc' dir='ltr'><strong><em>ἡμιολίαν</em></strong></span> <span class='ocrx_word' id='word_1_129' title='bbox 826 1640 949 1724; x_wconf 79' lang='grc' dir='ltr'><strong><em>μὲν</em></strong></span> <span class='ocrx_word' id='word_1_130' title='bbox 984 1645 1100 1724; x_wconf 78' lang='grc' dir='ltr'><strong><em>τῆς</em></strong></span> <span class='ocrx_word' id='word_1_131' title='bbox 1135 1641 1466 1722; x_wconf 78' lang='grc' dir='ltr'><strong><em>δευτέρας,</em></strong></span> <span class='ocrx_word' id='word_1_132' title='bbox 1501 1641 1894 1723; x_wconf 80' lang='grc' dir='ltr'><strong><em>τριπλασίαν</em></strong></span> <span class='ocrx_word' id='word_1_133' title='bbox 1930 1636 2003 1705; x_wconf 73' lang='grc' dir='ltr'><strong><em>δὲ</em></strong></span> <span class='ocrx_word' id='word_1_134' title='bbox 2033 1643 2149 1721; x_wconf 85' lang='grc' dir='ltr'><strong><em>τῆς</em></strong></span> <span class='ocrx_word' id='word_1_135' title='bbox 2181 1633 2373 1721; x_wconf 82' lang='grc' dir='ltr'><strong><em>πρώ-</em></strong></span> 
     </span>
     <span class='ocr_line' id='line_1_16' title="bbox 353 1735 2330 1822; baseline -0.001 -19"><span class='ocrx_word' id='word_1_136' title='bbox 353 1763 488 1822; x_wconf 85' lang='grc' dir='ltr'><strong><em>της,</em></strong></span> <span class='ocrx_word' id='word_1_137' title='bbox 521 1735 840 1821; x_wconf 75' lang='grc' dir='ltr'><strong><em>τετάρτην</em></strong></span> <span class='ocrx_word' id='word_1_138' title='bbox 880 1735 952 1802; x_wconf 76' lang='grc' dir='ltr'><strong><em>δὲ</em></strong></span> <span class='ocrx_word' id='word_1_139' title='bbox 986 1742 1101 1821; x_wconf 86' lang='grc' dir='ltr'><strong><em>τῆς</em></strong></span> <span class='ocrx_word' id='word_1_140' title='bbox 1136 1740 1447 1819; x_wconf 82' lang='grc' dir='ltr'><strong><em>δευτέρας</em></strong></span> <span class='ocrx_word' id='word_1_141' title='bbox 1480 1740 1745 1821; x_wconf 84' lang='grc' dir='ltr'><strong><em>διπλῆν,</em></strong></span> <span class='ocrx_word' id='word_1_142' title='bbox 1781 1742 2082 1821; x_wconf 77' lang='grc' dir='ltr'><strong><em>πέμπτην</em></strong></span> <span class='ocrx_word' id='word_1_143' title='bbox 2112 1736 2183 1801; x_wconf 78' lang='grc' dir='ltr'><strong><em>δὲ</em></strong></span> <span class='ocrx_word' id='word_1_144' title='bbox 2221 1758 2330 1819; x_wconf 91' lang='grc' dir='ltr'><strong><em>τρι</em></strong></span> 
     </span>
     <span class='ocr_line' id='line_1_17' title="bbox 284 1828 2370 1920; baseline -0.004 -16"><span class='ocrx_word' id='word_1_145' title='bbox 284 1852 322 1904; x_wconf 82' lang='lat' dir='ltr'>O</span> <span class='ocrx_word' id='word_1_146' title='bbox 357 1840 531 1918; x_wconf 84' lang='grc' dir='ltr'><strong><em>πλῆν</em></strong></span> <span class='ocrx_word' id='word_1_147' title='bbox 564 1838 678 1918; x_wconf 85' lang='grc' dir='ltr'><strong><em>τῆς</em></strong></span> <span class='ocrx_word' id='word_1_148' title='bbox 699 1839 939 1918; x_wconf 89' lang='grc' dir='ltr'><strong><em>τρίτης,</em></strong></span> <span class='ocrx_word' id='word_1_149' title='bbox 964 1830 1085 1916; x_wconf 83' lang='grc' dir='ltr'><strong><em>τὴν</em></strong></span> <span class='ocrx_word' id='word_1_150' title='bbox 1119 1828 1178 1898; x_wconf 89' lang='grc' dir='ltr'><strong><em>δ’</em></strong></span> <span class='ocrx_word' id='word_1_151' title='bbox 1209 1834 1419 1919; x_wconf 64' lang='grc' dir='ltr'><strong><em>οἕκτην</em></strong></span> <span class='ocrx_word' id='word_1_152' title='bbox 1451 1839 1566 1918; x_wconf 83' lang='grc' dir='ltr'><strong><em>τῆς</em></strong></span> <span class='ocrx_word' id='word_1_153' title='bbox 1599 1832 1863 1920; x_wconf 89' lang='grc' dir='ltr'><strong><em>πρώτης</em></strong></span> <span class='ocrx_word' id='word_1_154' title='bbox 1895 1829 2370 1914; x_wconf 80' lang='grc' dir='ltr'><strong><em>ὀκταπλασίαν,</em></strong></span> 
     </span>
     <span class='ocr_line' id='line_1_18' title="bbox 351 1928 2364 2019; baseline -0 -20"><span class='ocrx_word' id='word_1_155' title='bbox 351 1929 641 2019; x_wconf 82' lang='grc' dir='ltr'><strong><em>ἑβδόμην</em></strong></span> <span class='ocrx_word' id='word_1_156' title='bbox 678 1929 747 1997; x_wconf 74' lang='grc' dir='ltr'><strong><em>δὲ</em></strong></span> <span class='ocrx_word' id='word_1_157' title='bbox 791 1930 1560 1999; x_wconf 80' lang='grc' dir='ltr'><strong><em>ἐπτακαιεικοσιπλασίαν</em></strong></span> <span class='ocrx_word' id='word_1_158' title='bbox 1601 1939 1716 2018; x_wconf 81' lang='grc' dir='ltr'><strong><em>τῆς</em></strong></span> <span class='ocrx_word' id='word_1_159' title='bbox 1758 1931 2050 2019; x_wconf 88' lang='grc' dir='ltr'><strong><em>πρώτης·</em></strong></span> <span class='ocrx_word' id='word_1_160' title='bbox 2098 1930 2258 2019; x_wconf 77' lang='grc' dir='ltr'><strong><em>μετὰ</em></strong></span> <span class='ocrx_word' id='word_1_161' title='bbox 2292 1928 2364 1998; x_wconf 73' lang='grc' dir='ltr'><strong><em>δὲ</em></strong></span> 
     </span>
     <span class='ocr_line' id='line_1_19' title="bbox 248 2029 2374 2117; baseline -0 -20"><span class='ocrx_word' id='word_1_162' title='bbox 248 2049 319 2104; x_wconf 81' lang='grc'><strong><em>36</em></strong></span> <span class='ocrx_word' id='word_1_163' title='bbox 355 2037 560 2098; x_wconf 89' lang='grc' dir='ltr'><strong><em>ταῦτα</em></strong></span> <span class='ocrx_word' id='word_1_164' title='bbox 582 2034 1083 2114; x_wconf 81' lang='grc' dir='ltr'><strong><em>συνεπληροῦτο</em></strong></span> <span class='ocrx_word' id='word_1_165' title='bbox 1118 2029 1201 2096; x_wconf 86' lang='grc' dir='ltr'><strong><em>τά</em></strong></span> <span class='ocrx_word' id='word_1_166' title='bbox 1240 2056 1312 2097; x_wconf 89' lang='grc' dir='ltr'><strong><em>τε</em></strong></span> <span class='ocrx_word' id='word_1_167' title='bbox 1346 2030 1658 2099; x_wconf 88' lang='grc' dir='ltr'><strong><em>διπλάσια</em></strong></span> <span class='ocrx_word' id='word_1_168' title='bbox 1692 2034 1802 2099; x_wconf 85' lang='grc' dir='ltr'><strong><em>καὶ</em></strong></span> <span class='ocrx_word' id='word_1_169' title='bbox 1818 2031 2188 2117; x_wconf 76' lang='grc' dir='ltr'><strong><em>τριπλάσια</em></strong></span> <span class='ocrx_word' id='word_1_170' title='bbox 2224 2033 2374 2097; x_wconf 86' lang='grc' dir='ltr'><strong><em>δια-</em></strong></span> 
     </span>
     <span class='ocr_line' id='line_1_20' title="bbox 353 2124 2369 2215; baseline 0 -21"><span class='ocrx_word' id='word_1_171' title='bbox 353 2128 667 2211; x_wconf 81' lang='grc' dir='ltr'><strong><em>στήματα,</em></strong></span> <span class='ocrx_word' id='word_1_172' title='bbox 691 2133 924 2212; x_wconf 89' lang='grc' dir='ltr'><strong><em>μοίρας</em></strong></span> <span class='ocrx_word' id='word_1_173' title='bbox 948 2131 1044 2193; x_wconf 79' lang='grc' dir='ltr'><strong><em>ἔτι</em></strong></span> <span class='ocrx_word' id='word_1_174' title='bbox 1064 2129 1324 2194; x_wconf 75' lang='grc' dir='ltr'><strong><em>έκεῢθεν</em></strong></span> <span class='ocrx_word' id='word_1_175' title='bbox 1357 2126 1748 2215; x_wconf 77' lang='grc' dir='ltr'><strong><em>ἀποτέμνων</em></strong></span> <span class='ocrx_word' id='word_1_176' title='bbox 1782 2130 1892 2197; x_wconf 86' lang='grc' dir='ltr'><strong><em>καὶ</em></strong></span> <span class='ocrx_word' id='word_1_177' title='bbox 1921 2129 2128 2207; x_wconf 75' lang='grc' dir='ltr'><strong><em>τιθεὶς</em></strong></span> <span class='ocrx_word' id='word_1_178' title='bbox 2167 2133 2257 2206; x_wconf 82' lang='grc' dir='ltr'><strong><em>εἰς</em></strong></span> <span class='ocrx_word' id='word_1_179' title='bbox 2291 2124 2369 2195; x_wconf 80' lang='grc' dir='ltr'><strong><em>τὰ</em></strong></span> 
     </span>
     <span class='ocr_line' id='line_1_21' title="bbox 351 2220 2363 2316; baseline 0.001 -25"><span class='ocrx_word' id='word_1_180' title='bbox 351 2220 595 2310; x_wconf 78' lang='grc' dir='ltr'><strong><em>μεταξὺ</em></strong></span> <span class='ocrx_word' id='word_1_181' title='bbox 617 2224 896 2309; x_wconf 86' lang='grc' dir='ltr'><strong><em>τούτων,</em></strong></span> <span class='ocrx_word' id='word_1_182' title='bbox 924 2220 1091 2290; x_wconf 70' lang='grc' dir='ltr'><strong><em>ὥστε</em></strong></span> <span class='ocrx_word' id='word_1_183' title='bbox 1115 2227 1188 2291; x_wconf 83' lang='grc' dir='ltr'><strong><em>ἐν</em></strong></span> <span class='ocrx_word' id='word_1_184' title='bbox 1220 2223 1473 2316; x_wconf 82' lang='grc' dir='ltr'><strong><em>ἑκάστῳ</em></strong></span> <span class='ocrx_word' id='word_1_185' title='bbox 1501 2226 1888 2313; x_wconf 78' lang='grc' dir='ltr'><strong><em>διαστήματι</em></strong></span> <span class='ocrx_word' id='word_1_186' title='bbox 1909 2224 2032 2294; x_wconf 81' lang='grc' dir='ltr'><strong><em>δύο</em></strong></span> <span class='ocrx_word' id='word_1_187' title='bbox 2056 2223 2223 2292; x_wconf 81' lang='grc' dir='ltr'><strong><em>εἶναι</em></strong></span> <span class='ocrx_word' id='word_1_188' title='bbox 2243 2250 2363 2310; x_wconf 88' lang='grc' dir='ltr'><strong><em>με-</em></strong></span> 
     </span>
     <span class='ocr_line' id='line_1_22' title="bbox 354 2318 2367 2412; baseline 0.001 -24"><span class='ocrx_word' id='word_1_189' title='bbox 354 2320 651 2407; x_wconf 88' lang='grc' dir='ltr'><strong><em>σότητας,</em></strong></span> <span class='ocrx_word' id='word_1_190' title='bbox 681 2318 804 2408; x_wconf 78' lang='grc' dir='ltr'><strong><em>τὴν</em></strong></span> <span class='ocrx_word' id='word_1_191' title='bbox 823 2319 947 2407; x_wconf 68' lang='grc' dir='ltr'><strong><em>μὲν</em></strong></span> <span class='ocrx_word' id='word_1_192' title='bbox 976 2319 1197 2412; x_wconf 75' lang='grc' dir='ltr'><strong><em>ταύτῷ</em></strong></span> <span class='ocrx_word' id='word_1_193' title='bbox 1232 2325 1416 2409; x_wconf 86' lang='grc' dir='ltr'><strong><em>μέρει</em></strong></span> <span class='ocrx_word' id='word_1_194' title='bbox 1446 2332 1582 2393; x_wconf 72' lang='grc' dir='ltr'><strong><em>τῶν</em></strong></span> <span class='ocrx_word' id='word_1_195' title='bbox 1613 2323 1839 2410; x_wconf 72' lang='grc' dir='ltr'><strong><em>ἄκρων</em></strong></span> <span class='ocrx_word' id='word_1_196' title='bbox 1876 2321 2099 2392; x_wconf 77' lang='grc' dir='ltr'><strong><em>αὐτῶν</em></strong></span> <span class='ocrx_word' id='word_1_197' title='bbox 2124 2320 2367 2406; x_wconf 80' lang='grc' dir='ltr'><strong><em>ὑπερέ-</em></strong></span> 
     </span>
     <span class='ocr_line' id='line_1_23' title="bbox 350 2417 2368 2511; baseline 0.001 -25"><span class='ocrx_word' id='word_1_198' title='bbox 350 2440 604 2505; x_wconf 91' lang='grc' dir='ltr'><strong><em>χουσαν</em></strong></span> <span class='ocrx_word' id='word_1_199' title='bbox 628 2419 738 2487; x_wconf 85' lang='grc' dir='ltr'><strong><em>καὶ</em></strong></span> <span class='ocrx_word' id='word_1_200' title='bbox 759 2417 1272 2506; x_wconf 81' lang='grc' dir='ltr'><strong><em>ὑπερεχομένην,</em></strong></span> <span class='ocrx_word' id='word_1_201' title='bbox 1309 2420 1433 2507; x_wconf 73' lang='grc' dir='ltr'><strong><em>τὴν</em></strong></span> <span class='ocrx_word' id='word_1_202' title='bbox 1466 2420 1538 2489; x_wconf 75' lang='grc' dir='ltr'><strong><em>δὲ</em></strong></span> <span class='ocrx_word' id='word_1_203' title='bbox 1570 2432 1693 2511; x_wconf 75' lang='grc' dir='ltr'><strong><em>ἴσῳ</em></strong></span> <span class='ocrx_word' id='word_1_204' title='bbox 1726 2421 1851 2509; x_wconf 67' lang='grc' dir='ltr'><strong><em>μὲν</em></strong></span> <span class='ocrx_word' id='word_1_205' title='bbox 1885 2419 2034 2491; x_wconf 85' lang='grc' dir='ltr'><strong><em>κατ’</em></strong></span> <span class='ocrx_word' id='word_1_206' title='bbox 2069 2418 2368 2508; x_wconf 77' lang='grc' dir='ltr'><strong><em>ἀριθμὸν</em></strong></span> 
     </span>
     <span class='ocr_line' id='line_1_24' title="bbox 352 2514 2367 2607; baseline 0.001 -22"><span class='ocrx_word' id='word_1_207' title='bbox 352 2514 829 2603; x_wconf 78' lang='grc' dir='ltr'><strong><em>ὑπερέχουσαν,</em></strong></span> <span class='ocrx_word' id='word_1_208' title='bbox 852 2526 975 2607; x_wconf 71' lang='grc' dir='ltr'><strong><em>ἴσῳ</em></strong></span> <span class='ocrx_word' id='word_1_209' title='bbox 1004 2517 1076 2586; x_wconf 73' lang='grc' dir='ltr'><strong><em>δὲ</em></strong></span> <span class='ocrx_word' id='word_1_210' title='bbox 1099 2515 1594 2607; x_wconf 80' lang='grc' dir='ltr'><strong><em>ὑπερεχομένην</em></strong></span> <span class='ocrx_word' id='word_1_211' title='bbox 1608 2545 1627 2563; x_wconf 91' lang='grc'><strong><em>·</em></strong></span> <span class='ocrx_word' id='word_1_212' title='bbox 1670 2517 1989 2607; x_wconf 79' lang='grc' dir='ltr'><strong><em>ἡμιολίων</em></strong></span> <span class='ocrx_word' id='word_1_213' title='bbox 2013 2520 2083 2588; x_wconf 75' lang='grc' dir='ltr'><strong><em>δὲ</em></strong></span> <span class='ocrx_word' id='word_1_214' title='bbox 2106 2520 2367 2587; x_wconf 86' lang='grc' dir='ltr'><strong><em>διαστά-</em></strong></span> 
     </span>
     <span class='ocr_line' id='line_1_25' title="bbox 357 2615 2364 2704; baseline 0.001 -21"><span class='ocrx_word' id='word_1_215' title='bbox 357 2633 531 2683; x_wconf 90' lang='grc' dir='ltr'><strong><em>σεων</em></strong></span> <span class='ocrx_word' id='word_1_216' title='bbox 555 2616 667 2683; x_wconf 86' lang='grc' dir='ltr'><strong><em>καὶ</em></strong></span> <span class='ocrx_word' id='word_1_217' title='bbox 697 2617 1045 2701; x_wconf 79' lang='grc' dir='ltr'><strong><em>ἐπιτρίτων</em></strong></span> <span class='ocrx_word' id='word_1_218' title='bbox 1072 2618 1184 2683; x_wconf 83' lang='grc' dir='ltr'><strong><em>καὶ</em></strong></span> <span class='ocrx_word' id='word_1_219' title='bbox 1216 2615 1560 2702; x_wconf 77' lang='grc' dir='ltr'><strong><em>ἐπογδόων</em></strong></span> <span class='ocrx_word' id='word_1_220' title='bbox 1591 2624 1970 2704; x_wconf 82' lang='grc' dir='ltr'><strong><em>γενομένων</em></strong></span> <span class='ocrx_word' id='word_1_221' title='bbox 2006 2619 2078 2685; x_wconf 86' lang='grc' dir='ltr'><strong><em>έκ</em></strong></span> <span class='ocrx_word' id='word_1_222' title='bbox 2102 2617 2364 2685; x_wconf 84' lang='grc' dir='ltr'><strong><em>τούτων</em></strong></span> 
     </span>
     <span class='ocr_line' id='line_1_26' title="bbox 284 2713 2373 2806; baseline -0 -23"><span class='ocrx_word' id='word_1_223' title='bbox 284 2738 323 2788; x_wconf 86' lang='grc' dir='ltr'>Β</span> <span class='ocrx_word' id='word_1_224' title='bbox 357 2721 493 2783; x_wconf 78' lang='grc' dir='ltr'><strong><em>τῶν</em></strong></span> <span class='ocrx_word' id='word_1_225' title='bbox 529 2717 791 2801; x_wconf 81' lang='grc' dir='ltr'><strong><em>δεσμών</em></strong></span> <span class='ocrx_word' id='word_1_226' title='bbox 824 2716 899 2781; x_wconf 84' lang='grc' dir='ltr'><strong><em>έν</em></strong></span> <span class='ocrx_word' id='word_1_227' title='bbox 941 2727 1080 2793; x_wconf 76' lang='grc' dir='ltr'><strong><em>ταῖς</em></strong></span> <span class='ocrx_word' id='word_1_228' title='bbox 1110 2713 1413 2798; x_wconf 78' lang='grc' dir='ltr'><strong><em>πρόσθεν</em></strong></span> <span class='ocrx_word' id='word_1_229' title='bbox 1455 2717 1853 2800; x_wconf 80' lang='grc' dir='ltr'><strong><em>διαστάσεσι,</em></strong></span> <span class='ocrx_word' id='word_1_230' title='bbox 1884 2724 1979 2806; x_wconf 73' lang='grc' dir='ltr'><strong><em>τῷ</em></strong></span> <span class='ocrx_word' id='word_1_231' title='bbox 2010 2721 2132 2783; x_wconf 88' lang='grc' dir='ltr'><strong><em>τοῦ</em></strong></span> <span class='ocrx_word' id='word_1_232' title='bbox 2168 2717 2373 2799; x_wconf 78' lang='grc' dir='ltr'><strong><em>έπογ-</em></strong></span> 
     </span>
     <span class='ocr_line' id='line_1_27' title="bbox 360 2810 2372 2902; baseline 0 -23"><span class='ocrx_word' id='word_1_233' title='bbox 360 2810 525 2879; x_wconf 89' lang='grc' dir='ltr'><strong><em>δόου</em></strong></span> <span class='ocrx_word' id='word_1_234' title='bbox 548 2812 933 2900; x_wconf 83' lang='grc' dir='ltr'><strong><em>διαστήματι</em></strong></span> <span class='ocrx_word' id='word_1_235' title='bbox 954 2810 1034 2880; x_wconf 79' lang='grc' dir='ltr'><strong><em>τὰ</em></strong></span> <span class='ocrx_word' id='word_1_236' title='bbox 1057 2815 1349 2896; x_wconf 82' lang='grc' dir='ltr'><strong><em>ἐπίτριτα</em></strong></span> <span class='ocrx_word' id='word_1_237' title='bbox 1371 2813 1586 2883; x_wconf 90' lang='grc' dir='ltr'><strong><em>πάντα</em></strong></span> <span class='ocrx_word' id='word_1_238' title='bbox 1599 2818 2112 2902; x_wconf 79' lang='grc' dir='ltr'><strong><em>ξυνεπληροῦτο,</em></strong></span> <span class='ocrx_word' id='word_1_239' title='bbox 2125 2818 2372 2882; x_wconf 85' lang='grc' dir='ltr'><strong><em>λείπων</em></strong></span> 
     </span>
     <span class='ocr_line' id='line_1_28' title="bbox 360 2905 2374 3025; baseline 0.001 -50"><span class='ocrx_word' id='word_1_240' title='bbox 360 2905 584 2976; x_wconf 75' lang='grc' dir='ltr'><strong><em>αὐτῶν</em></strong></span> <span class='ocrx_word' id='word_1_241' title='bbox 615 2909 897 2979; x_wconf 81' lang='grc' dir='ltr'><strong><em>ἑκάστου</em></strong></span> <span class='ocrx_word' id='word_1_242' title='bbox 918 2908 1174 3025; x_wconf 82' lang='grc' dir='ltr'><strong><em>μόριον,</em></strong></span> <span class='ocrx_word' id='word_1_243' title='bbox 1204 2918 1319 2997; x_wconf 86' lang='grc' dir='ltr'><strong><em>τῆς</em></strong></span> <span class='ocrx_word' id='word_1_244' title='bbox 1339 2912 1411 2980; x_wconf 70' lang='grc' dir='ltr'><strong><em>δὲ</em></strong></span> <span class='ocrx_word' id='word_1_245' title='bbox 1432 2920 1556 2980; x_wconf 94' lang='grc' dir='ltr'><strong><em>τοῦ</em></strong></span> <span class='ocrx_word' id='word_1_246' title='bbox 1574 2919 1815 3000; x_wconf 90' lang='grc' dir='ltr'><strong><em>μορίου</em></strong></span> <span class='ocrx_word' id='word_1_247' title='bbox 1836 2910 2079 2998; x_wconf 81' lang='grc' dir='ltr'><strong><em>ταύτης</em></strong></span> <span class='ocrx_word' id='word_1_248' title='bbox 2100 2909 2374 2977; x_wconf 90' lang='grc' dir='ltr'><strong><em>διαστά-</em></strong></span> 
     </span>
     <span class='ocr_line' id='line_1_29' title="bbox 360 3003 2368 3096; baseline -0 -22"><span class='ocrx_word' id='word_1_249' title='bbox 360 3029 523 3088; x_wconf 86' lang='grc' dir='ltr'><strong><em>σεως</em></strong></span> <span class='ocrx_word' id='word_1_250' title='bbox 568 3016 952 3095; x_wconf 78' lang='grc' dir='ltr'><strong><em>λειφθείσης</em></strong></span> <span class='ocrx_word' id='word_1_251' title='bbox 998 3005 1299 3094; x_wconf 84' lang='grc' dir='ltr'><strong><em>ἀριθμοῦ</em></strong></span> <span class='ocrx_word' id='word_1_252' title='bbox 1343 3006 1510 3096; x_wconf 83' lang='grc' dir='ltr'><strong><em>πρὸς</em></strong></span> <span class='ocrx_word' id='word_1_253' title='bbox 1552 3006 1849 3096; x_wconf 80' lang='grc' dir='ltr'><strong><em>ἀριθμὸν</em></strong></span> <span class='ocrx_word' id='word_1_254' title='bbox 1889 3008 2166 3094; x_wconf 81' lang='grc' dir='ltr'><strong><em>ἐχούσης</em></strong></span> <span class='ocrx_word' id='word_1_255' title='bbox 2205 3003 2368 3087; x_wconf 85' lang='grc' dir='ltr'><strong><em>τούς</em></strong></span> 
     </span>
     <span class='ocr_line' id='line_1_30' title="bbox 360 3103 2368 3228; baseline 0 -54"><span class='ocrx_word' id='word_1_256' title='bbox 360 3103 563 3192; x_wconf 86' lang='grc' dir='ltr'><strong><em>όρους</em></strong></span> <span class='ocrx_word' id='word_1_257' title='bbox 600 3108 666 3185; x_wconf 79' lang='grc' dir='ltr'><strong><em>ἓξ</em></strong></span> <span class='ocrx_word' id='word_1_258' title='bbox 701 3108 811 3173; x_wconf 82' lang='grc' dir='ltr'><strong><em>καὶ</em></strong></span> <span class='ocrx_word' id='word_1_259' title='bbox 852 3105 1263 3228; x_wconf 75' lang='grc' dir='ltr'><strong><em>πεντήκοντα</em></strong></span> <span class='ocrx_word' id='word_1_260' title='bbox 1306 3110 1417 3176; x_wconf 89' lang='grc' dir='ltr'><strong><em>καὶ</em></strong></span> <span class='ocrx_word' id='word_1_261' title='bbox 1460 3113 1817 3178; x_wconf 87' lang='grc' dir='ltr'><strong><em>διακοσίων</em></strong></span> <span class='ocrx_word' id='word_1_262' title='bbox 1860 3107 2026 3191; x_wconf 79' lang='grc' dir='ltr'><strong><em>πρὸς</em></strong></span> <span class='ocrx_word' id='word_1_263' title='bbox 2065 3111 2214 3194; x_wconf 90' lang='grc' dir='ltr'><strong><em>τρία</em></strong></span> <span class='ocrx_word' id='word_1_264' title='bbox 2256 3109 2368 3175; x_wconf 81' lang='grc' dir='ltr'><strong><em>καὶ</em></strong></span> 
     </span>
     <span class='ocr_line' id='line_1_31' title="bbox 357 3197 2372 3295; baseline 0 -23"><span class='ocrx_word' id='word_1_265' title='bbox 357 3204 839 3289; x_wconf 87' lang='grc' dir='ltr'><strong><em>τετταράκοντα</em></strong></span> <span class='ocrx_word' id='word_1_266' title='bbox 859 3207 968 3273; x_wconf 88' lang='grc' dir='ltr'><strong><em>καὶ</em></strong></span> <span class='ocrx_word' id='word_1_267' title='bbox 1001 3206 1322 3274; x_wconf 89' lang='grc' dir='ltr'><strong><em>διακόσια.</em></strong></span> <span class='ocrx_word' id='word_1_268' title='bbox 1382 3209 1491 3277; x_wconf 85' lang='grc' dir='ltr'><strong><em>καὶ</em></strong></span> <span class='ocrx_word' id='word_1_269' title='bbox 1527 3207 1607 3295; x_wconf 75' lang='grc' dir='ltr'><strong><em>δὴ</em></strong></span> <span class='ocrx_word' id='word_1_270' title='bbox 1637 3210 1747 3276; x_wconf 84' lang='grc' dir='ltr'><strong><em>καὶ</em></strong></span> <span class='ocrx_word' id='word_1_271' title='bbox 1781 3205 1857 3275; x_wconf 81' lang='grc' dir='ltr'><strong><em>τὰ</em></strong></span> <span class='ocrx_word' id='word_1_272' title='bbox 1892 3210 2152 3292; x_wconf 76' lang='grc' dir='ltr'><strong><em>μιχθέν,</em></strong></span> <span class='ocrx_word' id='word_1_273' title='bbox 2184 3208 2252 3285; x_wconf 77' lang='grc' dir='ltr'><strong><em>ἐξ</em></strong></span> <span class='ocrx_word' id='word_1_274' title='bbox 2285 3197 2372 3272; x_wconf 83' lang='grc' dir='ltr'><strong><em>οῦ</em></strong></span> 
     </span>
     <span class='ocr_line' id='line_1_32' title="bbox 353 3296 2370 3395; baseline 0 -23"><span class='ocrx_word' id='word_1_275' title='bbox 353 3312 561 3372; x_wconf 89' lang='grc' dir='ltr'><strong><em>ταῦτα</em></strong></span> <span class='ocrx_word' id='word_1_276' title='bbox 581 3307 994 3394; x_wconf 85' lang='grc' dir='ltr'><strong><em>κατέτεμνεν,</em></strong></span> <span class='ocrx_word' id='word_1_277' title='bbox 1017 3305 1231 3388; x_wconf 77' lang='grc' dir='ltr'><strong><em>οὕτως</em></strong></span> <span class='ocrx_word' id='word_1_278' title='bbox 1267 3306 1396 3395; x_wconf 81' lang='grc' dir='ltr'><strong><em>ἤδη</em></strong></span> <span class='ocrx_word' id='word_1_279' title='bbox 1418 3314 1553 3375; x_wconf 77' lang='grc' dir='ltr'><strong><em>πᾶν</em></strong></span> <span class='ocrx_word' id='word_1_280' title='bbox 1580 3303 1926 3392; x_wconf 74' lang='grc' dir='ltr'><strong><em>ἀνηλώκει.</em></strong></span> <span class='ocrx_word' id='word_1_281' title='bbox 1968 3303 2218 3391; x_wconf 85' lang='grc' dir='ltr'><strong><em>ταύτην</em></strong></span> <span class='ocrx_word' id='word_1_282' title='bbox 2240 3296 2370 3372; x_wconf 80' lang='grc' dir='ltr'><strong><em>οὖν</em></strong></span> 
     </span>
     <span class='ocr_line' id='line_1_33' title="bbox 355 3401 2367 3492; baseline 0.001 -24"><span class='ocrx_word' id='word_1_283' title='bbox 355 3427 481 3487; x_wconf 88' lang='grc' dir='ltr'><strong><em>την</em></strong></span> <span class='ocrx_word' id='word_1_284' title='bbox 523 3401 832 3480; x_wconf 84' lang='grc' dir='ltr'><strong><em>ξύστασιν</em></strong></span> <span class='ocrx_word' id='word_1_285' title='bbox 873 3413 1094 3473; x_wconf 79' lang='grc' dir='ltr'><strong><em>πᾶσαν</em></strong></span> <span class='ocrx_word' id='word_1_286' title='bbox 1138 3410 1379 3492; x_wconf 85' lang='grc' dir='ltr'><strong><em>διπλῆν</em></strong></span> <span class='ocrx_word' id='word_1_287' title='bbox 1433 3402 1599 3474; x_wconf 82' lang='grc' dir='ltr'><strong><em>κατὰ</em></strong></span> <span class='ocrx_word' id='word_1_288' title='bbox 1641 3412 1848 3492; x_wconf 85' lang='grc' dir='ltr'><strong><em>μῆκος</em></strong></span> <span class='ocrx_word' id='word_1_289' title='bbox 1891 3408 2114 3489; x_wconf 88' lang='grc' dir='ltr'><strong><em>σχίσας</em></strong></span> <span class='ocrx_word' id='word_1_290' title='bbox 2157 3405 2367 3489; x_wconf 86' lang='grc' dir='ltr'><strong><em>μέσην</em></strong></span> 
     </span>
    </p>
   </div>
  </div>
 </body>
</html>
