2602 3928
332 224 459 292 224
1070 227 1637 288 ΠΛΑΤῼΝΟΣ

333 389 508 457 ἕλκει
541 405 653 456 καῖ
690 384 925 472 ἀνοίγει
969 384 1110 453 ἅνω
1129 437 1147 473 ,
1196 394 1582 472 συνερίθοις
1623 390 1735 458 καὶ
1782 406 2350 478 συμπεριαγωγοῖς

332 489 634 574 χρωμένη
655 479 756 563 αἷς
782 484 1149 571 διήλθομεν
1165 487 1447 570 τέχναις·
1476 484 1553 565 ἃς
1575 487 1929 575 ἐπιστήμας
1951 491 2074 576 μὲν
2097 487 2349 558 πολλοί-

331 611 434 664 κις
457 588 903 667 προσείπομεν
920 580 1029 648 διὰ
1052 579 1127 649 τὸ
1152 586 1332 666 ἔθος,
1358 584 1620 650 δέονται
1654 583 1725 652 δὲ
1760 583 2086 672 ὀνόματος
2117 585 2345 673 ἄλλον,

332 685 810 768 ἐναργεστέρου
831 675 1016 766 μὲνῆ
1041 679 1251 765 δόξης,
1291 677 1752 766 ἀμυδροτέρου
1788 682 1859 752 δὲ
1893 682 1939 769 ἦ
1972 685 2343 770 ἐπιστήμης.

333 778 637 847 διάνοιαν
658 779 729 847 δὲ
749 774 959 864 αὐτὴν
984 783 1057 845 ἔν
1086 803 1162 862 γε
1184 787 1278 868 τῷ
1301 776 1607 862 πρόσθεν
1629 803 1761 848 που
1783 778 2189 868 ωρισάμεθα
2213 786 2349 848 ἔστι
2399 859 2406 865 ,

333 875 396 944 δ’
403 875 538 965 ,ὥς
562 878 704 963 ἐμοὶ
727 881 927 962 δοκεῖ,
952 872 1036 943 ού
1059 872 1267 960 περὶ’
1233 876 1559 962 ονόματος
1577 873 2109 999 ἀμφισβήτησις,
2117 874 2214 958 οἷς
2234 906 2346 946 το-

258 987 299 1036 Ε
335 974 597 1043 σούτων
630 978 779 1096 πέρι
814 975 1039 1056 σκέψις
1073 973 1258 1041 ὅσων
1290 970 1451 1060 ἡμῖν
1484 974 1843 1060 πρόκειται.
1894 974 1997 1044 Ού
2031 974 2161 1061 γὰρ
2200 1002 2345 1061 ουν,

327 1078 484 1160 ἔφη·
529 1070 675 1141 ἀλλ’
709 1068 749 1139 ὂ
769 1099 858 1139 αν
882 1072 1094 1158 μόνον
1116 1075 1310 1158 δηλοῖ
1324 1068 1492 1158 πρὸς
1513 1069 1636 1157 τήν
1658 1076 1779 1152 ἔξω
1766 1073 2188 1195 σαφήνειαν,
2212 1071 2302 1140 *ἃ
2315 1082 2347 1120 *

327 1175 503 1257 λέγει
526 1172 601 1238 έν
625 1176 862 1258 ψυχῇ,*
874 1168 1140 1257 ἀρκέσει
1152 1175 1201 1233 *.
1222 1165 1512 1255 Ἀρέσκει
1531 1177 1723 1254 γοῦν,
1747 1163 1836 1256 ἦν
1853 1168 1912 1238 δ’
1942 1171 2093 1257 ἐγώ,
2120 1169 2344 1256 ωσπερ

329 1267 403 1336 τό
429 1268 779 1356 πρότερον,
816 1266 942 1354 τὴν
968 1269 1091 1354 μὲν
1124 1268 1396 1352 πρώτην
1427 1279 1668 1353 μοῖραν
1702 1268 2066 1356 ἐπιστήμην
2098 1278 2346 1355 καλεῖν,
2449 1285 2451 1287 ’

191 1379 299 1434 534
340 1370 656 1454 δευτέραν
679 1366 750 1434 δὲ
773 1366 1092 1451 διάνοιαν,
1114 1370 1342 1452 τρίτην
1357 1362 1430 1432 δὲ
1451 1375 1671 1433 πίστιν
1685 1367 1794 1434 καὶ
1808 1372 2103 1436 εἰκασίαν
2114 1369 2346 1455 τετάρ-

328 1489 480 1551 την·
524 1464 635 1530 καὶ
658 1461 1122 1549 ξυναμφότερα
1151 1461 1276 1547 μὲν
1294 1469 1502 1529 ταῦτα
1525 1462 1747 1555 δόξαν,
1773 1464 2240 1554 ξυναμφότερα
2278 1462 2342 1534 δ’

330 1566 549 1630 ἐκεῖνα
570 1561 836 1647 νόησιν·
861 1551 971 1627 καὶ
995 1560 1198 1639 δόξαν
1220 1559 1346 1644 μὲν
1370 1561 1519 1642 περὶ
1538 1564 1820 1650 γένεσιν,
1843 1564 2080 1650 νόησιν
2103 1567 2176 1631 δὲ
2197 1568 2344 1651 περὶ

203 1720 220 1731 .
332 1657 568 1727 οὐσίαν
587 1684 601 1699 ·
647 1662 758 1726 καὶ
781 1655 820 1726 ὅ
840 1684 901 1725 τι
925 1656 1117 1725 ούσία
1138 1653 1308 1739 πρὸς
1328 1661 1610 1744 γένεσιν,
1651 1658 1888 1745 νόησιν
1920 1658 2087 1745 πρὸς
2120 1661 2342 1748 δόξαν,

330 1759 439 1826 καὶ
479 1754 520 1824 ὅ
561 1783 622 1824 τι
657 1756 891 1842 νόησις
925 1752 1091 1840 πρὸς
1120 1755 1344 1839 δόξαν,
1382 1756 1746 1842 ἐπιστήμην
1777 1756 1945 1842 πρὸς
1980 1765 2201 1826 πίστιν
2236 1760 2344 1826 καὶ

332 1854 637 1923 διάνοιαν
658 1856 824 1940 πρὸς
848 1858 1173 1921 εἰκασίαν·
1215 1850 1340 1937 τὴν
1376 1848 1439 1920 δ’
1457 1850 1578 1939 ἐφ’
1613 1848 1710 1932 οἷς
1741 1861 1962 1922 ταῦταΧ
1981 1853 2345 1942 ἀναλογίαν

333 1954 444 2021 καὶ
489 1956 810 2038 διαίρεσιν
853 1955 1003 2038 διχῇ
1045 1950 1380 2037 ἑκατέρου,
1436 1953 1760 2032 δοξαστοῦ
1807 1979 1877 2021 τε
1924 1956 2034 2021 καὶ
2075 1960 2343 2041 νοητοῦ,

330 2056 561 2137 ἐῶμεν,
611 2042 664 2115 03
710 2048 1060 2132 Γλαύκων,
1103 2053 1214 2116 ἵνα
1248 2047 1336 2137 μὴ
1373 2048 1545 2137 ἡμᾶς
1570 2058 2082 2119 πολλαπλασίων
2125 2053 2344 2138 λόγων

3 2159 296 2238 κμγ’-Β
331 2146 630 2234 ἐμπλήσῃ
671 2141 717 2232 ἢ
757 2144 941 2214 ὅσων
980 2150 1049 2214 oc
1087 2148 1642 2234 παρεληλυθότες.
1704 2147 1893 2217 Ἀλλά
1935 2148 2070 2235 μὴν
2112 2150 2339 2237 ἔμοιγ’,

331 2250 481 2332 ἔφη,
504 2244 588 2313 τά
620 2270 694 2329 γε
729 2242 916 2330 ἄλλα,
948 2243 1113 2312 καθ’
1155 2244 1319 2314 ὅσον
1353 2246 1643 2334 δύναμαι
1681 2249 1979 2333 ἕπεσθαι,
2021 2251 2339 2329 ξυνδοκεῖ.

322 2337 409 2411 Ἦ
421 2344 532 2411 καὶ
562 2340 973 2411 διαλεκτικὸν
1001 2352 1220 2424 καλεῖς
1242 2343 1365 2413 τὸν
1389 2345 1594 2431 λόγον
1617 2345 1898 2414 ἑκάστου
1920 2348 2341 2434 λαμβάνοντα

331 2447 449 2527 τῆς
471 2436 732 2523 ούσίαςς
756 2443 866 2508 καὶ
886 2442 1107 2528 τὸνμὴ
1132 2447 1383 2529 ἔχοντα,
1409 2442 1573 2511 καθ’
1599 2441 1764 2511 οσον
1785 2471 1871 2512 αν
1892 2445 1982 2531 μὴ
2007 2449 2120 2532 ἔχῃ
2143 2446 2343 2529 λόγον

335 2536 519 2629 αύτω
540 2564 609 2606 τε
633 2540 744 2608 καὶ
764 2538 942 2630 ἄλλω
968 2539 1246 2626 διδόναι,
1287 2542 1454 2610 κατὰ
1476 2550 1800 2611 τοσοῦτον
1821 2549 1994 2611 νοῦν
2014 2546 2163 2628 περὶ
2185 2544 2343 2611 τού-

331 2662 454 2706 του
478 2634 561 2705 ού
583 2633 815 2724 φήσεις
838 2642 1039 2723 ἔχεινς
1081 2647 1238 2720 Πως
1258 2641 1389 2726 γὰρ
1411 2667 1518 2725 αν,
1555 2632 1600 2726 ἦ
1632 2638 1694 2708 δ’
1739 2667 1836 2727 ος,
1875 2647 2111 2729 φαίην,
2162 2639 2344 2710 Ούκ-
2464 2680 2469 2683 ’

334 2742 459 2803 οῦν
491 2737 602 2804 καὶ
625 2737 773 2822 περὶ
805 2743 927 2805 τοῦ
962 2735 1224 2821 ἀγαθοῦ
1264 2735 1605 2817 ωσαύτως·
1647 2765 1720 2818 ος
1756 2765 1843 2806 αν
1877 2737 1964 2826 μὴ
1993 2747 2106 2828 ἔχῃ
2134 2745 2345 2828 διορί·

336 2843 580 2901 σασθαι
605 2840 697 2923 τῷ
722 2834 899 2924 λόγῳ
924 2832 1053 2902 ἀπὸ
1078 2861 1215 2903 των
1234 2835 1458 2905 αλλων
1480 2835 1750 2905 πάντων
1773 2834 2046 2924 ἀφελων
2078 2838 2202 2924 τὴν
2222 2845 2347 2905 τοῦ

269 2946 313 2998 G
340 2928 608 3015 ἀγαθοῦ
648 2936 849 3017 ἰδέαν,
886 2935 997 3000 καὶ
1039 2932 1258 3019 ὥσπερ
1304 2937 1378 3003 έν
1409 2937 1583 3023 μα’χῃ
1620 2933 1728 3004 διά
1754 2935 2029 3004 πάντων
2065 2939 2344 3022 ἐλέγχων

336 3028 615 3113 διεξιων,
638 3056 726 3116 μη
753 3027 919 3097 κατὰ
941 3032 1140 3112 δόξαν
1162 3032 1332 3102 ἀλλά
1354 3032 1499 3101 κατ’
1530 3034 1767 3102 ούσίαν
1788 3036 2343 3122 προθυμούμενος

334 3130 639 3214 ἐλέγχειν,
669 3133 740 3195 ἐν
765 3133 929 3196 πασι
949 3129 1204 3211 τούτοις
1233 3132 1482 3200 ἀπτωτι
1509 3142 1604 3222 τῷ
1635 3133 1813 3223 λόγῳ
1851 3133 2340 3219 διαπορεύηται,

334 3249 489 3293 ουτε
523 3222 683 3293 αὐτὸ
718 3223 792 3293 τὰ
828 3224 1095 3312 ἀγαθὰν
1138 3228 1371 3317 φήσεις
1414 3234 1659 3299 εἰδέναι
1702 3229 1824 3299 τὸν
1859 3230 2071 3311 οὕτως
2109 3237 2342 3317 ἔχοντα

336 3348 489 3390 ουτε
511 3321 671 3391 αλλο
697 3319 959 3411 ἀγαθὸν
995 3324 1215 3414 οὐδέν,
1244 3326 1391 3398 ἀλλ’
1428 3338 1495 3398 εἴ
1523 3353 1615 3417 πῃ
1647 3327 1927 3398 εἰδω’λου
1962 3327 2140 3409 τινὸς
2174 3328 2341 3415 ἐφά-

329 3444 578 3508 πτεται,
602 3422 779 3513 δόξῃ,
806 3423 930 3494 οὐκ
952 3424 1272 3518 ἐπιστήμῃ
1294 3427 1729 3517 ἐφάπτεσθαι,
1765 3428 2016 3498 καὶτὸν
2037 3435 2170 3497 νῦν
2190 3433 2340 3518 βίον
