2602 3928
937 211 1332 269 HOAITE
1351 210 1522 269 ιΑΣ
1546 203 1616 286 γ’.
2119 280 2125 286 ,
2172 209 2251 275 71

414 376 512 440 lv.
548 378 632 440 Τί
648 373 726 441 δέ
735 400 754 454 3
797 383 1018 440 ποιεῖν
1040 368 1256 454 ἄνδρα
1276 367 1399 437 τὸν
1422 370 1818 455 σοφώτατον
1839 376 2139 459 λέγοντα,
2164 370 2255 460 ὡς
2281 378 2286 383 ’

248 472 436 536 δοκεῖ
451 466 634 558 αὐτῷ
643 467 1002 536 κάλλιστον
1024 463 1194 534 εἶναι
1215 464 1509 551 πάντων,
1526 465 1692 535 ὅτἀν
1708 476 2105 554 παραπλεται
2128 462 2252 539 οἷσι

244 566 553 652 τράπεζαι

369 669 559 732 σίτου
576 664 688 731 καὶ
708 668 982 748 κρειῶν,
1026 662 1206 747 με’θυ
1237 658 1290 727 δ’
1322 663 1394 728 ἐκ
1416 666 1747 749 κρητῆρος
1771 660 2104 749 ἀφύσσων
2289 668 2327 718 Β

371 761 669 849 οίνοχόος
690 763 972 849 φορέῃσι
991 759 1103 827 καὶ
1121 761 1338 845 ἐγχείῃ
1365 758 1699 847 δεπάεσσι,

242 866 432 928 δοκεῖ
446 879 553 927 σοι
575 858 947 945 ἐπιτήδειον
970 855 1139 926 εἶναι
1173 854 1342 941 πρὸς
1375 857 1764 944 ἐγκράτειαν
1786 860 2033 927 ἑαυτοῦ
2054 857 2251 928 ἀκού·

243 985 346 1027 ειν
366 961 526 1046 νέως
571 952 617 1044 ἦ
637 955 711 1024 τὰ

414 1062 580 1145 λιμῷ
606 1051 660 1122 δ’
688 1063 1021 1122 οἴκτιστον
1037 1056 1317 1120 θανέειν
1337 1054 1449 1121 καὶ
1470 1052 1730 1141 πότμον
1750 1056 2082 1137 ἐπισπεῖν;

239 1151 285 1241 ἢ
310 1160 463 1239 Δία,
506 1151 986 1221 καθευδόντων
1005 1157 1143 1218 τῶν
1163 1148 1389 1217 ἄλλων
1410 1158 1598 1217 θεῶν
1617 1175 1689 1217 τε
1722 1152 1832 1219 καὶ
1866 1149 2253 1237 ἀνθρώπων

241 1255 353 1321 καὶ
392 1251 598 1338 μόνος
638 1246 1017 1337 ἐγρηγορώς
1059 1243 1104 1315 δι’
1146 1248 1623 1335 ἐβουλεύσατο,
1680 1249 1939 1317 τούτων
1980 1250 2253 1319 πάντων

243 1355 486 1440 ῥαδίως
529 1346 1150 1433 ἐπιλανθανόμενον
1193 1342 1300 1413 διὰ
1340 1344 1464 1432 τὴν
1485 1353 1622 1413 τῶν
1653 1343 2067 1432 ἀφροδισίων
2110 1349 2253 1416 ἐπι-
2289 1371 2326 1424 c

244 1453 523 1534 θυμίαν,
540 1446 651 1513 καὶ
664 1442 878 1521 οὕτως
888 1445 1295 1527 ἐκπλαγέντα
1309 1444 1538 1511 ἰδόντα
1548 1440 1673 1529 τὴν
1679 1440 2090 1530 “Ηραν,ω’στε
2102 1440 2251 1531 μηδ’

243 1550 337 1623 εἰς
358 1542 430 1611 τὸ
459 1542 794 1628 δωμάτων
821 1544 1083 1609 ἐθέλειν
1119 1544 1377 1627 ἐλθεῖν,
1415 1539 1554 1610 ἀλλ’
1575 1538 1801 1608 ἀὐτοῦ
1836 1540 2252 1629 βουλόμενον

241 1642 440 1728 χαμαὶ
453 1645 945 1725 ξυγγίγνεσθαι,
970 1640 1083 1706 καὶ
1093 1640 1372 1723 λέγοντα
1388 1635 1477 1716 ὥς
1503 1635 1716 1716 οὕτως
1738 1633 1870 1705 ὑπὸ
1898 1640 2254 1724 ἐπιθυμίας

243 1744 484 1825 ἔχεται,
530 1735 622 1816 ὥς
665 1735 806 1805 οὐδ’
846 1736 957 1806 ὅτε
997 1735 1073 1805 τὰ
1097 1745 1366 1824 πρῶτον
1409 1740 1696 1822 ἐφοίτων
1729 1735 1897 1821 πρὸς
1924 1731 2251 1822 ἀλλήλους

824 1842 1061 1921 φίλους
1083 1836 1373 1922 λήθοντε
1401 1842 1675 1921 τοκῆας,

241 1933 400 2005 οὐδὲ
417 1932 672 2020 ”Αρεω’ς
705 1959 775 2002 τε
803 1935 914 2004 καὶ
942 1929 1330 2021 Ἀφροδίτης
1359 1929 1491 2002 ὑπὸ
1511 1929 1876 2018 Ἡφαίστου
1899 1930 2148 2019 δεσμὸν
2170 1927 2249 1999 δι’

239 2034 431 2114 ἕτερα
452 2038 744 2101 τοιαῦτα.
815 2029 920 2100 Οὐ
941 2029 1033 2118 μὰ
1056 2029 1177 2100 τὸν
1197 2038 1333 2101 Δία
1348 2082 1368 2117 ,
1400 2024 1445 2119 ἦ
1469 2028 1523 2099 δ’
1555 2028 1630 2110 ὅς
1644 2081 1663 2116 ,
1711 2028 1798 2099 οὕ
1816 2057 1930 2117 μοι
1950 2036 2256 2118 φαίνεται

241 2132 631 2219 ἐπιτήδειον.
691 2127 852 2197 Ἀλλ’
881 2138 949 2198 εἴ
963 2129 1098 2197 πού
1120 2157 1317 2219 τινες,
1346 2122 1435 2218 ἦν
1458 2125 1514 2198 δ’
1537 2129 1667 2215 ἐγώ
1680 2178 1699 2214 ,
1722 2135 2063 2214 καρτερίαι
2083 2128 2252 2215 πρὸς
2284 2148 2329 2198 D

241 2228 502 2298 ἅπαντα
525 2229 636 2296 καὶ
669 2230 974 2312 λέγονται
1006 2230 1116 2297 καὶ
1147 2229 1547 2314 πράττονται
1582 2223 1715 2296 ὑπὸ
1747 2230 2110 2314 ἐλλογίμων
2141 2223 2251 2294 ἀν·

242 2333 425 2414 δρῶν
440 2377 457 2410 ,
501 2327 787 2395 θεατέον
805 2350 875 2392 τε
899 2326 1011 2394 καὶ
1031 2321 1431 2412 ἀκουστέον,
1477 2321 1625 2394 οἶον
1644 2328 1757 2396 καὶ
1776 2326 1854 2394 τὸ

367 2432 616 2510 στῆθος
637 2425 710 2490 δὲ
731 2421 978 2508 πλήξας
999 2427 1281 2510 κραδίην
1299 2421 1590 2509 ἠνίπαπε
1612 2421 1846 2512 μύθῳ·

367 2526 635 2591 τέτλαθι
658 2521 777 2610 δή,
823 2526 1060 2609 κραδίη
1078 2548 1091 2562 ·
1126 2524 1236 2590 καὶ
1257 2523 1589 2607 κύντερον
1611 2520 1775 2590 ἄλλο
1796 2521 1935 2590 ποτ’
1961 2528 2166 2607 ἔτλης.

239 2621 640 2695 Παντάπασι
684 2618 806 2707 μὲν
852 2613 1010 2706 οὖν,
1061 2625 1208 2707 ἔφη.
1301 2617 1408 2688 Οὐ
1448 2622 1570 2706 μὲν
1607 2619 1686 2707 δὴ
1735 2620 2160 2705 δωροδόκους
2180 2643 2257 2705 γε

240 2721 469 2789 ἐατέον
481 2718 652 2787 εἶναι
679 2715 836 2797 τοὺς
863 2718 1114 2801 ἄνδρας
1137 2714 1296 2786 οὐδὲ
1317 2717 1869 2805 φιλοχρημάτους.
1900 2715 2246 2803 Οὐδαμῶς.
2287 2739 2328 2789 Ε

245 2814 405 2886 Οὐδ’
435 2816 672 2906 ᾀστέον
694 2814 919 2895 αὐτοῖς
938 2814 1041 2884 ὅτι

446 2919 628 2999 δῶρα
649 2911 859 2992 θεοὺς
876 2920 1096 2981 πείθει
1109 2964 1126 2998 ,
1168 2912 1324 2999 δῶρ’
1354 2917 1646 2994 αἰδοίους
1664 2920 2002 3001 βασιλῆας·

242 3010 404 3081 οὐδὲ
422 3009 540 3079 τὸν
574 3020 699 3085 τοῦ
712 3006 1052 3097 Ἀχιλλέως
1077 3008 1506 3097 παιδαγωγὸν
1538 3017 1821 3079 Φοίνικα
1856 3013 2256 3098 ἐπαινετέον,

245 3107 334 3188 ὥς
354 3115 631 3196 μετρίως
675 3114 858 3195 ἔλεγε
894 3109 1383 3196 συμβουλεύων
1416 3106 1602 3197 αὐτῷ
1633 3112 1816 3193 δῶρα
1839 3112 1962 3195 μὲν
1983 3110 2261 3197 λαβόντι

242 3207 606 3293 ἐπαμύνειν
644 3219 780 3284 τοῖς
799 3204 1106 3293 Ἀχαιοῖς,
1155 3205 1320 3274 ἄνευ
1352 3210 1424 3273 δὲ
1469 3206 1710 3292 δοόρων
1743 3233 1832 3292 μη
1864 3205 2259 3278 ἀπαλλάττε-

244 3316 408 3374 σθαι
430 3313 546 3391 τῆς
571 3304 826 3390 μήνιος.
852 3301 993 3372 οὐδ’
1019 3301 1230 3372 αὐτὸν
1246 3304 1367 3372 τὸν
1392 3302 1681 3389 Ἀχιλλέα
1718 3301 2088 3389 ἀξιώσομεν
2117 3300 2257 3371 οὐδ’

245 3402 745 3491 ὁμολογήσομεν
767 3399 943 3471 οὕτω
982 3403 1480 3492 φιλοχρήματον
1504 3400 1673 3470 εἶναι
1686 3453 1703 3485 ,
1751 3398 1916 3469 ὥστε
1938 3399 2116 3486 παρὰ
2139 3407 2262 3468 τοῦ
