2602 3928
310 199 438 264 104
1044 198 1255 256 ΠΛΑ
1274 195 1617 255 ΤΩΝΟΣ

312 387 513 447 τομεν
539 354 663 429 οὐκ
683 355 1153 442 ἀπολαβόντες,
1179 353 1446 438 ὀλίγους
1470 356 1544 420 ἐν
1572 352 1743 441 αὐτῇ
1765 355 2111 431 τοιούτους
2133 328 2321 430 τιύἀς

313 462 628 542 τιθέντες,
653 452 800 524 ἀλλ’
829 453 996 538 ὅλην
1014 479 1029 494 ·
1071 449 1310 519 αὐτίκα
1334 451 1405 519 δὲ
1434 448 1557 536 τὴν
1580 454 1892 518 ἐναντίαν
1913 449 2317 536 σκεψόμεθα.

318 553 540 637 ὥσπερ
580 544 706 620 οὐν
741 549 848 638 ἀν,
883 555 944 616 εί
973 545 1143 635 ἡμᾶς
1176 545 1575 630 ἀνδριάντας
1607 547 1991 633 γράφοντας
2036 555 2322 631 προσελ-

316 650 464 718 θών
488 677 582 728 τις
605 654 795 732 ἔψεγε
816 649 1049 731 λέγων,
1072 644 1176 711 ὅτι
1208 641 1290 710 οὐ
1313 658 1448 722 τοῖς
1488 651 1857 723 καλλίστοις
1888 653 2012 711 τοῦ
2034 643 2206 724 ζώου
2239 640 2318 710 τὰ

316 752 627 821 κάλλιστα
650 745 968 832 φάρμακα
992 746 1468 826 προστίθεμεν·
1519 745 1588 809 οἰ
1611 739 1741 827 γὰρ
1778 738 2118 827 ὀφθαλμοὶ
2152 741 2317 809 κάλ-

315 854 541 914 λιστον
572 838 655 911 ὃν
691 838 815 908 οὐκ
850 837 1126 928 ὀστρείω
1164 840 1667 923 ἐναληλιμμένοι
1704 837 1836 907 εἶεν
1869 836 2036 907 ἀλλά
2069 836 2317 923 μέλανι·

169 1026 173 1031 .
247 965 286 1013 D
325 936 651 1030 μετρίως
619 938 706 1008 ἀν
730 943 1092 1022 ἐδοκοῦμεν
1105 935 1270 1016 πρὸς
1283 932 1491 1003 αὐτὸν
1490 935 1987 1057 ο,ἀπολογεῖσθαι
1999 939 2313 1022 λέγοντες·

317 1069 367 1108 ω
388 1038 746 1125 θαυμάσιε,
773 1032 861 1122 μὴ
886 1043 1035 1102 οἴου
1064 1029 1266 1100 δεῖν’
1231 1039 1403 1119 ημᾶς
1438 1030 1615 1101 ούτω
1648 1033 1896 1113 καλοὺς
1925 1031 2323 1120 ὀφθαλμούς

315 1136 622 1223 γράφειν,
642 1130 808 1201 ὥστε
826 1131 989 1218 μηδὲ
1012 1128 1412 1249 ὀφθαλμοὺς
1430 1137 1811 1217 φαίνεσθαι,
1830 1131 1985 1218 μηδ’
2010 1156 2099 1198 αυ
2074 1123 2321 1198 τάλλα

317 1240 501 1353 μέρη,
535 1226 682 1299 ἀλλ’
705 1228 905 1313 ἄθρει
929 1234 990 1297 εί
1013 1225 1091 1295 τά
1115 1227 1536 1313 προσήκοντα
1571 1229 1868 1309 ἑκάστοις
1894 1227 2320 1305 ἀποδιδόντες
2404 1255 2407 1258 ’

317 1332 392 1399 τὸ
441 1330 601 1398 ὅλον
642 1324 853 1395 καλὸν
887 1335 1237 1412 ποιοῦμεν·
1291 1331 1401 1394 καὶ
1448 1329 1528 1414 δὴ
1563 1329 1673 1397 καὶ
1705 1337 1836 1395 νῦν
1875 1328 1962 1415 μὴ
1999 1325 2319 1411 ἀνάγκαζε

315 1428 486 1517 ἡμᾶς
518 1425 834 1511 τοιαύτην
872 1422 1306 1510 εὐδαιμονίαν
1348 1438 1484 1503 τοῖς
1525 1425 1771 1510 φύλαξι
1813 1427 2239 1510 προσάπτειν,
2282 1419 2322 1506 ἢ

318 1533 609 1602 ἐκείνους
628 1547 766 1591 παν
786 1530 1038 1608 μᾶλλον
1062 1520 1498 1607 ἀπεργάσεται
1517 1549 1558 1608 η
1533 1517 1897 1607 ”φύλακας.
1920 1522 2325 1606 ἐπιστάμεθα

247 1637 287 1685 Ε
322 1624 450 1709 γάρ
481 1625 592 1691 καὶ
625 1619 781 1700 τοὺς
802 1618 1139 1707 γεωργοὺς
1161 1624 1465 1700 ξυστίδας
1486 1616 1925 1706 ἀμφιέσαντες
1946 1620 2057 1687 καὶ
2078 1615 2340 1704 χρυσὸν-

319 1724 702 1807 περιθέντες
715 1745 881 1807 προς
892 1716 1149 1806 ηδονην
1171 1716 1563 1802 ἐργάζεσθαι
1584 1717 1882 1786 κελεύειν
1902 1716 2026 1803 τὴν
2046 1725 2194 1803 γῆν,
2217 1715 2327 1782 καὶ

318 1819 473 1897 τοὺς
495 1822 813 1904 κεραμέας
835 1821 1345 1893 κατακλίναντες
1383 1818 1665 1894 ἐπιδέξια
1700 1815 1867 1901 πρὸς
1899 1815 1973 1883 τὸ
2006 1822 2141 1901 πῦρ
2179 1819 2326 1881 δια-

317 1914 631 1993 πίνοντάς
650 1939 719 1981 τε
743 1916 853 1980 καὶ
876 1908 1397 1997 εὐωχουμένους,
1411 1909 1783 1998 τὸντροχόν
1797 1915 2326 2000 παραθεμένους,

318 2014 483 2083 ὅσον
505 2009 591 2078 ἀν
611 2016 991 2095 ἐπιθυμῶσι
1011 2009 1425 2094 κεραμεύειν,
1469 2012 1577 2079 καὶ
1609 2010 1766 2089 τούς
1800 2011 2043 2089 ἄλλους
2079 2010 2325 2087 πάντας

316 2110 594 2199 τοιούτῳ
622 2109 844 2196 τρόπῳ
877 2113 1241 2192 μακαρίους
1262 2120 1498 2192 ποιεῖν,
1527 2112 1638 2176 ἵνα
1662 2108 1742 2196 δὴ
1766 2108 1888 2195 ὅλη
1918 2106 1958 2194 ἡ
1996 2107 2187 2187 πόλις
2206 2106 2318 2174 εὐ-

319 2215 628 2294 δαιμονῇ·
674 2204 821 2275 ἀλλ’
861 2202 1035 2293 ἡμεῖς
1067 2205 1155 2293 μὴ
1196 2205 1373 2273 οὕτω
1409 2212 1747 2275 νουθέτει·
1795 2206 1905 2290 ὥς,
1928 2206 2015 2274 ἄν
2047 2227 2154 2274 σοι
2176 2230 2321 2273 πει-

187 2323 281 2374 421
317 2307 628 2391 θώμεθα,
654 2304 807 2371 οὔτε
830 2301 865 2371 ὁ
889 2301 1184 2391 γεωργὸς
1202 2303 1499 2391 γεωργὸς
1521 2312 1701 2373 ἔσται
1735 2303 1890 2373 οὔτε
1929 2302 1964 2373 6
2004 2302 2328 2390 κεραμεύς

321 2399 642 2487 κεραμεὺς
664 2398 819 2467 οὔτε
842 2398 1040 2480 ἄλλος
1064 2399 1282 2481 οὐδεὶς
1313 2398 1515 2471 οὐδὲν
1541 2409 1709 2487 ἔχων
1732 2409 1967 2487 σχῆμα,
1994 2403 2060 2482 ἐξ
2081 2391 2176 2469 ὧν
2199 2400 2325 2469 πό-

324 2508 424 2577 λις
442 2505 750 2584 γίγνεται.
811 2495 979 2565 ἀλλά
1001 2506 1140 2567 τῶν
1158 2497 1281 2585 μὲν
1317 2498 1541 2569 ἄλλων
1573 2499 1864 2568 ἐλάττων
1896 2499 2120 2584 λόγος·
2165 2524 2324 2566 νευ-

320 2598 652 2684 ρορράφοι
692 2594 821 2684 γὰρ
864 2605 1112 2682 φαῦλοι
1145 2597 1496 2683 γενόμενοι
1526 2600 1637 2665 καὶ
1685 2600 2170 2683 διαφθαρέντες
2220 2600 2330 2664 καὶ

324 2694 933 2780 προσποιησάμενοι
953 2694 1121 2763 εἶναι
1141 2693 1231 2782 μὴ
1257 2694 1446 2774 ὄντες
1466 2694 1656 2762 πόλει
1678 2693 1878 2762 οὐδὲν
1900 2693 2123 2761 δεινόν
2139 2719 2153 2733 ·
2192 2692 2330 2778 φύ-
2431 2691 2436 2695 ’

327 2804 520 2872 λακες
543 2792 614 2861 δὲ
636 2792 868 2879 νόμων
889 2819 958 2861 τε
995 2796 1104 2861 καὶ
1145 2793 1398 2872 πόλεως
1432 2793 1520 2879 μὴ
1555 2793 1741 2871 ὄντες
1771 2790 1940 2862 ἀλλὰ
1976 2796 2331 2868 δοκοῦντες

322 2890 486 2979 ὁρᾷς
523 2891 602 2976 δὴ
646 2918 748 2959 οτι
781 2897 1004 2958 πᾶσαν
1037 2890 1251 2978 αρδην
1283 2891 1484 2959 πόλιν
1518 2888 1910 2975 ἀπολλύασι,
1942 2891 2053 2957 καὶ
2087 2880 2175 2956 αὐ
2208 2896 2332 2956 τοῦ

324 2980 402 3056 εὐ
434 2995 641 3057 οἰκεῖν
680 2991 791 3057 καὶ
824 2985 1241 3074 εὐδαιμονεῖν
1282 2988 1479 3075 μόνοι
1506 2987 1629 3057 τὸν
1664 2988 1902 3072 καιρὸν
1943 2992 2223 3104 ἔχουσιν.
2276 2992 2336 3053 εί

324 3086 447 3171 μὲν
470 3077 599 3152 οὖν
621 3083 807 3172 ημεῖς
827 3085 949 3172 μὲν
970 3087 1276 3172 φύλακας
1298 3084 1389 3165 ὥς
1411 3085 1683 3173 ἀληθως
1715 3093 2059 3171 ποιοῦμεν,
2094 3083 2332 3172 ἥκιστα

252 3205 288 3253 Β
324 3181 743 3266 κακούργους
755 3191 869 3268 τῆς
890 3182 1161 3268 πόλεως,
1188 3211 1223 3252 ο
1251 3182 1315 3252 δ’
1342 3189 1550 3252 ἐκεῖνο
1566 3187 1780 3268 λέγων
1793 3183 2130 3270 γεωργούς
2150 3205 2333 3257 τινας

323 3280 430 3347 καὶ
464 3277 687 3366 ω’σπερ
722 3281 797 3347 έν
829 3279 1199 3368 πανηγύρει
1241 3278 1390 3348 ἀλλ’
1439 3278 1563 3349 οὐκ
1606 3284 1681 3349 έν
1722 3279 1912 3349 πόλει
1956 3279 2333 3363 εστιάτορας

324 3374 740 3464 εὐδαίμονας,
767 3377 931 3447 ἄλλο
955 3379 1043 3448 ἄν
1062 3408 1124 3448 τι
1147 3375 1188 3466 ἦ
1210 3380 1409 3448 πόλιν
1431 3381 1633 3467 λέγοι,
1666 3383 1984 3448 σκεπτέον
2018 3370 2168 3454 οὖν,
2204 3377 2331 3445 πό-
