2602 3928
925 219 1503 278 ΠΟΛΙΤΕΙΑΣ
1536 215 1599 291 ξ.
2046 268 2057 278 .
2143 215 2270 281 203

216 365 220 370 ’
253 386 455 465 ξαιτο,
480 387 606 447 οἴει
625 374 714 446 ἀν
743 377 906 447 ἄλλο
946 403 1008 444 τι
1044 373 1293 455 αὐτοὺς
1333 373 1644 463 ἡγεῖσθαι
1686 377 1758 446 τὸ
1800 377 2272 467 φθεγγόμενον

255 473 298 566 ἦ
318 476 440 564 τὴν
461 486 839 563 παριοῦσαν
863 475 1090 554 anacim
1143 473 1259 541 Mo}
1295 473 1408 544 Δί’
1455 473 1581 544 οὐκ
1617 473 1843 562 ἔγωγ’,
1878 482 2024 564 ἔφη.
2082 485 2273 545 Παν-

255 575 499 643 τάπασι
522 574 627 662 δή,
649 567 736 662 ἦν
761 574 826 642 δ’
852 572 1003 659 ἐγώ,
1028 577 1095 641 οἰ
1114 582 1405 642 τοιοῦτοι
1426 571 1551 641 οὐκ
1574 569 1662 641 ἀν
1675 573 1838 643 ἄλλο
1862 601 1925 641 τι
1945 582 2273 662 νομίζοιεν
2309 600 2348 654 o

249 671 325 739 τὸ
355 672 604 758 ἀληθὲς
647 668 692 760 ἦ
732 670 849 752 τὰς
893 678 1030 740 τῶν
1074 680 1459 755 σκευαστῶν
1493 670 1698 750 σκιάς.
1741 670 1968 759 Πολλὴ
1992 669 2272 759 ἀνάγκη,

251 776 400 858 ἔφη.
449 772 705 840 Σκόπει
725 771 829 858 δή,
852 763 942 858 ἦν
963 766 1031 838 δ’
1056 769 1209 857 ἐγώ,
1237 767 1464 838 αὐτῶν
1485 770 1682 839 λύσιν
1703 796 1774 838 τε
1808 772 1918 838 καὶ
1940 779 2118 839 ἴασιν
2138 778 2274 839 τοῖν

253 871 518 955 δεσμῶν
538 871 649 937 καὶ
668 877 784 956 τῆς
804 866 1219 955 ἀφροσύνης,
1243 872 1351 936 οἵα
1374 895 1472 948 τις
1495 863 1581 936 ἀν
1604 877 1726 954 εἴη,
1751 874 1812 936 εἰ
1828 870 2032 954 φύσει
2051 869 2274 936 τοιάδε

178 1001 186 1008 ·
253 970 603 1055 ξυμβαίνοι
624 964 847 1045 αὐτοῖς
863 993 877 1008 ·
906 963 1107 1034 ὁπότε
1127 992 1226 1045 τις
1249 973 1488 1053 λυθείη
1509 969 1620 1034 καὶ
1644 962 2076 1050 ἀναγκάζοιτο
2100 969 2273 1048 ἐξαί-

253 1090 427 1152 φνης
452 1062 863 1135 ἀνίστασθαί
877 1090 946 1133 τε
984 1065 1095 1132 καὶ
1127 1064 1469 1149 περιάγειν
1500 1060 1620 1135 τὸν
1655 1060 1899 1149 αὐχένα
1937 1064 2046 1131 καὶ
2079 1067 2273 1150 βαδί-

248 1166 388 1242 ζειν
408 1165 520 1230 καὶ
544 1161 711 1248 πρὸς
732 1159 807 1231 τὸ
834 1169 978 1248 φῶς
1009 1160 1427 1248 ἀναβλέπειν,
1465 1161 1682 1229 πάντα
1719 1159 1790 1229 δὲ
1819 1168 2027 1228 ταῦτα
2061 1168 2274 1228 ποιοῦν

250 1256 451 1346 ἀλγοῖ
505 1286 575 1328 τε
640 1262 751 1328 καὶ
794 1258 904 1328 διὰ
948 1257 1065 1338 τὰς
1109 1258 1547 1347 μαρμαρυγὰς
1587 1257 1911 1327 ἀδυνατοῖ
1960 1264 2273 1346 καθορᾷν

250 1359 488 1442 ἐκεῖνα,
513 1349 615 1426 ὦν
633 1357 782 1426 τότε
815 1355 932 1436 τὰς
966 1357 1155 1435 σκιὰς
1188 1359 1383 1445 ἑώρα,
1418 1363 1484 1426 τί
1512 1351 1600 1425 ἀν
1631 1366 1756 1425 οἴει
1788 1354 1998 1425 αὐτὸν
2032 1361 2261 1442 εἰπεῖν,
2310 1379 2351 1430 1>

253 1464 320 1524 εἴ
353 1483 451 1534 τις
491 1453 672 1545 αὐτῷ
715 1459 916 1542 λε’γοι,
964 1454 1067 1524 ὅτι
1107 1455 1256 1523 τότε
1289 1455 1412 1542 μὲν
1447 1454 1619 1540 ἑώρα
1654 1462 2005 1542 φλυαρίας,
2029 1462 2162 1522 νῦν
2199 1452 2273 1522 δὲ

124 1592 134 1600 ·
250 1553 510 1639 μᾶλλόν
528 1580 591 1621 τι
612 1557 945 1640 ἐγγυτέρω
966 1559 1091 1621 τοῦ
1111 1551 1311 1632 ὄντος
1343 1556 1455 1622 καὶ
1477 1550 1645 1640 πρὸς
1674 1560 1931 1639 μᾶλλον
1967 1551 2130 1620 ὄντα
2163 1576 2273 1619 τε-

252 1654 623 1736 τραμμένος
645 1647 977 1739 ὀρθότερα
1000 1652 1251 1738 βλέποι,
1275 1656 1387 1720 καὶ
1409 1650 1489 1737 δὴ
1514 1653 1624 1719 καὶ
1645 1652 1926 1719 ἕκαστον
1947 1657 2084 1717 τῶν
2099 1672 2273 1736 παρ-

253 1747 499 1815 ιόντων
550 1745 818 1827 δεικνὺς
863 1747 1045 1839 αὐτῷ
1088 1746 1445 1835 ἀναγκάζοι
1490 1751 1755 1835 ἐρωτῶν
1788 1744 2273 1831 ἀποκρίνεσθαι

252 1843 295 1913 δ’
313 1871 378 1914 τι
397 1849 610 1927 ἔστιν;
649 1841 774 1913 οὐκ
797 1855 920 1915 οἴει
954 1843 1166 1915 αὐτὸν
1196 1847 1475 1935 ἀπορεῖν
1507 1872 1576 1915 τε
1600 1842 1686 1914 ἀν
1719 1846 1831 1914 καὶ
1854 1841 2164 1932 ἡγεῖσθαι
2189 1842 2270 1911 τὰ
2310 1894 2315 1898 -

249 1941 403 2012 τότε
445 1939 753 2032 ὁρώμενα
788 1939 1199 2034 ἀληθέστερα
1242 1939 1286 2032 ἢ
1328 1941 1408 2013 τὰ
1448 1950 1580 2012 νῦν
1620 1941 2050 2031 δεικνύμενα,
2080 1940 2271 2009 Πολύ

247 2068 293 2127 ’Υ
325 2093 343 2128 2
380 2046 527 2128 ἔφη·

419 2144 494 2206 11.
545 2136 821 2208 Οὐκοῦν
843 2136 976 2209 κάν
999 2146 1060 2209 εἰ
1080 2138 1248 2227 πρὸς
1269 2138 1432 2209 αὐτὸ
1468 2141 1542 2209 τὸ
1583 2148 1725 2227 φῶς
1759 2139 2114 2225 ἀναγκάζοι
2145 2136 2273 2205 αὐ·-
2305 2156 2347 2207 E

248 2239 371 2305 τὸν
410 2237 701 2325 βλέπειν,
746 2235 973 2324 ἀλγεῖν
1012 2264 1084 2305 τε
1125 2233 1215 2306 ἀν
1251 2264 1335 2305 τα
1378 2236 1639 2327 ὄμματα
1669 2239 1778 2306 καὶ
1806 2237 2080 2324 φεύγειν
2103 2232 2273 2303 ἀπο-

249 2334 711 2424 στρεφόμενον
732 2336 901 2420 πρὸς
925 2332 1216 2420 ἐκεῖνα,
1187 2334 1231 2403 οὶ
1255 2335 1535 2405 δύναται
1568 2343 1902 2425 καθορᾷν,
1937 2338 2047 2403 καὶ
2078 2339 2274 2422 νομί-

255 2438 389 2515 ζειν
407 2440 618 2501 ταῦτα
638 2441 731 2523 τῷ
759 2432 909 2501 ὄντι
927 2437 1300 2521 σαφέστερα
1335 2443 1471 2503 τῶν
1506 2438 1986 2521 δεικνυμένωνς
2018 2431 2270 2515 Οὕτως,

248 2537 396 2619 ἔφη.
442 2539 531 2601 Ec
551 2535 645 2616 δέ,
670 2525 761 2620 ἦν
782 2530 845 2602 δ’
883 2534 1037 2620 ἐγώ,
1073 2537 1393 2603 ἐντεῦθεν
1429 2536 1609 2603 ἕλκοι
1638 2559 1737 2613 τις
1772 2530 1980 2601 αὐτὸν
2015 2539 2130 2622 βίᾳ
2165 2523 2274 2599 διὰ

250 2635 554 2715 τραχείας
579 2638 696 2717 τῆς
719 2629 1107 2719 ἀναβάσεως
1132 2633 1245 2700 καὶ
1283 2629 1616 2712 ἀνάντους
1636 2628 1857 2719 καὶμὴ
1893 2628 2080 2716 ἀνείη
2116 2631 2274 2714 πρὶν

248 2728 663 2810 ἐξελκύσειεν
682 2735 773 2810 είς
793 2729 869 2799 τὸ
898 2741 1022 2800 τοῦ
1053 2728 1248 2819 ἡλίου
1282 2741 1447 2819 φῶς,
1472 2728 1602 2818 ἆρα
1623 2729 1769 2818 οὐχὶ
1804 2728 2187 2800 ὀδυνᾶσθαί
2203 2751 2272 2795 τε

247 2822 335 2895 ἀν
356 2830 468 2896 καὶ
490 2825 890 2915 ἀγανακτεῖν
917 2830 1293 2916 ἑλκόμενον,
1320 2831 1430 2899 καὶ
1449 2830 1674 2917 ἐπειδὴ
1698 2825 1865 2913 πρὸς
1893 2825 1969 2896 τὰ
1996 2834 2140 2913 φῶς
2162 2830 2271 2893 ἔλ-
2305 2846 2411 2903 616

250 2934 390 3011 θοι,
415 2921 626 3014 αὐγῆς
647 2920 734 2993 ἀν
755 2930 991 3013 ἔχοντα
1027 2925 1107 2995 τὰ
1140 2927 1405 3015 ὄμματα
1439 2925 1641 3014 μεστά
1679 2923 1849 3015 ὁρᾷν
1885 2921 2036 2994 οὐδ’
2075 2918 2163 2993 ἀν
2199 2925 2274 2991 ἓν

249 3021 590 3092 δύνασθαι
610 3050 748 3092 των
773 3033 906 3093 νῦν
925 3029 1304 3113 λεγομένων
1324 3021 1636 3112 ἀληθῶν;
1682 3022 1785 3092 Οὐ
1819 3049 1949 3111 γαρ
1985 3050 2091 3109 αν,
2120 3029 2270 3111 ἔφη,

252 3122 566 3207 ἐξαίφνης
584 3148 678 3208 γε.
723 3130 1113 3211 Συνηθείας
1139 3122 1244 3211 δή,
1268 3122 1471 3211 οἶμαι,
1497 3119 1700 3192 δέοιτ’
1725 3120 1835 3206 ἄν,
1861 3126 1923 3189 εἰ
1939 3123 2169 3207 μέλλοι
2189 3119 2270 3189 τὰ

247 3248 394 3290 ανω
427 3218 748 3304 ὄψεσθαι·
792 3225 903 3291 καὶ
923 3248 1194 3311 πρωτον
1218 3225 1343 3311 μὲν
1363 3221 1481 3303 τάς
1514 3219 1704 3301 σκιάς
1737 3248 1826 3289 αν
1854 3223 2066 3309 ῥᾷστα
2093 3228 2273 3287 καθ-

250 3344 408 3407 ορω,
460 3322 574 3387 καὶ
606 3318 770 3407 μετὰ
813 3328 1012 3389 τοῦτο
1036 3322 1109 3389 ἐν
1130 3333 1267 3399 τοῖς
1289 3316 1489 3388 υὸασι
1509 3319 1590 3387 τά
1621 3346 1692 3387 τε
1725 3345 1860 3387 των
1882 3315 2271 3400 ἀνθρώπων

248 3418 359 3485 καὶ
376 3413 457 3483 τά
478 3442 617 3484 των
638 3415 863 3485 αλλων
887 3421 1149 3504 εἴδωλα,
1174 3416 1459 3501 ὕστερον
1480 3418 1552 3485 δὲ
1576 3415 1745 3485 αὐτά
1763 3444 1776 3459 ·
1822 3418 1893 3483 ἐκ
1917 3412 1989 3482 δὲ
2010 3413 2270 3481 τούτων
