2602 3928
951 242 1538 300 ΠΟΛΙΤΕΙΑΣ
1565 234 1623 298 ε’.
2147 238 2270 303 159

255 406 469 479 οἰκίας
489 404 924 487 έμπιπρῶσιν,
941 398 1030 479 ῶς
1045 398 1480 488 ἀλιτηριώδης
1493 427 1563 468 τε
1585 401 1826 488 δοκεῖὴ
1855 403 2080 482 στάσις
2103 402 2271 472 εἶναι

257 499 368 565 καὶ
390 494 728 586 οὐδέτεροι
750 497 976 567 αὐτῶν
998 500 1450 585 φιλοπόλιδες·
1493 499 1577 566 οὗ
1609 498 1741 584 γάρ
1775 498 1861 567 ἄν
1894 525 2049 568 ποτε
2084 501 2270 568 ἐτόλ-

256 621 404 681 μων
426 594 548 681 τὴν
568 595 827 681 τροφόν
847 622 916 663 τε
938 599 1048 663 καὶ
1060 599 1304 684 μητέρα
1329 602 1573 682 κείρειν
1588 622 1601 635 ·
1625 595 1791 664 ἀλλά
1816 600 2083 682 μέτριον
2104 597 2273 664 εἶναι

256 690 416 772 τοὺς
436 692 736 777 καρποὺς
755 691 1189 780 ἀφαιρεῖσθαι
1208 709 1346 772 τοῖς
1382 702 1700 778 κρατοῦσι
1736 703 1871 762 τῶν
1902 702 2271 781 κρατουμέ-
2314 708 2356 758 13

258 818 419 878 νων,
452 796 558 860 καὶ
594 796 1009 861 διανοεῖσθαι
1049 790 1141 871 ῶς
1185 796 1809 879 διαλλαγησομένων
1854 798 1963 861 καὶ
2009 790 2132 861 οὐκ
2170 792 2282 860 ἀέϊ

258 885 794 976 πολεμησόντων.
837 890 1028 958 Πολὺ
1049 890 1199 975 γάρ,
1225 896 1374 975 ἔφη,
1398 889 1835 976 ἡμερωτέρων
1868 888 2033 976 αὕτη
2058 887 2100 975 ἡ
2124 889 2272 956 διά-

258 1011 413 1053 νοια
439 990 711 1075 ἐκείνης.
764 994 848 1055 Τί
867 989 939 1055 δὲ
961 987 1047 1074 δή
1062 1016 1079 1068 3
1119 995 1321 1074 ἔφην·
1363 985 1453 1073 ἢν
1486 987 1572 1055 σύ
1605 989 2112 1072 πόλιν-οἰκίζεις,
2149 987 2270 1073 οὐχ

244 1078 541 1168 Ἑλληνὶς
561 1090 773 1166 ἔσται;
816 1093 950 1153 Δεῖ
964 1082 1031 1169 γ’
1055 1081 1289 1170 αὐτήν,
1313 1089 1460 1170 ἔφη.
1508 1082 1784 1154 Οὐκοῦν
1802 1086 1913 1152 καὶ
1934 1082 2185 1168 ἀγαθοί
2199 1110 2272 1152 τε

258 1181 367 1248 καὶ
393 1180 629 1266 ἥμεροι
653 1187 942 1258 {cromam
964 1183 1253 1268 Σφόδρα
1273 1208 1367 1266 γε.
1408 1179 1579 1250 Ἀλλ’
1603 1179 1687 1248 οὐ
1709 1186 2094 1268 φιλέλληνες
2117 1179 2273 1249 οὐδὲ

261 1284 511 1346 οἰκείαν
534 1277 948 1366 τὴνἙλλάδα
967 1276 1349 1365 ἡγήσονται,
1386 1277 1543 1346 οὐδὲ
1574 1279 2104 1364 κοινωνήσουσιν
2137 1270 2273 1346 ῶν·-

255 1400 383 1457 περ
412 1381 483 1443 οἰ
517 1376 709 1444 ἄλλοι
746 1381 975 1464 ίερῶν;
1020 1378 1153 1444 Καὶ
1195 1377 1463 1462 σφόδρα
1501 1402 1596 1461 γε.
1646 1374 1921 1444 Οὐκοῦν
1954 1373 2076 1462 τὴν
2104 1373 2273 1458 πρὸς

256 1474 417 1552 τούς
428 1474 752 1561 ’Ἕλληνας
764 1475 1097 1561 διαφοράν
1120 1472 1209 1553 ῶς
1231 1480 1515 1554 οἰκείους
1527 1475 1760 1541 στάσιν
1783 1471 2143 1559 ἡγήσονται
2163 1475 2275 1539 καὶ
2304 1489 2407 1546 4⁷1

259 1571 418 1641 οὐδὲ·
440 1570 849 1658 όνομάσουσι
872 1573 1194 1657 πόλεμον;
1240 1571 1345 1639 Οὐ
1368 1573 1513 1656 γάρ.
1567 1573 1700 1639 Καὶ
1722 1568 1810 1648 ῶς
1833 1570 2273 1656 διαλλαγησό-

260 1696 447 1757 μενοι
471 1669 602 1753 άρα
627 1674 1017 1751 διοίσονται;
1041 1670 1241 1736 Πάνυ
1255 1669 1377 1753 μὲν
1400 1662 1544 1735 οὖν.
1570 1667 1888 1754 Εὐμενῶς
1912 1668 1993 1754 δὴ
2013 1688 2270 1753 σωφρο-

260 1776 544 1850 νιοῦσιν,
586 1765 712 1835 οὐκ
756 1770 862 1836 ἐπὶ
907 1772 1175 1856 δουλείᾳ
1219 1767 1604 1847 κολάζοντες
1647 1763 1795 1833 οὐδ’
1838 1763 1941 1832 ἐπ’
1985 1763 2269 1853 ὀλέθρῳ,

261 1869 711 1951 σωφρονισταὶ
746 1865 954 1949 ὄντες,
978 1864 1061 1933 οὐ
1084 1868 1400 1952 πολέμιοι.
1449 1862 1701 1948 Οὕτως,
1742 1868 1884 1949 ἔφη.
1935 1860 2102 1930 Οὐδ’
2141 1861 2271 1947 ἄρα

260 1964 385 2053 τὴν
421 1962 700 2032 Ἐλλάδα
725 1961 1036 2051 Ἕλληνες
1070 1961 1257 2042 ὅντες
1280 1972 1615 2048 κεροῦσιν,
1652 1958 1810 2030 οὐδὲ
1841 1959 2127 2047 οἰκήσεις
2158 1963 2273 2045 ἐμ-

262 2063 659 2149 πρήσουσιν,
686 2061 842 2130 οὐδὲ
866 2062 1400 2148 ὁμολογήσουσιν
1421 2063 1495 2129 έν
1521 2060 1761 2148 ἑκάστῃ
1797 2059 1986 2125 πόλει
2019 2058 2273 2135 πάντας

261 2161 546 2248 ἐχθροὺς
568 2159 791 2237 αὐτοῖς
827 2159 1015 2244 εἶναι,
1056 2162 1165 2228 καὶ
1202 2160 1450 2246 ἄνδρας
1482 2160 1592 2226 καὶ
1622 2171 1944 2244 γυναῖκας
1977 2158 2087 2223 καὶ
2120 2170 2274 2221 παῖ-

265 2264 403 2344 δας,
432 2256 577 2325 ἀλλ’
610 2254 876 2341 ὀλίγους
898 2254 998 2324 ἀεὶ
1022 2257 1309 2342 ἐχθρούς
1330 2255 1488 2334 τούς
1510 2260 1757 2331 αἰτίους
1777 2261 1893 2340 τῆς
1915 2257 2266 2338 διαφορᾶς·
2308 2268 2347 2319 Β

261 2357 373 2424 καὶ
397 2357 503 2422 διὰ
530 2362 738 2422 ταῦτα
759 2354 978 2439 πάντα
997 2352 1152 2420 οὔτε
1176 2351 1296 2438 τὴν
1317 2359 1445 2438 γῆν
1468 2350 1866 2437 ἐθελήσουσι
1886 2355 2127 2433 κείρειν
2148 2345 2274 2415 αὐ-

259 2462 418 2536 τῶν,
447 2449 535 2531 ὡς
558 2461 775 2536 φίλων
795 2459 931 2519 τῶν
952 2458 1238 2536 πολλῶν,
1263 2449 1419 2518 οὔτε
1438 2454 1647 2527 οἰκίας
1669 2445 2080 2532 ἀνατρέπειν,
2106 2443 2273 2513 ἀλλά

262 2556 451 2637 μέχρι
476 2549 720 2617 τούτου
762 2549 1150 2635 ποιήσονται
1181 2547 1305 2634 τὴν
1339 2546 1694 2632 διαφοράν,
1734 2547 1920 2629 μέχρι
1954 2534 2040 2611 οὗ
2082 2540 2169 2610 ἀν
2213 2546 2280 2610 οἰ

267 2661 463 2718 αἴτιοι
487 2647 1007 2732 ἀναγκασθῶσιν
1028 2644 1160 2714 ὑπὸ
1198 2654 1336 2713 τῶν
1359 2644 1673 2713 ἀναιτίων
1701 2643 2090 2729 ἀλγούντων
2112 2646 2274 2709 δοῦ·-

266 2775 379 2817 ναι
399 2752 606 2834 δίκην.
647 2745 808 2832 Ἐγῶ
830 2750 974 2833 μέν,
1011 2751 1160 2832 ἔφη,
1195 2742 1501 2831 ὁμολογῶ
1534 2742 1711 2811 οὕτω
1746 2746 1886 2810 δεῖν
1919 2739 2087 2827 πρὸς
2118 2737 2275 2818 τούς

266 2851 610 2924 ἐναντίους
640 2841 800 2923 τούς
841 2842 1200 2930 ἡμετέρους
1233 2835 1507 2920 πολίτας
1532 2841 2063 2926 προσφέρεσθαι·
2109 2837 2275 2921 πρὸς

267 2943 339 3011 δὲ
367 2939 526 3021 τούς
562 2941 947 3029 βαρβάρους
984 2939 1069 3019 ῶς
1110 2946 1241 3007 νῦν
1285 2943 1356 3006 οἰ
1387 2935 1698 3024 Ἕλληνες
1732 2938 1896 3021 πρὸς
1928 2933 2270 3021 ἀλλήλους.

272 3047 584 3126 Τιθῶμεν
608 3038 688 3126 δὴ
707 3040 822 3107 καὶ
843 3046 1085 3106 τοῦτον
1105 3035 1224 3105 τὸν
1246 3036 1460 3122 νόμον
1490 3049 1624 3114 τοῖς
1660 3034 1925 3120 φύλαξι,
1960 3031 2120 3119 μήτε
2148 3041 2276 3119 γῆν
2312 3056 2352 3110 c

266 3140 531 3225 τέμνειν
563 3135 723 3222 μήτε
758 3140 970 3226 οἰκίας
995 3135 1436 3222 ἐμπιπράναι;
1482 3141 1741 3217 Θῶμεν,
1771 3137 1920 3216 ἔφη,
1958 3132 2067 3198 καὶ
2103 3136 2272 3215 ἔχειν

265 3262 342 3321 γε
364 3243 581 3312 καλῶς
605 3234 810 3301 ταῦτά
842 3258 913 3300 τε
938 3235 1049 3301 καὶ
1075 3231 1154 3299 τά
1188 3232 1512 3315 πρόσθεν.

435 3337 614 3402 xvu.
657 3329 847 3399 Ἀλλὰ
870 3331 999 3419 γάρ
1022 3357 1135 3417 μοι
1153 3334 1389 3413 δοκεῖς,
1415 3322 1469 3395 ῶ
1490 3327 1865 3412 Σῶκρατες,
1901 3326 2017 3394 ἐάν
2049 3330 2143 3401 τίς
2167 3344 2272 3390 σοι

269 3431 346 3500 τὰ
368 3437 641 3499 τοιαῦτα
666 3431 975 3518 ἐπιτρέπῃ
997 3432 1232 3514 λέγειν,
1256 3426 1574 3495 οὐδέποτε
1597 3424 2108 3512 μνησθήσεσθαι
2138 3417 2177 3485 ὃ
2198 3422 2271 3495 ἐν
