<?xml version="1.0" encoding="UTF-8"?>
<!DOCTYPE html PUBLIC "-//W3C//DTD XHTML 1.0 Transitional//EN"
    "http://www.w3.org/TR/xhtml1/DTD/xhtml1-transitional.dtd">
<html xmlns="http://www.w3.org/1999/xhtml" xml:lang="en" lang="en">
 <head>
  <title>
</title>
<meta http-equiv="Content-Type" content="text/html;charset=utf-8" />
  <meta name='ocr-system' content='tesseract 3.04.00' />
  <meta name='ocr-capabilities' content='ocr_page ocr_carea ocr_par ocr_line ocrx_word'/>
</head>
<body>
  <div class='ocr_page' id='page_1' title='image "./dialogisecundum07platgoog_0394.png"; bbox 0 0 2602 3928; ppageno 0'>
   <div class='ocr_carea' id='block_1_1' title="bbox 341 217 2593 309">
    <p class='ocr_par' dir='ltr' id='par_1_1' title="bbox 341 217 2593 309">
     <span class='ocr_line' id='line_1_1' title="bbox 341 217 2593 309; baseline 0 -18"><span class='ocrx_word' id='word_1_1' title='bbox 341 217 467 302; x_wconf 70' lang='lat'><strong><em>358</em></strong></span> <span class='ocrx_word' id='word_1_2' title='bbox 1080 231 1652 290; x_wconf 69' lang='grc' dir='ltr'><em>ΠΛΑΤΩΝΟΣ</em></span> <span class='ocrx_word' id='word_1_3' title='bbox 2298 239 2377 292; x_wconf 80' lang='lat'><strong><em>40</em></strong></span> <span class='ocrx_word' id='word_1_4' title='bbox 2591 226 2593 309; x_wconf 68' lang='lat'><strong>(</strong></span> 
     </span>
    </p>
   </div>
   <div class='ocr_carea' id='block_1_2' title="bbox 199 386 2509 3533">
    <p class='ocr_par' dir='ltr' id='par_1_2' title="bbox 265 386 2509 1556">
     <span class='ocr_line' id='line_1_2' title="bbox 339 386 2335 479; baseline 0.001 -20"><span class='ocrx_word' id='word_1_5' title='bbox 339 390 567 478; x_wconf 75' lang='grc' dir='ltr'><strong><em>χώραν</em></strong></span> <span class='ocrx_word' id='word_1_6' title='bbox 587 391 756 477; x_wconf 89' lang='grc' dir='ltr'><strong><em>τινά,</em></strong></span> <span class='ocrx_word' id='word_1_7' title='bbox 780 390 855 457; x_wconf 85' lang='grc' dir='ltr'>τό</span> <span class='ocrx_word' id='word_1_8' title='bbox 880 390 954 458; x_wconf 74' lang='grc' dir='ltr'><strong><em>δὲ</em></strong></span> <span class='ocrx_word' id='word_1_9' title='bbox 974 386 1128 477; x_wconf 84' lang='grc' dir='ltr'><strong><em>μήτ’</em></strong></span> <span class='ocrx_word' id='word_1_10' title='bbox 1166 393 1240 457; x_wconf 81' lang='grc' dir='ltr'><strong><em>ἐν</em></strong></span> <span class='ocrx_word' id='word_1_11' title='bbox 1259 397 1347 479; x_wconf 81' lang='grc' dir='ltr'><strong><em>γῇ</em></strong></span> <span class='ocrx_word' id='word_1_12' title='bbox 1373 390 1534 477; x_wconf 86' lang='grc' dir='ltr'><strong><em>μήτε</em></strong></span> <span class='ocrx_word' id='word_1_13' title='bbox 1556 415 1691 458; x_wconf 90' lang='grc' dir='ltr'><strong><em>που</em></strong></span> <span class='ocrx_word' id='word_1_14' title='bbox 1726 391 1875 459; x_wconf 88' lang='grc' dir='ltr'><strong><em>κατ’</em></strong></span> <span class='ocrx_word' id='word_1_15' title='bbox 1911 389 2211 476; x_wconf 82' lang='grc' dir='ltr'><strong><em>οὐρανὸν</em></strong></span> <span class='ocrx_word' id='word_1_16' title='bbox 2245 388 2335 460; x_wconf 83' lang='grc' dir='ltr'><strong><em>οὐ</em></strong></span> 
     </span>
     <span class='ocr_line' id='line_1_3' title="bbox 344 486 2374 574; baseline 0 -18"><span class='ocrx_word' id='word_1_17' title='bbox 344 489 460 556; x_wconf 71' lang='grc' dir='ltr'><strong><em>δὲν</em></strong></span> <span class='ocrx_word' id='word_1_18' title='bbox 491 486 678 555; x_wconf 87' lang='grc' dir='ltr'><strong><em>εἶναι.</em></strong></span> <span class='ocrx_word' id='word_1_19' title='bbox 722 494 931 554; x_wconf 81' lang='grc' dir='ltr'><strong><em>ταῦτα</em></strong></span> <span class='ocrx_word' id='word_1_20' title='bbox 954 486 1035 574; x_wconf 80' lang='grc' dir='ltr'><strong><em>δὴ</em></strong></span> <span class='ocrx_word' id='word_1_21' title='bbox 1059 486 1278 555; x_wconf 86' lang='grc' dir='ltr'><strong><em>πάντα</em></strong></span> <span class='ocrx_word' id='word_1_22' title='bbox 1313 489 1425 555; x_wconf 86' lang='grc' dir='ltr'><strong><em>καὶ</em></strong></span> <span class='ocrx_word' id='word_1_23' title='bbox 1457 486 1717 557; x_wconf 83' lang='grc' dir='ltr'><strong><em>τούτων</em></strong></span> <span class='ocrx_word' id='word_1_24' title='bbox 1752 487 1922 558; x_wconf 79' lang='grc' dir='ltr'><strong><em>ἄλλα</em></strong></span> <span class='ocrx_word' id='word_1_25' title='bbox 1954 487 2212 574; x_wconf 81' lang='grc' dir='ltr'><strong><em>ἀδελφὰ</em></strong></span> <span class='ocrx_word' id='word_1_26' title='bbox 2255 491 2374 557; x_wconf 80' lang='grc' dir='ltr'><strong><em>καὶ</em></strong></span> 
     </span>
     <span class='ocr_line' id='line_1_4' title="bbox 341 584 2377 674; baseline -0 -18"><span class='ocrx_word' id='word_1_27' title='bbox 341 591 492 674; x_wconf 81' lang='grc' dir='ltr'><strong><em>περὶ</em></strong></span> <span class='ocrx_word' id='word_1_28' title='bbox 510 587 634 674; x_wconf 80' lang='grc' dir='ltr'><strong><em>τὴν</em></strong></span> <span class='ocrx_word' id='word_1_29' title='bbox 656 585 919 656; x_wconf 76' lang='grc' dir='ltr'><strong><em>ἄϋπνον</em></strong></span> <span class='ocrx_word' id='word_1_30' title='bbox 940 591 1053 655; x_wconf 83' lang='grc' dir='ltr'><strong><em>καὶ</em></strong></span> <span class='ocrx_word' id='word_1_31' title='bbox 1074 584 1347 672; x_wconf 75' lang='grc' dir='ltr'><strong><em>ἀληθῶς</em></strong></span> <span class='ocrx_word' id='word_1_32' title='bbox 1368 587 1578 672; x_wconf 79' lang='grc' dir='ltr'><strong><em>φύσιν</em></strong></span> <span class='ocrx_word' id='word_1_33' title='bbox 1599 584 2034 674; x_wconf 79' lang='grc' dir='ltr'><strong><em>ὑπάρχουσαν</em></strong></span> <span class='ocrx_word' id='word_1_34' title='bbox 2054 586 2190 656; x_wconf 79' lang='grc' dir='ltr'><strong><em>ὑπὸ</em></strong></span> <span class='ocrx_word' id='word_1_35' title='bbox 2211 588 2377 656; x_wconf 71' lang='grc' dir='ltr'><strong><em>ταύ-</em></strong></span> 
     </span>
     <span class='ocr_line' id='line_1_5' title="bbox 274 681 2377 773; baseline -0 -19"><span class='ocrx_word' id='word_1_36' title='bbox 274 696 311 747; x_wconf 81' lang='lat' dir='ltr'><strong>G</strong></span> <span class='ocrx_word' id='word_1_37' title='bbox 343 713 457 773; x_wconf 90' lang='grc' dir='ltr'><strong><em>της</em></strong></span> <span class='ocrx_word' id='word_1_38' title='bbox 478 694 593 772; x_wconf 85' lang='grc' dir='ltr'><strong><em>τῆς</em></strong></span> <span class='ocrx_word' id='word_1_39' title='bbox 605 681 1010 769; x_wconf 79' lang='grc' dir='ltr'><strong><em>όνειριόξεως</em></strong></span> <span class='ocrx_word' id='word_1_40' title='bbox 1022 683 1106 753; x_wconf 81' lang='grc' dir='ltr'><strong><em>οὐ</em></strong></span> <span class='ocrx_word' id='word_1_41' title='bbox 1129 685 1401 753; x_wconf 87' lang='grc' dir='ltr'><strong><em>δυνατοὶ</em></strong></span> <span class='ocrx_word' id='word_1_42' title='bbox 1421 687 1798 773; x_wconf 80' lang='grc' dir='ltr'><strong><em>γιγνόμεθα</em></strong></span> <span class='ocrx_word' id='word_1_43' title='bbox 1819 688 2205 771; x_wconf 81' lang='grc' dir='ltr'><strong><em>ἐγερθέντες</em></strong></span> <span class='ocrx_word' id='word_1_44' title='bbox 2225 689 2377 753; x_wconf 87' lang='grc' dir='ltr'><strong><em>διο-</em></strong></span> 
     </span>
     <span class='ocr_line' id='line_1_6' title="bbox 342 780 2369 872; baseline 0 -21"><span class='ocrx_word' id='word_1_45' title='bbox 342 783 675 871; x_wconf 78' lang='grc' dir='ltr'><strong><em>ριζόμενοι</em></strong></span> <span class='ocrx_word' id='word_1_46' title='bbox 693 783 980 872; x_wconf 74' lang='grc' dir='ltr'><strong><em>τάληθὲς</em></strong></span> <span class='ocrx_word' id='word_1_47' title='bbox 999 786 1237 870; x_wconf 79' lang='grc' dir='ltr'><strong><em>λέγειν,</em></strong></span> <span class='ocrx_word' id='word_1_48' title='bbox 1264 781 1354 862; x_wconf 75' lang='grc' dir='ltr'><strong><em>ὦς</em></strong></span> <span class='ocrx_word' id='word_1_49' title='bbox 1375 784 1586 852; x_wconf 73' lang='grc' dir='ltr'><strong><em>εἰκόνι</em></strong></span> <span class='ocrx_word' id='word_1_50' title='bbox 1610 787 1754 871; x_wconf 74' lang='grc' dir='ltr'><strong><em>μέν,</em></strong></span> <span class='ocrx_word' id='word_1_51' title='bbox 1781 786 2048 871; x_wconf 78' lang='grc' dir='ltr'><strong><em>ἐπείπερ</em></strong></span> <span class='ocrx_word' id='word_1_52' title='bbox 2072 780 2225 851; x_wconf 81' lang='grc' dir='ltr'><strong><em>οὐδ’</em></strong></span> <span class='ocrx_word' id='word_1_53' title='bbox 2250 781 2369 852; x_wconf 80' lang='grc' dir='ltr'><strong><em>αὖ·</em></strong></span> 
     </span>
     <span class='ocr_line' id='line_1_7' title="bbox 341 878 2509 971; baseline -0.001 -21"><span class='ocrx_word' id='word_1_54' title='bbox 341 882 415 950; x_wconf 87' lang='grc' dir='ltr'>τό</span> <span class='ocrx_word' id='word_1_55' title='bbox 438 888 659 968; x_wconf 84' lang='grc' dir='ltr'><strong><em>τοῦτο,</em></strong></span> <span class='ocrx_word' id='word_1_56' title='bbox 691 881 801 968; x_wconf 79' lang='grc' dir='ltr'><strong><em>ἐφ’</em></strong></span> <span class='ocrx_word' id='word_1_57' title='bbox 827 909 880 971; x_wconf 88' lang='grc' dir='ltr'><strong><em>ω</em></strong></span> <span class='ocrx_word' id='word_1_58' title='bbox 902 885 1200 968; x_wconf 82' lang='grc' dir='ltr'><strong><em>γέγονεν,</em></strong></span> <span class='ocrx_word' id='word_1_59' title='bbox 1238 882 1477 969; x_wconf 78' lang='grc' dir='ltr'><strong><em>ἑαυτῆς</em></strong></span> <span class='ocrx_word' id='word_1_60' title='bbox 1497 884 1696 969; x_wconf 77' lang='grc' dir='ltr'><strong><em>ἐστίν,</em></strong></span> <span class='ocrx_word' id='word_1_61' title='bbox 1720 884 1950 969; x_wconf 80' lang='grc' dir='ltr'><strong><em>ἑτέρου</em></strong></span> <span class='ocrx_word' id='word_1_62' title='bbox 1971 886 2047 951; x_wconf 75' lang='grc' dir='ltr'><strong><em>δέ</em></strong></span> <span class='ocrx_word' id='word_1_63' title='bbox 2063 908 2244 961; x_wconf 87' lang='grc' dir='ltr'><strong><em>τινος</em></strong></span> <span class='ocrx_word' id='word_1_64' title='bbox 2264 878 2372 948; x_wconf 81' lang='grc' dir='ltr'><strong><em>ἀεὶ</em></strong></span> <span class='ocrx_word' id='word_1_65' title='bbox 2492 892 2509 898; x_wconf 79' lang='lat'><strong>‘</strong></span> 
     </span>
     <span class='ocr_line' id='line_1_8' title="bbox 342 976 2372 1071; baseline -0 -24"><span class='ocrx_word' id='word_1_66' title='bbox 342 983 610 1067; x_wconf 79' lang='grc' dir='ltr'><strong><em>φέρεται</em></strong></span> <span class='ocrx_word' id='word_1_67' title='bbox 639 980 1018 1067; x_wconf 85' lang='grc' dir='ltr'><strong><em>φάντασμα,</em></strong></span> <span class='ocrx_word' id='word_1_68' title='bbox 1057 976 1165 1049; x_wconf 77' lang='grc' dir='ltr'><strong><em>διὰ</em></strong></span> <span class='ocrx_word' id='word_1_69' title='bbox 1190 1006 1401 1047; x_wconf 91' lang='grc' dir='ltr'><strong><em>ταυτα</em></strong></span> <span class='ocrx_word' id='word_1_70' title='bbox 1433 983 1506 1047; x_wconf 80' lang='grc' dir='ltr'><strong><em>ἐν</em></strong></span> <span class='ocrx_word' id='word_1_71' title='bbox 1536 982 1735 1071; x_wconf 75' lang='grc' dir='ltr'><strong><em>ἑτέρῳ</em></strong></span> <span class='ocrx_word' id='word_1_72' title='bbox 1771 981 2092 1069; x_wconf 85' lang='grc' dir='ltr'><strong><em>προσήκει</em></strong></span> <span class='ocrx_word' id='word_1_73' title='bbox 2112 981 2243 1049; x_wconf 85' lang='grc' dir='ltr'><strong><em>τινὶ</em></strong></span> <span class='ocrx_word' id='word_1_74' title='bbox 2263 985 2372 1064; x_wconf 83' lang='grc' dir='ltr'><strong><em>γί-</em></strong></span> 
     </span>
     <span class='ocr_line' id='line_1_9' title="bbox 341 1073 2365 1199; baseline -0.001 -53"><span class='ocrx_word' id='word_1_75' title='bbox 341 1087 645 1164; x_wconf 84' lang='grc' dir='ltr'><strong><em>γνεσθαι,</em></strong></span> <span class='ocrx_word' id='word_1_76' title='bbox 689 1075 919 1199; x_wconf 76' lang='grc' dir='ltr'><strong><em>οὐσίας</em></strong></span> <span class='ocrx_word' id='word_1_77' title='bbox 952 1074 1137 1164; x_wconf 74' lang='grc' dir='ltr'><strong><em>ἀμοῖς</em></strong></span> <span class='ocrx_word' id='word_1_78' title='bbox 1176 1081 1255 1163; x_wconf 82' lang='grc' dir='ltr'><strong><em>γέ</em></strong></span> <span class='ocrx_word' id='word_1_79' title='bbox 1291 1101 1433 1156; x_wconf 88' lang='grc' dir='ltr'><strong><em>πως</em></strong></span> <span class='ocrx_word' id='word_1_80' title='bbox 1466 1074 1935 1165; x_wconf 83' lang='grc' dir='ltr'><strong><em>ἀντεχομένην,</em></strong></span> <span class='ocrx_word' id='word_1_81' title='bbox 1969 1073 2011 1164; x_wconf 77' lang='grc' dir='ltr'><strong><em>ἦ</em></strong></span> <span class='ocrx_word' id='word_1_82' title='bbox 2038 1079 2245 1165; x_wconf 77' lang='grc' dir='ltr'><strong><em>μηδὲν</em></strong></span> <span class='ocrx_word' id='word_1_83' title='bbox 2286 1073 2365 1144; x_wconf 81' lang='grc' dir='ltr'><strong><em>τὸ</em></strong></span> 
     </span>
     <span class='ocr_line' id='line_1_10' title="bbox 340 1173 2368 1267; baseline -0.001 -22"><span class='ocrx_word' id='word_1_84' title='bbox 340 1177 658 1261; x_wconf 88' lang='grc' dir='ltr'><strong><em>παράπαν</em></strong></span> <span class='ocrx_word' id='word_1_85' title='bbox 678 1174 893 1262; x_wconf 81' lang='grc' dir='ltr'><strong><em>αὐτὴν</em></strong></span> <span class='ocrx_word' id='word_1_86' title='bbox 915 1175 1103 1262; x_wconf 81' lang='grc' dir='ltr'><strong><em>εἶναι,</em></strong></span> <span class='ocrx_word' id='word_1_87' title='bbox 1117 1203 1209 1267; x_wconf 91' lang='grc' dir='ltr'><strong><em>τω</em></strong></span> <span class='ocrx_word' id='word_1_88' title='bbox 1233 1174 1371 1245; x_wconf 71' lang='grc' dir='ltr'><strong><em>δὲ”</em></strong></span> <span class='ocrx_word' id='word_1_89' title='bbox 1329 1202 1540 1255; x_wconf 87' lang='grc' dir='ltr'><strong><em>οντως</em></strong></span> <span class='ocrx_word' id='word_1_90' title='bbox 1561 1174 1706 1244; x_wconf 79' lang='grc' dir='ltr'><strong><em>ὄντι</em></strong></span> <span class='ocrx_word' id='word_1_91' title='bbox 1726 1173 2033 1264; x_wconf 65' lang='grc' dir='ltr'><strong><em>βοηθὸς’</em></strong></span> <span class='ocrx_word' id='word_1_92' title='bbox 2004 1203 2039 1243; x_wconf 92' lang='grc' dir='ltr'><strong><em>ο</em></strong></span> <span class='ocrx_word' id='word_1_93' title='bbox 2063 1173 2155 1244; x_wconf 87' lang='grc' dir='ltr'><strong><em>δι’</em></strong></span> <span class='ocrx_word' id='word_1_94' title='bbox 2187 1174 2368 1260; x_wconf 84' lang='grc' dir='ltr'><strong><em>ἀκρι·</em></strong></span> 
     </span>
     <span class='ocr_line' id='line_1_11' title="bbox 340 1266 2401 1362; baseline -0.001 -20"><span class='ocrx_word' id='word_1_95' title='bbox 340 1283 522 1361; x_wconf 86' lang='grc' dir='ltr'><strong><em>βείας</em></strong></span> <span class='ocrx_word' id='word_1_96' title='bbox 561 1273 821 1361; x_wconf 82' lang='grc' dir='ltr'><strong><em>ἀληθὴς</em></strong></span> <span class='ocrx_word' id='word_1_97' title='bbox 854 1274 1071 1361; x_wconf 89' lang='grc' dir='ltr'><strong><em>λόγος,</em></strong></span> <span class='ocrx_word' id='word_1_98' title='bbox 1119 1272 1210 1354; x_wconf 76' lang='grc' dir='ltr'><strong><em>ὡς</em></strong></span> <span class='ocrx_word' id='word_1_99' title='bbox 1239 1277 1364 1354; x_wconf 79' lang='grc' dir='ltr'><strong><em>ἕως</em></strong></span> <span class='ocrx_word' id='word_1_100' title='bbox 1393 1302 1479 1343; x_wconf 89' lang='grc' dir='ltr'><strong><em>αν</em></strong></span> <span class='ocrx_word' id='word_1_101' title='bbox 1505 1300 1568 1343; x_wconf 90' lang='grc' dir='ltr'><strong><em>τι</em></strong></span> <span class='ocrx_word' id='word_1_102' title='bbox 1599 1273 1674 1342; x_wconf 81' lang='grc' dir='ltr'><strong><em>τὸ</em></strong></span> <span class='ocrx_word' id='word_1_103' title='bbox 1712 1275 1837 1362; x_wconf 77' lang='grc' dir='ltr'><strong><em>μὲν</em></strong></span> <span class='ocrx_word' id='word_1_104' title='bbox 1866 1274 2030 1343; x_wconf 77' lang='grc' dir='ltr'><strong><em>ἀλλο</em></strong></span> <span class='ocrx_word' id='word_1_105' title='bbox 2063 1266 2129 1362; x_wconf 76' lang='grc' dir='ltr'><strong><em>ᾗ,</em></strong></span> <span class='ocrx_word' id='word_1_106' title='bbox 2172 1270 2247 1341; x_wconf 79' lang='grc' dir='ltr'><strong><em>τὸ</em></strong></span> <span class='ocrx_word' id='word_1_107' title='bbox 2293 1275 2371 1340; x_wconf 73' lang='grc' dir='ltr'><strong><em>δὲ</em></strong></span> <span class='ocrx_word' id='word_1_108' title='bbox 2398 1280 2401 1281; x_wconf 65' lang='grc'>’</span> 
     </span>
     <span class='ocr_line' id='line_1_12' title="bbox 343 1369 2365 1464; baseline 0 -27"><span class='ocrx_word' id='word_1_109' title='bbox 343 1370 528 1458; x_wconf 78' lang='grc' dir='ltr'><strong><em>ἀλλο,</em></strong></span> <span class='ocrx_word' id='word_1_110' title='bbox 566 1371 921 1455; x_wconf 81' lang='grc' dir='ltr'><strong><em>οὐδέτερον</em></strong></span> <span class='ocrx_word' id='word_1_111' title='bbox 954 1376 1029 1439; x_wconf 78' lang='grc' dir='ltr'><strong><em>ἐν</em></strong></span> <span class='ocrx_word' id='word_1_112' title='bbox 1061 1369 1390 1464; x_wconf 73' lang='grc' dir='ltr'><strong><em>οὐδετέρῳ</em></strong></span> <span class='ocrx_word' id='word_1_113' title='bbox 1430 1372 1589 1441; x_wconf 82' lang='grc' dir='ltr'><strong><em>ποτὲ</em></strong></span> <span class='ocrx_word' id='word_1_114' title='bbox 1615 1378 2062 1464; x_wconf 78' lang='grc' dir='ltr'><strong><em>γεγενημένον</em></strong></span> <span class='ocrx_word' id='word_1_115' title='bbox 2095 1375 2171 1440; x_wconf 79' lang='grc' dir='ltr'><strong><em>ἓν</em></strong></span> <span class='ocrx_word' id='word_1_116' title='bbox 2223 1369 2365 1457; x_wconf 82' lang='grc' dir='ltr'><strong><em>ἅμα</em></strong></span> 
     </span>
     <span class='ocr_line' id='line_1_13' title="bbox 265 1467 1336 1556; baseline 0.003 -21"><span class='ocrx_word' id='word_1_117' title='bbox 265 1486 308 1535; x_wconf 89' lang='lat' dir='ltr'><strong>D</strong></span> <span class='ocrx_word' id='word_1_118' title='bbox 343 1467 592 1537; x_wconf 82' lang='grc' dir='ltr'><strong><em>ταύτον</em></strong></span> <span class='ocrx_word' id='word_1_119' title='bbox 610 1470 721 1538; x_wconf 88' lang='grc' dir='ltr'><strong><em>καὶ</em></strong></span> <span class='ocrx_word' id='word_1_120' title='bbox 743 1469 868 1538; x_wconf 81' lang='grc' dir='ltr'><strong><em>δύο</em></strong></span> <span class='ocrx_word' id='word_1_121' title='bbox 900 1468 1336 1556; x_wconf 82' lang='grc' dir='ltr'><strong><em>γενήσεσθον.</em></strong></span> 
     </span>
    </p>

    <p class='ocr_par' dir='ltr' id='par_1_3' title="bbox 341 1560 2367 2054">
     <span class='ocr_line' id='line_1_14' title="bbox 507 1560 2367 1656; baseline -0.002 -19"><span class='ocrx_word' id='word_1_122' title='bbox 507 1571 663 1637; x_wconf 84' lang='grc' dir='ltr'><strong>ΧΙΧ.</strong></span> <span class='ocrx_word' id='word_1_123' title='bbox 712 1560 930 1647; x_wconf 76' lang='grc' dir='ltr'><strong><em>Οὗτος</em></strong></span> <span class='ocrx_word' id='word_1_124' title='bbox 949 1569 1073 1656; x_wconf 77' lang='grc' dir='ltr'><strong><em>μὲν</em></strong></span> <span class='ocrx_word' id='word_1_125' title='bbox 1104 1561 1235 1636; x_wconf 80' lang='grc' dir='ltr'><strong><em>οὖν</em></strong></span> <span class='ocrx_word' id='word_1_126' title='bbox 1268 1565 1349 1655; x_wconf 79' lang='grc' dir='ltr'><strong><em>δὴ</em></strong></span> <span class='ocrx_word' id='word_1_127' title='bbox 1376 1567 1555 1655; x_wconf 82' lang='grc' dir='ltr'><strong><em>παρὰ</em></strong></span> <span class='ocrx_word' id='word_1_128' title='bbox 1589 1575 1706 1654; x_wconf 81' lang='grc' dir='ltr'><strong><em>τῆς</em></strong></span> <span class='ocrx_word' id='word_1_129' title='bbox 1736 1569 1894 1655; x_wconf 78' lang='grc' dir='ltr'><strong><em>ἐμῆς</em></strong></span> <span class='ocrx_word' id='word_1_130' title='bbox 1912 1568 2151 1655; x_wconf 84' lang='grc' dir='ltr'><strong><em>ψήφου</em></strong></span> <span class='ocrx_word' id='word_1_131' title='bbox 2178 1575 2367 1652; x_wconf 87' lang='grc' dir='ltr'><strong><em>λογι-</em></strong></span> 
     </span>
     <span class='ocr_line' id='line_1_15' title="bbox 346 1665 2365 1757; baseline -0 -24"><span class='ocrx_word' id='word_1_132' title='bbox 346 1669 531 1745; x_wconf 87' lang='grc' dir='ltr'><strong><em>σθεὶς</em></strong></span> <span class='ocrx_word' id='word_1_133' title='bbox 558 1671 654 1735; x_wconf 82' lang='grc' dir='ltr'><strong><em>ἐν</em></strong></span> <span class='ocrx_word' id='word_1_134' title='bbox 663 1672 1005 1757; x_wconf 77' lang='grc' dir='ltr'><strong><em>κεφαλαίῳ</em></strong></span> <span class='ocrx_word' id='word_1_135' title='bbox 1042 1667 1350 1736; x_wconf 88' lang='grc' dir='ltr'><strong><em>δεδόσθω</em></strong></span> <span class='ocrx_word' id='word_1_136' title='bbox 1393 1666 1610 1752; x_wconf 81' lang='grc' dir='ltr'><strong><em>λόγος,</em></strong></span> <span class='ocrx_word' id='word_1_137' title='bbox 1641 1665 1722 1734; x_wconf 81' lang='grc' dir='ltr'><strong><em>ὄν</em></strong></span> <span class='ocrx_word' id='word_1_138' title='bbox 1741 1692 1814 1735; x_wconf 87' lang='grc' dir='ltr'><strong><em>τε</em></strong></span> <span class='ocrx_word' id='word_1_139' title='bbox 1849 1669 1961 1736; x_wconf 82' lang='grc' dir='ltr'><strong><em>καὶ</em></strong></span> <span class='ocrx_word' id='word_1_140' title='bbox 1990 1692 2218 1754; x_wconf 86' lang='grc' dir='ltr'><strong><em>χωραν</em></strong></span> <span class='ocrx_word' id='word_1_141' title='bbox 2251 1666 2365 1733; x_wconf 86' lang='grc' dir='ltr'><strong><em>καὶ</em></strong></span> 
     </span>
     <span class='ocr_line' id='line_1_16' title="bbox 341 1761 2367 1855; baseline -0.001 -21"><span class='ocrx_word' id='word_1_142' title='bbox 341 1767 605 1851; x_wconf 83' lang='grc' dir='ltr'><strong><em>γένεσιν</em></strong></span> <span class='ocrx_word' id='word_1_143' title='bbox 629 1765 799 1837; x_wconf 79' lang='grc' dir='ltr'><strong><em>εἶναι</em></strong></span> <span class='ocrx_word' id='word_1_144' title='bbox 819 1771 969 1850; x_wconf 86' lang='grc' dir='ltr'><strong><em>τρία</em></strong></span> <span class='ocrx_word' id='word_1_145' title='bbox 995 1768 1317 1855; x_wconf 78' lang='grc' dir='ltr'><strong><em>τριχῇκαὶ</em></strong></span> <span class='ocrx_word' id='word_1_146' title='bbox 1338 1768 1498 1850; x_wconf 84' lang='grc' dir='ltr'><strong><em>πρὶν</em></strong></span> <span class='ocrx_word' id='word_1_147' title='bbox 1531 1761 1834 1851; x_wconf 75' lang='grc' dir='ltr'><strong><em>οὐρανὸν</em></strong></span> <span class='ocrx_word' id='word_1_148' title='bbox 1852 1768 2193 1852; x_wconf 79' lang='grc' dir='ltr'><strong><em>γενέσθαι·</em></strong></span> <span class='ocrx_word' id='word_1_149' title='bbox 2242 1763 2367 1850; x_wconf 84' lang='grc' dir='ltr'><strong><em>τὴν</em></strong></span> 
     </span>
     <span class='ocr_line' id='line_1_17' title="bbox 344 1861 2363 1953; baseline 0 -21"><span class='ocrx_word' id='word_1_150' title='bbox 344 1865 418 1933; x_wconf 74' lang='grc' dir='ltr'><strong><em>δὲ</em></strong></span> <span class='ocrx_word' id='word_1_151' title='bbox 452 1866 534 1952; x_wconf 81' lang='grc' dir='ltr'><strong><em>δὴ</em></strong></span> <span class='ocrx_word' id='word_1_152' title='bbox 575 1867 897 1950; x_wconf 84' lang='grc' dir='ltr'><strong><em>γενέσεως</em></strong></span> <span class='ocrx_word' id='word_1_153' title='bbox 937 1865 1228 1952; x_wconf 74' lang='grc' dir='ltr'><strong><em>τιθήνην</em></strong></span> <span class='ocrx_word' id='word_1_154' title='bbox 1259 1861 1754 1952; x_wconf 79' lang='grc' dir='ltr'><strong><em>ὑγραινομένην</em></strong></span> <span class='ocrx_word' id='word_1_155' title='bbox 1781 1866 1893 1935; x_wconf 87' lang='grc' dir='ltr'><strong><em>καὶ</em></strong></span> <span class='ocrx_word' id='word_1_156' title='bbox 1928 1869 2363 1953; x_wconf 81' lang='grc' dir='ltr'><strong><em>πυρουμένην</em></strong></span> 
     </span>
     <span class='ocr_line' id='line_1_18' title="bbox 341 1960 2366 2054; baseline 0 -22"><span class='ocrx_word' id='word_1_157' title='bbox 341 1964 451 2033; x_wconf 89' lang='grc' dir='ltr'><strong><em>καὶ</em></strong></span> <span class='ocrx_word' id='word_1_158' title='bbox 478 1962 595 2044; x_wconf 84' lang='grc' dir='ltr'><strong><em>τάς</em></strong></span> <span class='ocrx_word' id='word_1_159' title='bbox 615 1972 738 2051; x_wconf 83' lang='grc' dir='ltr'><strong><em>γῆς</em></strong></span> <span class='ocrx_word' id='word_1_160' title='bbox 757 1990 829 2031; x_wconf 87' lang='grc' dir='ltr'><strong><em>τε</em></strong></span> <span class='ocrx_word' id='word_1_161' title='bbox 848 1964 960 2033; x_wconf 87' lang='grc' dir='ltr'><strong><em>καὶ</em></strong></span> <span class='ocrx_word' id='word_1_162' title='bbox 982 1960 1177 2051; x_wconf 81' lang='grc' dir='ltr'><strong><em>ἀέρος</em></strong></span> <span class='ocrx_word' id='word_1_163' title='bbox 1195 1962 1461 2051; x_wconf 80' lang='grc' dir='ltr'><strong><em>μορφὰς</em></strong></span> <span class='ocrx_word' id='word_1_164' title='bbox 1483 1969 1864 2054; x_wconf 80' lang='grc' dir='ltr'><strong><em>δεχομένην,</em></strong></span> <span class='ocrx_word' id='word_1_165' title='bbox 1890 1969 2004 2035; x_wconf 84' lang='grc' dir='ltr'><strong><em>καὶ</em></strong></span> <span class='ocrx_word' id='word_1_166' title='bbox 2031 1963 2159 2033; x_wconf 79' lang='grc' dir='ltr'><strong><em>ὅσα</em></strong></span> <span class='ocrx_word' id='word_1_167' title='bbox 2190 1963 2366 2033; x_wconf 78' lang='grc' dir='ltr'><strong><em>ἄλλα</em></strong></span> 
     </span>
    </p>

    <p class='ocr_par' dir='ltr' id='par_1_4' title="bbox 262 2064 2368 2843">
     <span class='ocr_line' id='line_1_19' title="bbox 262 2064 2366 2152; baseline 0 -21"><span class='ocrx_word' id='word_1_168' title='bbox 262 2082 302 2131; x_wconf 86' lang='grc' dir='ltr'>Ε</span> <span class='ocrx_word' id='word_1_169' title='bbox 339 2064 600 2142; x_wconf 82' lang='grc' dir='ltr'><strong><em>τούτοις</em></strong></span> <span class='ocrx_word' id='word_1_170' title='bbox 642 2065 835 2150; x_wconf 85' lang='grc' dir='ltr'><strong><em>πάθη</em></strong></span> <span class='ocrx_word' id='word_1_171' title='bbox 890 2067 1237 2143; x_wconf 78' lang='grc' dir='ltr'><strong><em>ξυνέπεται</em></strong></span> <span class='ocrx_word' id='word_1_172' title='bbox 1287 2065 1680 2150; x_wconf 76' lang='grc' dir='ltr'><strong><em>πάσχουσαν</em></strong></span> <span class='ocrx_word' id='word_1_173' title='bbox 1693 2117 1713 2151; x_wconf 90' lang='grc'><strong><em>,</em></strong></span> <span class='ocrx_word' id='word_1_174' title='bbox 1752 2066 2187 2151; x_wconf 81' lang='grc' dir='ltr'><strong><em>παντοδαπὴν</em></strong></span> <span class='ocrx_word' id='word_1_175' title='bbox 2241 2067 2366 2152; x_wconf 74' lang='grc' dir='ltr'><strong><em>μὲν</em></strong></span> 
     </span>
     <span class='ocr_line' id='line_1_20' title="bbox 341 2161 2365 2252; baseline 0.002 -24"><span class='ocrx_word' id='word_1_176' title='bbox 341 2166 514 2229; x_wconf 76' lang='grc' dir='ltr'><strong><em>ἰδεῖν</em></strong></span> <span class='ocrx_word' id='word_1_177' title='bbox 535 2169 918 2248; x_wconf 84' lang='grc' dir='ltr'><strong><em>φαίνεσθαι,</em></strong></span> <span class='ocrx_word' id='word_1_178' title='bbox 953 2161 1061 2230; x_wconf 79' lang='grc' dir='ltr'><strong><em>διὰ</em></strong></span> <span class='ocrx_word' id='word_1_179' title='bbox 1097 2163 1168 2231; x_wconf 74' lang='grc' dir='ltr'><strong><em>δὲ</em></strong></span> <span class='ocrx_word' id='word_1_180' title='bbox 1198 2163 1274 2230; x_wconf 83' lang='grc' dir='ltr'><strong><em>τὸ</em></strong></span> <span class='ocrx_word' id='word_1_181' title='bbox 1312 2161 1484 2250; x_wconf 82' lang='grc' dir='ltr'><strong><em>μήθ’</em></strong></span> <span class='ocrx_word' id='word_1_182' title='bbox 1521 2161 1770 2252; x_wconf 85' lang='grc' dir='ltr'><strong><em>ὁμοίων</em></strong></span> <span class='ocrx_word' id='word_1_183' title='bbox 1807 2165 2161 2252; x_wconf 79' lang='grc' dir='ltr'><strong><em>δυνάμεων</em></strong></span> <span class='ocrx_word' id='word_1_184' title='bbox 2198 2165 2365 2251; x_wconf 79' lang='grc' dir='ltr'><strong><em>μήτε</em></strong></span> 
     </span>
     <span class='ocr_line' id='line_1_21' title="bbox 342 2261 2361 2351; baseline 0.001 -21"><span class='ocrx_word' id='word_1_185' title='bbox 342 2263 728 2348; x_wconf 80' lang='grc' dir='ltr'><strong><em>ἰσορρόπων</em></strong></span> <span class='ocrx_word' id='word_1_186' title='bbox 774 2265 1226 2350; x_wconf 78' lang='grc' dir='ltr'><strong><em>ἐμπίπλασθαι</em></strong></span> <span class='ocrx_word' id='word_1_187' title='bbox 1266 2262 1421 2332; x_wconf 89' lang='grc' dir='ltr'><strong><em>κατ’</em></strong></span> <span class='ocrx_word' id='word_1_188' title='bbox 1453 2261 1653 2333; x_wconf 73' lang='grc' dir='ltr'><strong><em>οὐδὲν</em></strong></span> <span class='ocrx_word' id='word_1_189' title='bbox 1702 2261 1907 2351; x_wconf 81' lang='grc' dir='ltr'><strong><em>αὐτῆς</em></strong></span> <span class='ocrx_word' id='word_1_190' title='bbox 1952 2269 2361 2350; x_wconf 78' lang='grc' dir='ltr'><strong><em>ίσορροπεῖν,</em></strong></span> 
     </span>
     <span class='ocr_line' id='line_1_22' title="bbox 337 2358 2361 2450; baseline 0 -21"><span class='ocrx_word' id='word_1_191' title='bbox 337 2359 488 2430; x_wconf 84' lang='grc' dir='ltr'><strong><em>ἀλλ’</em></strong></span> <span class='ocrx_word' id='word_1_192' title='bbox 517 2360 885 2448; x_wconf 77' lang='grc' dir='ltr'><strong><em>ἀνωμάλως</em></strong></span> <span class='ocrx_word' id='word_1_193' title='bbox 922 2363 1138 2450; x_wconf 87' lang='grc' dir='ltr'><strong><em>πάντη</em></strong></span> <span class='ocrx_word' id='word_1_194' title='bbox 1169 2367 1716 2449; x_wconf 74' lang='grc' dir='ltr'><strong><em>ταλαντουμένην</em></strong></span> <span class='ocrx_word' id='word_1_195' title='bbox 1751 2370 2052 2431; x_wconf 75' lang='grc' dir='ltr'><strong><em>σείεσθαι</em></strong></span> <span class='ocrx_word' id='word_1_196' title='bbox 2081 2360 2205 2449; x_wconf 69' lang='grc' dir='ltr'><strong><em>μὲν</em></strong></span> <span class='ocrx_word' id='word_1_197' title='bbox 2236 2358 2361 2429; x_wconf 75' lang='grc' dir='ltr'><strong><em>ὑπ’</em></strong></span> 
     </span>
     <span class='ocr_line' id='line_1_23' title="bbox 342 2455 2368 2547; baseline -0 -19"><span class='ocrx_word' id='word_1_198' title='bbox 342 2464 617 2529; x_wconf 81' lang='grc' dir='ltr'><strong><em>ἐκείνων</em></strong></span> <span class='ocrx_word' id='word_1_199' title='bbox 637 2459 872 2547; x_wconf 76' lang='grc' dir='ltr'><strong><em>αὐτήν,</em></strong></span> <span class='ocrx_word' id='word_1_200' title='bbox 896 2465 1306 2547; x_wconf 81' lang='grc' dir='ltr'><strong><em>κινουμένην</em></strong></span> <span class='ocrx_word' id='word_1_201' title='bbox 1329 2457 1392 2528; x_wconf 86' lang='grc' dir='ltr'><strong><em>δ’</em></strong></span> <span class='ocrx_word' id='word_1_202' title='bbox 1419 2455 1510 2528; x_wconf 80' lang='grc' dir='ltr'><strong><em>αὖ</em></strong></span> <span class='ocrx_word' id='word_1_203' title='bbox 1531 2463 1738 2529; x_wconf 88' lang='grc' dir='ltr'><strong><em>πάλιν</em></strong></span> <span class='ocrx_word' id='word_1_204' title='bbox 1768 2464 1986 2530; x_wconf 72' lang='grc' dir='ltr'><strong><em>ἐκεῖνα</em></strong></span> <span class='ocrx_word' id='word_1_205' title='bbox 2009 2466 2237 2529; x_wconf 87' lang='grc' dir='ltr'><strong><em>σείειν·</em></strong></span> <span class='ocrx_word' id='word_1_206' title='bbox 2280 2459 2368 2527; x_wconf 82' lang='grc' dir='ltr'><strong><em>τά</em></strong></span> 
     </span>
     <span class='ocr_line' id='line_1_24' title="bbox 340 2556 2367 2647; baseline -0.001 -21"><span class='ocrx_word' id='word_1_207' title='bbox 340 2561 415 2626; x_wconf 77' lang='grc' dir='ltr'><strong><em>δὲ</em></strong></span> <span class='ocrx_word' id='word_1_208' title='bbox 455 2558 822 2644; x_wconf 83' lang='grc' dir='ltr'><strong><em>κινούμενα</em></strong></span> <span class='ocrx_word' id='word_1_209' title='bbox 866 2559 1033 2627; x_wconf 77' lang='grc' dir='ltr'><strong><em>ἄλλοι</em></strong></span> <span class='ocrx_word' id='word_1_210' title='bbox 1077 2556 1330 2627; x_wconf 67' lang='grc' dir='ltr'><strong><em>ἄλλοσε</em></strong></span> <span class='ocrx_word' id='word_1_211' title='bbox 1352 2558 1455 2627; x_wconf 88' lang='grc' dir='ltr'><strong><em>ἀεὶ</em></strong></span> <span class='ocrx_word' id='word_1_212' title='bbox 1496 2563 1824 2646; x_wconf 80' lang='grc' dir='ltr'><strong><em>φέρεσθαι</em></strong></span> <span class='ocrx_word' id='word_1_213' title='bbox 1868 2559 2367 2647; x_wconf 85' lang='grc' dir='ltr'><strong><em>διακρινόμενα,</em></strong></span> 
     </span>
     <span class='ocr_line' id='line_1_25' title="bbox 341 2655 2365 2745; baseline 0 -20"><span class='ocrx_word' id='word_1_214' title='bbox 341 2656 565 2744; x_wconf 70' lang='grc' dir='ltr'><strong><em>ὥσπερ</em></strong></span> <span class='ocrx_word' id='word_1_215' title='bbox 586 2655 667 2725; x_wconf 83' lang='grc' dir='ltr'><strong><em>τά</em></strong></span> <span class='ocrx_word' id='word_1_216' title='bbox 691 2655 824 2725; x_wconf 77' lang='grc' dir='ltr'><strong><em>ὑπὸ</em></strong></span> <span class='ocrx_word' id='word_1_217' title='bbox 861 2666 998 2726; x_wconf 70' lang='grc' dir='ltr'><strong><em>τῶν</em></strong></span> <span class='ocrx_word' id='word_1_218' title='bbox 1033 2657 1393 2727; x_wconf 81' lang='grc' dir='ltr'><strong><em>πλοκάνων</em></strong></span> <span class='ocrx_word' id='word_1_219' title='bbox 1425 2684 1497 2727; x_wconf 84' lang='grc' dir='ltr'><strong><em>τε</em></strong></span> <span class='ocrx_word' id='word_1_220' title='bbox 1537 2658 1650 2727; x_wconf 87' lang='grc' dir='ltr'><strong><em>καὶ</em></strong></span> <span class='ocrx_word' id='word_1_221' title='bbox 1689 2655 2006 2745; x_wconf 86' lang='grc' dir='ltr'><strong><em>ὀργάνων</em></strong></span> <span class='ocrx_word' id='word_1_222' title='bbox 2035 2664 2174 2726; x_wconf 75' lang='grc' dir='ltr'><strong><em>τῶν</em></strong></span> <span class='ocrx_word' id='word_1_223' title='bbox 2209 2660 2365 2743; x_wconf 81' lang='grc' dir='ltr'><strong><em>περὶ</em></strong></span> 
     </span>
     <span class='ocr_line' id='line_1_26' title="bbox 338 2753 2360 2843; baseline 0 -20"><span class='ocrx_word' id='word_1_224' title='bbox 338 2754 464 2843; x_wconf 79' lang='grc' dir='ltr'><strong><em>τὴν</em></strong></span> <span class='ocrx_word' id='word_1_225' title='bbox 502 2764 629 2824; x_wconf 82' lang='grc' dir='ltr'><strong><em>τοῦ</em></strong></span> <span class='ocrx_word' id='word_1_226' title='bbox 667 2762 858 2824; x_wconf 85' lang='grc' dir='ltr'><strong><em>σίτου</em></strong></span> <span class='ocrx_word' id='word_1_227' title='bbox 898 2755 1237 2843; x_wconf 90' lang='grc' dir='ltr'><strong><em>κάθαρσιν</em></strong></span> <span class='ocrx_word' id='word_1_228' title='bbox 1281 2757 1595 2842; x_wconf 85' lang='grc' dir='ltr'><strong><em>σειόμενα</em></strong></span> <span class='ocrx_word' id='word_1_229' title='bbox 1637 2758 1750 2825; x_wconf 88' lang='grc' dir='ltr'><strong><em>καὶ</em></strong></span> <span class='ocrx_word' id='word_1_230' title='bbox 1804 2753 2232 2842; x_wconf 69' lang='grc' dir='ltr'><strong><em>ἀνικμοᾶμενα</em></strong></span> <span class='ocrx_word' id='word_1_231' title='bbox 2275 2756 2360 2823; x_wconf 83' lang='grc' dir='ltr'><strong><em>τά</em></strong></span> 
     </span>
    </p>

    <p class='ocr_par' dir='ltr' id='par_1_5' title="bbox 199 2851 2366 3533">
     <span class='ocr_line' id='line_1_27' title="bbox 230 2851 2365 2944; baseline -0.001 -21"><span class='ocrx_word' id='word_1_232' title='bbox 230 2868 301 2923; x_wconf 72' lang='grc'><strong><em>53</em></strong></span> <span class='ocrx_word' id='word_1_233' title='bbox 336 2854 462 2941; x_wconf 70' lang='grc' dir='ltr'><strong><em>μὲν</em></strong></span> <span class='ocrx_word' id='word_1_234' title='bbox 485 2856 710 2923; x_wconf 77' lang='grc' dir='ltr'><strong><em>πυκνὰ</em></strong></span> <span class='ocrx_word' id='word_1_235' title='bbox 730 2857 843 2923; x_wconf 85' lang='grc' dir='ltr'><strong><em>καὶ</em></strong></span> <span class='ocrx_word' id='word_1_236' title='bbox 868 2857 1076 2943; x_wconf 77' lang='grc' dir='ltr'><strong><em>βαρέα</em></strong></span> <span class='ocrx_word' id='word_1_237' title='bbox 1094 2855 1282 2944; x_wconf 77' lang='grc' dir='ltr'><strong><em>ἄλλῃ,</em></strong></span> <span class='ocrx_word' id='word_1_238' title='bbox 1321 2851 1402 2923; x_wconf 81' lang='grc' dir='ltr'><strong><em>τά</em></strong></span> <span class='ocrx_word' id='word_1_239' title='bbox 1426 2857 1501 2923; x_wconf 78' lang='grc' dir='ltr'><strong><em>δὲ</em></strong></span> <span class='ocrx_word' id='word_1_240' title='bbox 1522 2853 1702 2942; x_wconf 85' lang='grc' dir='ltr'><strong><em>μανά</em></strong></span> <span class='ocrx_word' id='word_1_241' title='bbox 1724 2857 1836 2924; x_wconf 87' lang='grc' dir='ltr'><strong><em>καὶ</em></strong></span> <span class='ocrx_word' id='word_1_242' title='bbox 1857 2863 2084 2941; x_wconf 82' lang='grc' dir='ltr'><strong><em>κοῦφα</em></strong></span> <span class='ocrx_word' id='word_1_243' title='bbox 2112 2859 2204 2933; x_wconf 85' lang='grc' dir='ltr'><strong><em>είς</em></strong></span> <span class='ocrx_word' id='word_1_244' title='bbox 2222 2854 2365 2922; x_wconf 77' lang='grc' dir='ltr'><strong><em>ἑτέ-</em></strong></span> 
     </span>
     <span class='ocr_line' id='line_1_28' title="bbox 199 2951 2365 3040; baseline 0.001 -22"><span class='ocrx_word' id='word_1_245' title='bbox 199 3013 210 3027; x_wconf 47' lang='lat'><em>2</em></span> <span class='ocrx_word' id='word_1_246' title='bbox 338 2978 467 3036; x_wconf 89' lang='grc' dir='ltr'><strong><em>ραν</em></strong></span> <span class='ocrx_word' id='word_1_247' title='bbox 517 2956 633 3034; x_wconf 74' lang='grc' dir='ltr'><strong><em>ἵζει</em></strong></span> <span class='ocrx_word' id='word_1_248' title='bbox 675 2955 1017 3040; x_wconf 84' lang='grc' dir='ltr'><strong><em>φερόμενα</em></strong></span> <span class='ocrx_word' id='word_1_249' title='bbox 1061 2954 1296 3040; x_wconf 79' lang='grc' dir='ltr'><strong><em>ἕδραν·</em></strong></span> <span class='ocrx_word' id='word_1_250' title='bbox 1362 2952 1511 3022; x_wconf 90' lang='grc' dir='ltr'><strong><em>τότε</em></strong></span> <span class='ocrx_word' id='word_1_251' title='bbox 1554 2951 1732 3022; x_wconf 78' lang='grc' dir='ltr'><strong><em>οὕτω</em></strong></span> <span class='ocrx_word' id='word_1_252' title='bbox 1761 2954 1843 3021; x_wconf 82' lang='grc' dir='ltr'><strong><em>τά</em></strong></span> <span class='ocrx_word' id='word_1_253' title='bbox 1882 2956 2157 3040; x_wconf 78' lang='grc' dir='ltr'><strong><em>τέτταρα</em></strong></span> <span class='ocrx_word' id='word_1_254' title='bbox 2198 2954 2365 3037; x_wconf 83' lang='grc' dir='ltr'><strong><em>γε’νη</em></strong></span> 
     </span>
     <span class='ocr_line' id='line_1_29' title="bbox 337 3047 2366 3139; baseline 0 -22"><span class='ocrx_word' id='word_1_255' title='bbox 337 3050 649 3137; x_wconf 87' lang='grc' dir='ltr'><strong><em>σειόμενα</em></strong></span> <span class='ocrx_word' id='word_1_256' title='bbox 672 3049 803 3118; x_wconf 80' lang='grc' dir='ltr'><strong><em>ὑπὸ</em></strong></span> <span class='ocrx_word' id='word_1_257' title='bbox 829 3059 946 3137; x_wconf 81' lang='grc' dir='ltr'><strong><em>τῆς</em></strong></span> <span class='ocrx_word' id='word_1_258' title='bbox 976 3052 1354 3139; x_wconf 84' lang='grc' dir='ltr'><strong><em>δεξαμένης,</em></strong></span> <span class='ocrx_word' id='word_1_259' title='bbox 1390 3055 1791 3139; x_wconf 77' lang='grc' dir='ltr'><strong><em>κινουμένης</em></strong></span> <span class='ocrx_word' id='word_1_260' title='bbox 1817 3049 2027 3138; x_wconf 80' lang='grc' dir='ltr'><strong><em>αὐτῆς</em></strong></span> <span class='ocrx_word' id='word_1_261' title='bbox 2058 3047 2207 3120; x_wconf 80' lang='grc' dir='ltr'><strong><em>οἷον</em></strong></span> <span class='ocrx_word' id='word_1_262' title='bbox 2239 3047 2366 3137; x_wconf 82' lang='grc' dir='ltr'><strong><em>ὀρ-</em></strong></span> 
     </span>
     <span class='ocr_line' id='line_1_30' title="bbox 312 3145 2365 3237; baseline 0 -22"><span class='ocrx_word' id='word_1_263' title='bbox 312 3145 550 3233; x_wconf 59' lang='grc' dir='ltr'><strong><em>,γάνου</em></strong></span> <span class='ocrx_word' id='word_1_264' title='bbox 580 3148 856 3234; x_wconf 83' lang='grc' dir='ltr'><strong><em>σεισμὸν</em></strong></span> <span class='ocrx_word' id='word_1_265' title='bbox 882 3152 1304 3237; x_wconf 82' lang='grc' dir='ltr'><strong><em>παρέχοντος,</em></strong></span> <span class='ocrx_word' id='word_1_266' title='bbox 1326 3148 1410 3218; x_wconf 85' lang='grc' dir='ltr'><strong><em>τά</em></strong></span> <span class='ocrx_word' id='word_1_267' title='bbox 1429 3147 1553 3237; x_wconf 73' lang='grc' dir='ltr'><strong><em>μὲν</em></strong></span> <span class='ocrx_word' id='word_1_268' title='bbox 1584 3147 2028 3236; x_wconf 85' lang='grc' dir='ltr'><strong><em>ἀνομοιότατα</em></strong></span> <span class='ocrx_word' id='word_1_269' title='bbox 2048 3158 2365 3218; x_wconf 72' lang='grc' dir='ltr'><strong><em>πλεῖστον</em></strong></span> 
     </span>
     <span class='ocr_line' id='line_1_31' title="bbox 338 3241 2363 3337; baseline 0.001 -26"><span class='ocrx_word' id='word_1_270' title='bbox 338 3241 508 3312; x_wconf 77' lang='grc' dir='ltr'><strong><em>αὐτοὶ</em></strong></span> <span class='ocrx_word' id='word_1_271' title='bbox 531 3242 652 3329; x_wconf 86' lang='grc' dir='ltr'><strong><em>ἀφ’</em></strong></span> <span class='ocrx_word' id='word_1_272' title='bbox 680 3242 905 3314; x_wconf 72' lang='grc' dir='ltr'><strong><em>αὐτῶν</em></strong></span> <span class='ocrx_word' id='word_1_273' title='bbox 922 3245 1184 3334; x_wconf 78' lang='grc' dir='ltr'><strong><em>ὁρίζειν,</em></strong></span> <span class='ocrx_word' id='word_1_274' title='bbox 1205 3247 1287 3316; x_wconf 90' lang='grc' dir='ltr'><strong><em>τά</em></strong></span> <span class='ocrx_word' id='word_1_275' title='bbox 1307 3245 1378 3316; x_wconf 75' lang='grc' dir='ltr'><strong><em>δ’</em></strong></span> <span class='ocrx_word' id='word_1_276' title='bbox 1402 3243 1756 3337; x_wconf 83' lang='grc' dir='ltr'><strong><em>ὁμοιότατα</em></strong></span> <span class='ocrx_word' id='word_1_277' title='bbox 1778 3249 2063 3335; x_wconf 87' lang='grc' dir='ltr'><strong><em>μάλιστα</em></strong></span> <span class='ocrx_word' id='word_1_278' title='bbox 2084 3253 2179 3327; x_wconf 87' lang='grc' dir='ltr'><strong><em>είς</em></strong></span> <span class='ocrx_word' id='word_1_279' title='bbox 2196 3242 2363 3315; x_wconf 79' lang='grc' dir='ltr'><strong><em>ταῦ-</em></strong></span> 
     </span>
     <span class='ocr_line' id='line_1_32' title="bbox 335 3342 2363 3435; baseline 0.002 -27"><span class='ocrx_word' id='word_1_280' title='bbox 335 3342 456 3409; x_wconf 86' lang='grc' dir='ltr'><strong><em>τόν</em></strong></span> <span class='ocrx_word' id='word_1_281' title='bbox 480 3345 812 3421; x_wconf 81' lang='grc' dir='ltr'><strong><em>ξυνωθετν</em></strong></span> <span class='ocrx_word' id='word_1_282' title='bbox 828 3370 845 3386; x_wconf 90' lang='grc'>·</span> <span class='ocrx_word' id='word_1_283' title='bbox 869 3344 972 3413; x_wconf 83' lang='grc' dir='ltr'><strong><em>διὸ</em></strong></span> <span class='ocrx_word' id='word_1_284' title='bbox 1000 3344 1080 3434; x_wconf 77' lang='grc' dir='ltr'><strong><em>δὴ</em></strong></span> <span class='ocrx_word' id='word_1_285' title='bbox 1108 3350 1219 3415; x_wconf 75' lang='grc' dir='ltr'><strong><em>καὶ</em></strong></span> <span class='ocrx_word' id='word_1_286' title='bbox 1235 3347 1467 3435; x_wconf 70' lang='grc' dir='ltr'><strong><em>χώραν</em></strong></span> <span class='ocrx_word' id='word_1_287' title='bbox 1482 3356 1694 3417; x_wconf 81' lang='grc' dir='ltr'><strong><em>ταῦτα</em></strong></span> <span class='ocrx_word' id='word_1_288' title='bbox 1715 3345 2115 3433; x_wconf 76' lang='grc' dir='ltr'><strong><em>’ἀλλαᾶλλην</em></strong></span> <span class='ocrx_word' id='word_1_289' title='bbox 2128 3356 2363 3432; x_wconf 77' lang='grc' dir='ltr'><strong><em>ἴσχειν,</em></strong></span> 
     </span>
     <span class='ocr_line' id='line_1_33' title="bbox 340 3439 2363 3533; baseline 0.003 -28"><span class='ocrx_word' id='word_1_290' title='bbox 340 3440 499 3523; x_wconf 84' lang='grc' dir='ltr'><strong><em>πρὶν</em></strong></span> <span class='ocrx_word' id='word_1_291' title='bbox 519 3442 628 3509; x_wconf 85' lang='grc' dir='ltr'><strong><em>καὶ</em></strong></span> <span class='ocrx_word' id='word_1_292' title='bbox 655 3439 730 3509; x_wconf 84' lang='grc' dir='ltr'><strong><em>τὸ</em></strong></span> <span class='ocrx_word' id='word_1_293' title='bbox 763 3451 899 3512; x_wconf 78' lang='grc' dir='ltr'><strong><em>πᾶν</em></strong></span> <span class='ocrx_word' id='word_1_294' title='bbox 919 3446 986 3524; x_wconf 80' lang='grc' dir='ltr'><strong><em>ἐξ</em></strong></span> <span class='ocrx_word' id='word_1_295' title='bbox 1020 3441 1247 3514; x_wconf 68' lang='grc' dir='ltr'><strong><em>αὐτῶν</em></strong></span> <span class='ocrx_word' id='word_1_296' title='bbox 1269 3444 1725 3533; x_wconf 74' lang='grc' dir='ltr'><strong><em>διακοσμηθὲν</em></strong></span> <span class='ocrx_word' id='word_1_297' title='bbox 1757 3448 2090 3531; x_wconf 79' lang='grc' dir='ltr'><strong><em>γενέσθαι.</em></strong></span> <span class='ocrx_word' id='word_1_298' title='bbox 2137 3445 2247 3512; x_wconf 82' lang='grc' dir='ltr'><strong><em>καὶ</em></strong></span> <span class='ocrx_word' id='word_1_299' title='bbox 2287 3441 2363 3512; x_wconf 79' lang='grc' dir='ltr'><strong><em>τὰ</em></strong></span> 
     </span>
    </p>
   </div>
   <div class='ocr_carea' id='block_1_3' title="bbox 2589 2410 2597 3576">
    <p class='ocr_par' dir='ltr' id='par_1_6' title="bbox 2589 2410 2597 3576">
     <span class='ocr_line' id='line_1_34' title="bbox 2589 2410 2597 3576; baseline 0 0"><span class='ocrx_word' id='word_1_300' title='bbox 2589 2410 2597 3576; x_wconf 95' lang='lat' dir='ltr'><strong><em> </em></strong></span> 
     </span>
    </p>
   </div>
  </div>
 </body>
</html>
