2602 3928
335 191 463 257 10&
1067 189 1636 252 ΠΛΑΤΩΝΟΣ

263 382 301 430 ε
333 358 671 444 τάττομεν,
697 353 863 426 ἀλλὰ
889 355 1105 422 πάντα
1137 358 1388 437 φαῦλα,
1408 347 1529 416 ἐὰν
1561 346 1637 414 τὸ
1671 344 2033 431 λεγόμενον
2066 346 2140 411 ἓν
2173 347 2339 428 μέγα

335 455 732 540 φυλάττωσι,
769 459 1022 539 μᾶλλον
1051 446 1114 516 δ’
1153 445 1301 515 ἀντὶ
1345 445 1636 532 μεγάλου
1666 441 1920 510 ἱκανόν.
1987 447 2072 509 Τί
2106 447 2339 524 τοῦτο;

333 557 477 637 ἔφη.
525 549 664 638 Τὴν
687 555 1013 633 παιδείαν,
1045 539 1133 634 ἦν
1166 542 1230 612 δ’
1272 542 1425 628 ἐγώ,
1462 543 1573 609 καὶ
1610 538 1885 626 τροφήν.
1940 539 2060 608 ἐὰν
2091 540 2221 625 γὰρ
2260 566 2340 607 ευ

332 649 802 736 παιδευόμενοι
845 650 1097 734 μέτριοι
1153 642 1397 726 άνδρες
1443 646 1826 726 γίγνωνται,
1874 637 2090 706 πάντα
2131 664 2340 708 ταυτα

331 749 574 835 ῥᾳδίως
595 746 943 827 διόψονται
961 742 1073 810 καὶ
1093 740 1259 809 ἄλλα
1278 764 1375 824 γε,
1413 735 1541 803 ὅσα
1572 743 1703 804 νῦν
1723 733 1906 824 ἡμεῖς
1937 742 2342 823 παραλείπο-

331 869 476 929 μεν,
499 842 622 930 τήν
646 868 717 911 τε
739 869 876 911 των
903 864 1246 927 γυναικων
1281 844 1516 924 κτῆσιν
1548 839 1660 904 καὶ
1691 834 1926 922 γάμων
1962 840 2073 904 καὶ
2104 841 2341 904 παιδο-

199 969 300 1022 424
331 936 618 1024 ποιίας,
593 936 696 1008 ότι
718 945 821 1009 δεῖ
835 945 1042 1007 ταῦτα
1064 962 1229 1005 κατα
1255 931 1381 1022 τὴν
1403 939 1764 1023 παροιμίαν
1794 934 2013 1001 πάντα
2047 932 2088 1002 ὅ
2127 960 2190 1002 τι
2212 933 2341 1020 μά-

330 1047 521 1106 λιστα
565 1033 760 1105 κοινὰ
804 1062 885 1104 τα
928 1039 1145 1120 φίλων
1186 1040 1541 1100 ποιεῖσθαι.
1585 1028 1950 1117 Ὀρθότατα
1988 1031 2142 1116 γάρ,
2187 1036 2337 1118 ἔφη,

331 1131 610 1220 γίγνοιτ’
651 1131 757 1200 ἅν.
798 1136 932 1201 Καὶ
959 1129 1115 1217 μήν,
1153 1128 1356 1210 εἶπον,
1394 1134 1706 1212 πολιτεία,
1747 1129 1988 1214 ἐάνπερ
2018 1126 2191 1210 άπαξ
2222 1127 2342 1248 ὁρ-
2461 1124 2470 1133 ’

314 1232 509 1325 μήσῃ
531 1256 633 1315 ευ,
659 1235 909 1315 ἔρχεται
930 1227 1165 1315 ωσπερ
1203 1226 1451 1306 κύκλος
1480 1224 1915 1313 αὐξανομένη.
1962 1224 2174 1314 τροφὴ
2210 1226 2339 1314 γὰρ
2397 1243 2398 1247 ’

333 1328 445 1396 καὶ
478 1331 820 1448 παίδευσις
861 1327 1103 1414 χρηστὴ
1145 1327 1477 1411 σωζομένη
1509 1324 1742 1410 φύσεις
1774 1322 2038 1409 άγαθάς
2066 1328 2340 1411 ἐμποιεῖ,

335 1426 445 1493 καὶ
481 1450 569 1491 αυ
615 1424 850 1511 φύσεις
881 1427 1155 1511 χρησταὶ
1185 1422 1494 1509 τοιαύτης
1529 1426 1825 1503 παιδείας
1856 1421 2339 1510 ἀντιλαμβανό-

336 1548 534 1609 μεναι-
570 1528 664 1591 ἔτι
696 1529 998 1610 βελτίους
1033 1549 1170 1591 των
1205 1526 1549 1607 προτέρων
1581 1520 1870 1607 φύονται
1904 1532 1995 1600 εἴς
2028 1548 2098 1590 τε
2134 1515 2341 1591 ταλλα

264 1640 306 1691 Β
336 1622 446 1688 καὶ
467 1625 559 1700 εἰς
579 1622 650 1689 τὸ
677 1629 946 1710 γεννᾷν,
971 1617 1192 1707 ὥσπερ
1227 1621 1338 1701 καὶ
1371 1621 1446 1687 ἐν
1478 1633 1613 1697 τοῖς
1644 1618 1868 1698 ἄλλοις
1901 1618 2104 1700 ζώοις.
2141 1620 2341 1700 ,Εἰκός

334 1713 425 1802 γ’,
448 1723 595 1806 ἔφη.
625 1716 738 1800 Ὡς
755 1728 988 1788 τοίνυν
1011 1716 1121 1788 διὰ
1140 1722 1443 1805 βραχέων
1464 1723 1689 1801 εἰπεῖν,
1710 1715 1954 1785 τούτου
1977 1715 2342 1786 ἀνθεκτέον
2368 1720 2394 1731 “

333 1829 478 1899 τοῖς
499 1820 911 1906 ἐπιμεληταῖς
953 1826 1068 1904 τῆς
1111 1815 1598 1899 πόλεωςςὸπως
1632 1811 1719 1883 ἂν
1763 1812 2008 1895 αὐτοὺς
2040 1814 2128 1903 μὴ
2163 1816 2343 1906 λάθῃ

336 1918 733 2001 διαφθαρέν,
785 1912 953 1985 ἀλλὰ
999 1912 1179 1998 παρὰ
1223 1912 1441 1982 πάντα
1473 1910 1634 1982 αὐτὸ
1680 1913 2082 2000 φυλάττωσι,
2136 1914 2209 1984 τὸ
2252 1941 2342 2038 μη

336 2019 741 2098 νεωτερίζειν
784 2014 936 2098 περὶ
977 2013 1436 2100 γυμναστικήν
1489 2040 1560 2082 τε
1618 2016 1729 2082 καὶ
1782 2014 2129 2108 μουσικὴν
2164 2015 2344 2102 παρα

336 2107 461 2196 τὴν
493 2110 699 2195 τάξιν,
736 2107 883 2177 ἀλλ’
934 2136 1024 2189 ως
1065 2104 1212 2179 οἷόν
1252 2137 1324 2179 τε
1364 2111 1643 2197 μάλιστα
1682 2112 2041 2197 φυλάττειν
2084 2098 2345 2200 φοβου-

336 2205 665 2294 μένους,’”’
623 2233 790 2275 οταν
808 2234 904 2286 τις
926 2212 1103 2297 λέγῃ,
1129 2234 1219 2287 ως
1238 2207 1364 2295 τὴν
1384 2207 1624 2297 άοιδην
1638 2219 1892 2340 μᾶλλον
1906 2213 2344 2298 ἐπιφρονέου-

339 2324 449 2371 σιν
471 2301 848 2390 ανθρωποι,

546 2429 688 2488 ητις
712 2401 1122 2473 ἀειδόντεσσι
1142 2403 1436 2491 νεωτάτη
1458 2402 1921 2492 ἀμφιπέληται,

337 2500 426 2588 μὴ
475 2500 793 2581 πολλάκις
824 2503 948 2571 τὸν
981 2503 1261 2590 ποιητήν
1293 2530 1394 2582 τις
1430 2513 1643 2599 οἴηται
1677 2505 1893 2589 λέγειν
1929 2502 2055 2573 οὐκ
2088 2504 2348 2594 άσματα

274 2622 310 2673 c
335 2602 475 2683 νέα,
500 2596 667 2669 ἄλλα
686 2600 942 2722 τρόπον
963 2599 1136 2692 ᾠδῆς
1158 2604 1334 2686 νέον,
1359 2604 1469 2674 καὶ
1487 2610 1683 2669 τοῦτο
1705 2604 1959 2692 ἐπαινῇ.
2009 2607 2114 2671 δεῖ
2130 2601 2185 2670 δ’
2210 2601 2345 2672 ουτ’

339 2699 636 2765 ἐπαινεῖν
656 2695 730 2765 τὸ
757 2705 1065 2766 τοιοῦτον
1086 2698 1240 2767 οὔτε
1274 2697 1789 2785 ὑπολαμβάνειν.
1836 2698 2006 2778 εἶδος
2037 2698 2168 2787 γὰρ
2200 2727 2349 2768 και-

340 2792 467 2862 νὸν
486 2802 805 2881 μουσικῆς
826 2795 1260 2884 μεταβάλλειν
1282 2792 1684 2883 εὐλαβητέον
1719 2822 1808 2875 ως
1841 2800 1915 2864 ἐν
1948 2794 2094 2884 ὄλφ
2114 2801 2350 2866 κινδυ-

341 2892 660 2960 νεύοντα·
706 2892 1010 2980 οὐδαμοῦ
1031 2893 1159 2980 γὰρ
1191 2901 1536 2990 κινοῦνται
1547 2903 1883 3012 μουσικης
1918 2894 2151 2979 τρόποι
2182 2921 2378 2982 ανευ,

341 2997 697 3057 πολιτικῶν
718 2989 945 3077 νόμων
977 2999 1113 3058 τῶν
1139 2998 1484 3076 μεγίστων,
1523 2989 1614 3069 ω’ς
1649 2997 1821 3076 φησί
1844 3017 1915 3058 τε
1946 2991 2220 3077 Δάμων
2240 2995 2350 3062 καὶ

340 3086 468 3173 ἐγω
514 3094 849 3174 πείθομαι.
910 3090 1044 3156 Καὶ
1075 3087 1188 3174 ἐμὲ
1220 3093 1473 3174 τοίνυν,
1509 3093 1638 3174 ἔφη
1676 3085 1712 3155 ὁ
1749 3087 2187 3218 Ἀδειμαντος,
2229 3088 2352 3168 θὲς

338 3212 474 3252 των
497 3192 975 3270 πεπεισμένων.

268 3312 307 3360 D
509 3286 604 3350 lv,
677 3282 767 3351 T6
804 3282 885 3370 δὴ
917 3285 1394 3371 φυλακτήριον,
1430 3276 1516 3371 ἦν
1553 3280 1619 3352 δ’
1660 3283 1811 3370 ἐγώ,
1848 3310 1935 3364 ως
1975 3289 2211 3368 ἔοικεν,
2239 3288 2348 3354 ἐν-

339 3380 566 3449 ταῦθά
610 3405 743 3449 που
773 3387 1242 3471 οἰκοδομητέον
1278 3397 1415 3463 τοῖς
1455 3380 1764 3468 φύλαξιν,
1812 3386 1914 3480 ἐψ
1928 3391 2234 3471 μουσικῇ.
2273 3382 2353 3454 Ἡ
