2602 3928
383 193 511 257 290
1126 193 1337 252 ΠΛΑ
1357 170 1699 253 ΤῼΝΟΣ

314 381 356 432 B
389 353 555 440 δρόν
576 379 639 421 τι
658 353 970 439 τυγχάνει
992 347 1075 418 ὂν
1095 352 1263 437 πρὸς
1280 349 1623 437 α’λήθειαν.
1648 350 1770 439 Μὴ
1796 352 1944 439 γάρ.
1985 351 2228 423 Βούλει
2249 345 2401 442 οὖν,

382 458 577 539 ἔφην,
601 448 706 519 ἐπ’
732 449 958 518 αὐτῶν
977 450 1237 518 τούτων
1262 449 1640 536 ζητήσωμεν
1673 448 1794 517 τὸν
1819 449 2106 537 μιμητὴν
2132 458 2400 538 τοῦτον,

381 555 477 626 τίς
516 548 667 616 ποτ’
709 551 922 629 έστίν;
970 553 1064 616 Ἐἰ
1100 545 1350 634 βούλει,
1393 550 1540 635 ἔφη.
1621 543 1898 615 Οὐκοῦν
1939 555 2196 635 τριτταί
2226 574 2404 628 τινες

382 654 603 715 κλῖναι
622 636 819 714 αὗται
838 652 1209 731 γίγνονται·
1252 651 1370 732 μία
1390 644 1514 731 μὲν
1544 642 1588 732 ἡ
1623 646 1699 713 ἐν
1730 653 1811 732 τῇ
1852 646 2053 730 φύσει
2085 640 2277 733 οὖσα,
2310 646 2403 734 ἢν

383 756 630 830 φαῖμεν
666 741 772 830 ἄν,
813 741 902 822 ὥς
933 735 1202 833 ἐγῷμαι,
1236 740 1408 811 θεὸν
1436 742 1862 829 ἐργάσασθαι.
1900 739 1948 830 ἦ
1988 743 2117 812 τίν’
2156 743 2400 827 ἄλλονς

387 840 674 927 Οὐδένα,
701 839 896 927 οἶμαι.
940 847 1092 910 Μία
1113 845 1192 909 δέ
1207 867 1283 927 γε
1304 839 1393 927 ἣν
1414 839 1451 909 ὁ
1472 845 1741 909 τέκτων.
1785 847 1942 928 Ναί,
1973 846 2118 929 ἔφη.
2155 850 2301 911 Μία
2326 844 2400 911 δὲ

380 938 469 1027 ἣν
490 936 526 1007 ὁ
550 940 916 1027 ζωγράφος.
936 931 984 1026 ἦ
1003 938 1165 1025 γάρ;
1190 938 1424 1006 Ἔστω.
1469 938 1841 1024 Ζωγράφος
1865 938 1966 1025 δή,
1990 941 2398 1023 κλινοποιός,

383 1038 566 1122 θεός,
606 1051 780 1122 τρεῖς
823 1027 1012 1106 οὗτοι
1051 1037 1388 1104 ἐπιστάται
1425 1037 1643 1123 τρισὶν
1691 1040 1891 1105 εἴδεσι
1931 1045 2201 1106 κλιναῖν.
2258 1039 2398 1105 Ναὶ

314 1154 356 1205 c
387 1148 579 1220 τρεῖς.
615 1134 685 1203 Ὁ
709 1135 833 1221 μὲν
859 1134 939 1220 δὴ
958 1133 1141 1220 θεός,
1166 1143 1294 1202 εἴτε
1320 1133 1447 1202 οὐκ
1478 1133 1811 1221 ἐβούλετο,
1852 1142 1980 1202 εἴτε
2010 1160 2109 1213 τις
2138 1131 2397 1219 ἀνάγκη

381 1224 556 1318 ἐπῆν
577 1233 664 1318 μὴ
690 1236 891 1299 πλέον
922 1226 970 1317 ἢ
1001 1236 1161 1317 μίαν
1191 1233 1267 1300 ἐν
1304 1237 1384 1319 τῇ
1422 1228 1622 1317 φύσει
1656 1229 2164 1315 ἀπεργάσασθαι
2184 1229 2398 1299 αὐτὸν

383 1335 643 1415 κλίνην,
678 1327 890 1407 οὕτως
926 1331 1194 1415 ἐποίησε
1225 1335 1384 1415 μίαν
1415 1329 1629 1414 μόνον
1659 1326 1871 1415 αὐτὴν
1893 1333 2151 1417 ἐκείνην
2183 1327 2223 1398 δ’
2260 1336 2396 1398 ἔστι

384 1431 575 1510 κλίνη
592 1451 605 1465 ·
655 1424 778 1493 δύο
803 1428 877 1493 δὲ
897 1434 1195 1494 τοιαῦται
1218 1421 1264 1512 ἢ
1285 1433 1554 1505 πλείους
1576 1423 1731 1494 οὔτε
1757 1426 2233 1513 ἐφυτεύθησαν
2262 1424 2397 1495 ὑπὸ

382 1530 508 1590 τοῦ
527 1529 699 1591 θεοῦ
720 1523 882 1591 οὔτε
895 1520 985 1611 μὴ
1013 1531 1296 1610 φυωσιν.
1341 1529 1499 1601 Παῖς
1520 1523 1638 1607 δή;
1669 1527 1815 1610 ἔφη.
1844 1522 2008 1609 Ὅτι,
2030 1517 2120 1609 ἦν
2141 1522 2204 1591 δ’
2243 1525 2397 1610 ἐγώ,

385 1627 447 1690 εἰ
467 1619 590 1688 δύο
612 1620 822 1706 μόνας
846 1621 1161 1709 ποιήσειε,
1184 1621 1388 1689 πάλιν
1420 1647 1510 1688 αν
1542 1627 1658 1707 μία
1691 1619 2083 1708 ἀναφανείη,
2087 1614 2206 1741 Ηῆς
2225 1625 2400 1697 ἐκεῖ·

384 1744 497 1785 ναι
530 1744 617 1785 αν
653 1710 743 1787 αὖ
772 1716 1150 1805 ἀμφότεραι
1178 1718 1255 1787 τὸ
1294 1717 1467 1797 εἶδος
1499 1723 1728 1806 ἔχοιεν,
1764 1722 1874 1787 καὶ
1909 1728 2008 1807 εἴη
2055 1747 2142 1787 αν
2182 1716 2222 1786 ὃ
2260 1724 2401 1787 ἔστι

383 1821 577 1904 κλίνη
601 1820 838 1904 ἐκείνη,
878 1815 1028 1886 ἀλλ’
1065 1815 1186 1906 οὐχ
1221 1821 1293 1885 αἱ
1322 1817 1465 1885 δύο.
1500 1813 1775 1905 Ὁρθως,
1808 1824 1955 1905 ἔφη.
2032 1825 2256 1887 Ταῦτα
2291 1817 2397 1903 δή,

301 1939 342 1990 D
385 1914 585 2004 οἶμαι,
616 1912 859 1994 εἰδῶς’
827 1942 862 1984 ο
885 1916 1066 2002 θεός,
1089 1916 1498 2005 βουλόμενος
1520 1914 1753 1985 εἷναι”
1711 1942 1921 1996 οντως
1947 1922 2173 2003 κλίνης
2203 1941 2400 2003 ποιη-

382 2014 497 2101 τὴς
520 2013 729 2092 ὅντως
764 2014 988 2100 οὔσης,
1023 2012 1190 2082 ἀλλὰ
1223 2014 1313 2101 μὴ
1348 2020 1575 2101 κλίνης
1605 2012 1786 2095 τινὸς
1820 2015 1984 2102 μηδὲ
2018 2015 2401 2093 κλινοποιός

384 2138 503 2195 τις,
531 2118 689 2197 μίαν
715 2111 915 2197 φύσει
944 2111 1160 2198 αὐτὴν
1180 2117 1451 2198 ἔφυσεν.
1480 2111 1756 2181 Ἔοικεν.
1800 2110 2043 2181 Βούλει
2073 2103 2200 2180 οὖν
2229 2120 2397 2180 τοῦ-

384 2234 504 2276 τον
527 2210 653 2294 μὲν
674 2208 1067 2298 φυτουργὸν
1089 2210 1336 2279 τούτου
1360 2210 1964 2298 προσαγορεύωμεν
1994 2207 2042 2297 ἤ
2072 2236 2137 2277 τι
2168 2219 2397 2278 τοιοῦ-

383 2330 539 2387 τον;
582 2312 867 2376 Δίκαιον
899 2315 1091 2395 γοῦν,
1129 2313 1277 2394 ἔφη,
1317 2308 1664 2394 ἐπειδήπερ
1699 2307 1901 2393 φύσει
1933 2333 2008 2393 γε
2047 2310 2157 2376 καὶ
2198 2314 2399 2378 τοῦτο

384 2404 495 2471 καὶ
524 2397 729 2473 τᾶλλα
761 2405 979 2475 πάντα
1006 2412 1380 2492 πεποίηκεν.
1431 2411 1516 2473 Τί
1550 2405 1622 2473 δὲ
1652 2404 1774 2473 τὸν
1810 2408 2114 2484 τέκτονας
2155 2397 2270 2492 ἆρ’
2314 2403 2402 2473 οὐ

386 2501 794 2627 δημιουργὸν
814 2510 1072 2591 κλίνης-ς
1116 2509 1270 2571 Ναί.
1307 2496 1396 2570 Ἦ
1410 2502 1521 2571 καὶ
1552 2499 1673 2572 τὸν
1698 2502 2052 2588 ζωγράφον
2075 2507 2401 2590 δημιουρ-

383 2595 509 2683 γόν
539 2600 652 2667 καὶ
686 2597 968 2687 ποιητὴν
1001 2607 1126 2668 τοῦ
1154 2599 1499 2680 τοιούτου,
1544 2594 1890 2685 Ούδαμως.
1951 2596 2143 2667 Ἀλλα
2173 2606 2239 2667 τί
2270 2626 2400 2667 αυ·

305 2719 349 2768 E
384 2693 503 2763 τὸν
524 2702 751 2783 κλίνης
770 2697 1005 2783 φήσεις
1028 2695 1229 2778 εἶναι;
1269 2703 1505 2780 Τοῦτο,
1527 2721 1570 2781 η
1546 2687 1663 2761 δ’
1687 2693 1782 2780 ὅς,
1807 2700 2027 2781 ἔμοιγε
2061 2700 2248 2764 δοκεῖ
2275 2721 2399 2782 με-

383 2792 686 2878 τριοότατ’
711 2822 798 2862 αν
832 2793 1551 2882 προσαγορεύεσθαι,μ
1503 2790 1782 2882 μιμητὴς
1814 2785 1902 2861 οὗ
1932 2795 2172 2863 ἐκεινοι
2205 2799 2399 2881 δημυ-

387 2897 636 2975 ουργοί.
680 2884 930 2976 Εἶεν,
883 2919 972 2980 ην
992 2889 1056 2960 δ’
1082 2891 1233 2977 ἐγώ,
1255 2888 1376 2958 τὸν
1400 2897 1524 2957 τοῦ
1556 2896 1784 2976 τρίτου
1822 2887 1954 2976 ἄρα
1985 2896 2398 2978 γεννήματος

384 2985 516 3055 ἀπὸ
561 2998 675 3075 τῆς
716 2987 983 3074 φύσεως
1023 3014 1311 3076 μιμητην
1353 2994 1606 3070 καλεῖς,
1648 2986 1845 3055 Πάνυ
1887 2987 2009 3074 μὲν
2053 3013 2200 3073 ουν,
2244 2993 2392 3075 ἔφη.

389 3085 585 3153 Τοῦτ’
614 3085 745 3169 ἄρα
770 3090 950 3154 ἔσται
970 3084 1139 3156 καὶὸ
1159 3085 1702 3175 τραγῳδιοποιός,
1727 3095 1908 3169 εἰπερ
1931 3084 2211 3174 μιμητής
2232 3087 2394 3169 ἐστι,

382 3189 598 3267 τρίτος
629 3208 728 3261 τις
761 3179 891 3250 ἀπὸ
925 3187 1246 3270 βασιλέως
1268 3185 1380 3252 καὶ
1410 3191 1525 3269 τῆς
1559 3179 1878 3270 ἀληθείας
1910 3187 2245 3269 πεφυκώς,
2283 3185 2399 3251 καὶ

383 3280 623 3357 πάντες
649 3282 718 3349 οἰ
733 3278 923 3350 ἄλλοι
943 3289 1231 3372 μιμηταί.
1273 3281 1694 3352 Κινδυνεύει.
1764 3279 1902 3349 Τὸν
1923 3284 2047 3369 μὲν
2076 3278 2156 3366 δὴ
2193 3307 2395 3367 μιμη-

251 3397 353 3451 598
379 3374 504 3465 τὴν
533 3373 1075 3467 ὦμολογήκαμεν·
1120 3383 1260 3452 εἰπὲ
1284 3386 1364 3450 δέ
1375 3406 1489 3469 μοι
1519 3384 1668 3468 περὶ
1688 3387 1811 3449 τοῦ
1835 3378 2192 3468 ζωγράφου
2212 3379 2392 3447 τόδει
