2602 3928
235 171 305 225 33
1019 164 1471 223 ΤΙΜΑΙΟΣ.
2114 163 2236 229 351

242 331 527 409 ναντίον,
551 322 714 392 ὅταν
734 327 1062 412 μεταπέσῃ
1095 322 1658 408 συμπηγνύμενον
1692 314 1748 413 ᾦ
1774 324 2240 410 συμπήγνυται

236 427 378 506 φῶς
394 447 407 460 ·
452 428 651 489 τοῦτο
675 421 768 506 δέ,
792 418 955 488 ὅταν
975 419 1018 506 ἡ
1040 428 1175 487 τῶν
1205 418 1594 506 κατόπτρων
1614 420 1885 507 λειότης,
1910 427 2111 490 ἔνθεν
2131 422 2241 492 καὶ
2278 430 2316 483 0

235 526 436 587 ἔνθεν
476 517 615 605 ὕψη
661 524 981 604 λαβοῦσα,
1025 516 1100 584 τὸ
1143 517 1362 598 δεξιὸν
1405 524 1496 597 εἰς
1536 516 1612 585 τὸ
1666 519 2013 605 ἀριστερὰν
2045 521 2240 606 μέρος

235 615 471 704 ἀπῶσῃ
490 623 606 702 τῆς
636 614 853 697 ὄψεως
890 616 999 683 καὶ
1032 614 1327 702 θάτερον
1366 617 1469 683 ἐπὶ
1504 614 1813 700 θάτερον.
1860 617 2025 684 κατὰ
2061 615 2132 684 δὲ
2163 615 2237 685 τὸ

236 719 442 799 μῆκος
464 715 760 797 στραφὲν
778 720 901 780 τοῦ
920 710 1285 798 προσώπου
1317 709 1562 780 ταύτὸν
1582 722 1778 781 τοῦτο
1802 711 2040 782 ὕπτιον
2060 716 2243 782 ἐποί-

239 831 356 896 ησε
376 817 514 878 πᾶν
534 816 915 899 φαίνεσθαι,
937 807 1012 876 τὰ
1036 809 1213 877 κάτω
1235 806 1404 894 πρὸς
1422 808 1497 877 τὸ
1523 808 1668 877 ἀνω
1691 818 1805 896 τῆς
1824 809 2034 897 αὐγῆς
2066 809 2143 880 τό
2175 807 2237 879 τ’

236 932 378 974 ανω
411 904 577 993 πρὸς
609 905 684 975 τὸ
721 906 900 975 κάτω
932 905 1137 973 πάλιν
1169 902 1466 973 ἀπῶσαν.
1492 904 1680 974 ταῦτ’
1707 900 1831 975 οὖν
1856 908 2072 976 πάντα
2105 912 2244 975 ἔστι

235 1012 370 1072 τῶν
390 1008 761 1123 ξυναιτίων,
787 998 885 1082 οἷς
916 1001 1080 1081 θεὸς
1106 999 1512 1089 ὑπηρετοῦσι
1529 1012 1760 1091 χρῆται
1788 1002 1910 1091 τὴν
1941 1012 2062 1073 τοῦ
2094 1001 2242 1125 ἀρί-

237 1121 399 1170 στου
421 1097 586 1170 κατὰ
608 1101 683 1169 τὸ
707 1097 998 1171 δυνατὸν
1020 1101 1205 1168 ἰδέαν
1225 1099 1595 1168 ἀποτελῶν·
1643 1101 1974 1184 δοξάζεται
1996 1103 2067 1171 δε
2103 1100 2235 1170 ὑπὸ
2275 1116 2317 1166 D

236 1205 372 1265 τῶν
396 1205 722 1267 πλείστων
744 1196 828 1266 οὐ
850 1203 1149 1279 ξυναίτια
1184 1194 1333 1264 ἀλλ’
1359 1207 1534 1266 αἴτια
1565 1198 1734 1267 εἶναι
1767 1205 1905 1268 τῶν
1946 1199 2239 1284 πάντων,

239 1296 535 1381 ψύχοντα
557 1296 667 1364 καὶ
695 1303 1147 1381 θερμαίνοντα
1167 1294 1512 1382 πηγνύντα
1533 1322 1602 1364 τε
1631 1297 1741 1365 καὶ
1770 1301 2109 1384 διαχέοντα
2131 1297 2242 1366 καὶ

239 1391 364 1460 ὅσα
391 1402 664 1461 τοιαῦτα
699 1392 1219 1481 ἀπεργαζόμενα,
1248 1393 1454 1479 λόγον
1488 1395 1561 1463 δὲ
1598 1392 1842 1462 οὐδένα
1873 1393 2031 1464 οὐδὲ
2071 1405 2241 1464 νοῦν

239 1495 330 1569 εἰς
350 1488 553 1560 οὐδὲν
576 1488 825 1559 δυνατὰ
848 1496 1021 1577 ἔχειν
1039 1493 1191 1559 ἐστί.
1235 1500 1369 1559 τῶν
1387 1489 1515 1576 γὰρ
1540 1489 1757 1559 ὄντων
1777 1482 1834 1581 ᾦ
1864 1501 2033 1560 νοῦν
2055 1492 2238 1584 μόνῳ

240 1592 528 1654 κτᾶσθαι
569 1586 905 1675 προσήκει,
948 1590 1217 1655 λεκτέον
1260 1589 1510 1675 ψυχήν·
1568 1597 1764 1657 τοῦτο
1806 1591 1877 1658 δὲ
1927 1588 2240 1675 ἀόρατον,

240 1691 374 1770 πῦρ
398 1684 467 1752 δὲ
490 1687 599 1752 καὶ
621 1682 805 1771 ὕδωρ
829 1687 938 1753 καὶ
957 1692 1041 1772 γῆ
1064 1689 1174 1754 καὶ
1206 1683 1337 1772 ἀὴρ
1363 1686 1632 1772 σώματα
1668 1686 1881 1754 πάντα
1903 1684 2107 1772 ὁρατὰ
2129 1689 2243 1772 γε’-

238 1807 427 1866 γονε·
470 1781 589 1850 τὸν
613 1782 685 1850 δὲ
709 1790 837 1850 νοῦ
865 1785 974 1850 καὶ
999 1783 1351 1870 ἐπιστήμης
1380 1783 1661 1870 ἐραστὴν
1689 1780 1944 1871 ἀνάγκη
1979 1783 2097 1863 τάς
2128 1793 2243 1871 τῆς

236 1883 571 1967 ἔμφρονος
593 1875 861 1966 φύσεως
882 1886 1087 1959 αἰτίας
1107 1880 1372 1969 πρώτας
1392 1881 1839 1970 μεταδιώκειν,
1863 1880 2015 1951 ὅσαι
2036 1881 2107 1950 δὲ
2128 1879 2240 1950 ὑπ’
2272 1896 2313 1945 Ε

237 1975 460 2045 ἄλλων
492 1982 615 2063 μὲν
648 1982 1087 2065 κινουμένων,
1120 1981 1311 2065 ἕτερα
1349 1980 1420 2048 δὲ
1447 1983 1513 2059 ἐξ
1546 1977 1838 2065 ἀνάγκης
1874 1977 2245 2047 κινούντων

237 2081 597 2161 γίγνονται,
624 2080 947 2160 δευτέρας.
1005 2078 1313 2161 ποιητέον
1348 2074 1430 2163 δὴ
1464 2073 1630 2145 κατὰ
1665 2082 1873 2144 ταῦτα
1916 2078 2024 2143 καὶ
2055 2073 2241 2162 ἡμῖν·

237 2174 467 2239 λεκτέα
489 2173 612 2257 μὲν
644 2171 987 2260 ἀμφότερα
1021 2171 1100 2241 τά
1143 2180 1279 2241 τῶν
1311 2179 1536 2241 αἰτιῶν
1570 2176 1751 2259 γένη,
1777 2179 1973 2261 χωρὶς
1999 2174 2073 2242 δὲ
2096 2171 2248 2241 ὅσαι

237 2268 401 2357 μετὰ
424 2279 552 2339 νοῦ
574 2280 799 2341 καλῶν
831 2274 939 2339 καὶ
962 2271 1245 2357 ἀγαθῶν
1281 2274 1669 2358 δημιουργοὶ
1703 2275 1812 2340 καὶ
1841 2271 1992 2340 ὅσαι
2025 2298 2248 2358 μονω-

238 2378 462 2437 θεῖσαι
484 2370 875 2456 φρονήσεως
892 2370 966 2437 τὸ
1006 2369 1209 2456 τυχὸν
1230 2369 1517 2437 ἄτακτον
1539 2368 1844 2437 ἑκάστοτε
1866 2369 2247 2455 ἐξεργάζον-

239 2493 367 2534 ται.
411 2465 491 2534 τὰ
516 2469 638 2552 μὲν
660 2460 788 2535 οὖν
807 2473 944 2536 τῶν
979 2467 1295 2555 ὀμμάτων
1318 2473 1737 2554 ξυμμεταίτια
1772 2467 1936 2553 πρὸς
1969 2466 2042 2535 τὸ
2079 2474 2248 2552 ἔχειν

238 2589 363 2650 την
388 2563 674 2652 δύναμιν
692 2562 781 2653 ἢν
802 2573 932 2633 νῦν
958 2573 1213 2652 εἴληχεν
1241 2566 1530 2652 εἰρήσθω
1547 2590 1562 2605 ·
1604 2562 1679 2631 τὸ
1707 2566 1778 2633 δὲ
1803 2568 2111 2650 μέγιστον
2135 2562 2247 2631 αὖ·

237 2669 377 2729 τῶν
398 2667 490 2740 είς
513 2659 835 2748 ὠφέλειαν
856 2668 1075 2748 ἔργον,
1107 2660 1200 2730 δι’
1225 2661 1266 2730 δ’
1286 2662 1445 2742 θεὸς
1477 2659 1641 2730 αὕθ’
1678 2662 1837 2749 ἡμῖν
1861 2661 2245 2748 δεδώρηται,
2278 2673 2348 2732 47

237 2759 399 2846 μετὰ
442 2768 637 2828 τοῦτο
671 2765 924 2849 ῥητέον.
970 2760 1120 2843 ὄψις
1152 2759 1232 2847 δὴ
1278 2759 1444 2829 κατὰ
1485 2759 1605 2829 τόν
1640 2758 1802 2846 έμόν
1843 2759 2046 2847 λόγον
2077 2766 2249 2828 αἰτία

237 2867 352 2943 τῆς
373 2864 677 2946 μεγίστης
700 2858 1021 2945 ῶφελείας
1055 2864 1332 2945 γέγονεν
1352 2855 1529 2946 ἡμῖν,
1566 2856 1667 2926 ὅτι
1697 2867 1832 2926 τῶν
1867 2863 2000 2925 νῦν
2031 2859 2250 2944 λόγων

127 2989 134 2993 ·
236 2957 388 3038 περὶ
419 2964 542 3024 τοῦ
572 2955 817 3037 παντὸς
839 2961 1217 3044 λεγομένων
1238 2956 1455 3036 οὐδεὶς
1490 2955 1576 3024 ἅν
1611 2980 1769 3025 ποτε
1801 2957 2053 3043 ἐρρήθη
2089 2956 2250 3043 μήτε

240 3049 452 3138 ἄστρα
473 3055 633 3141 μήτε
651 3054 845 3143 ἥλιον
865 3057 1026 3143 μήτε
1051 3052 1348 3142 οὐρανὸν
1369 3055 1652 3123 ἰδόντων
1667 3080 1680 3093 ·
1703 3061 1836 3122 νῦν
1858 3051 1919 3121 δ’
1945 3050 2157 3141 ἡμέρα
2179 3078 2248 3120 τε

236 3153 348 3218 καὶ
367 3150 828 3240 νύξιόφθεῐσαι
850 3158 1053 3241 μῆνές
1073 3178 1143 3220 τε
1164 3156 1274 3222 καὶ
1298 3156 1621 3222 ἐνιαυτῶν
1642 3157 1936 3237 περίοδοι
1958 3150 2252 3238 μεμηχά-

236 3276 473 3336 νηνται
501 3248 623 3337 μὲν
643 3249 958 3338 ἀριθμόν,
993 3252 1243 3339 χρόνον
1267 3254 1338 3319 δὲ
1371 3255 1637 3319 ἔννοιαν
1676 3256 1830 3335 περί
1869 3275 1937 3316 τε
1970 3255 2090 3334 τῆς
2129 3252 2254 3315 τοῦ

236 3344 484 3426 παντὸς
522 3347 788 3435 φύσεως
810 3348 1075 3437 ζήτησιν
1109 3353 1378 3418 ἔδοσαν·
1423 3351 1486 3429 ἐξ
1524 3341 1622 3417 ῶν
1657 3347 2107 3435 ἐπορισάμεθα
2139 3370 2256 3432 φι-
