2602 3928
397 231 524 294 396
1140 229 1717 290 ΠΛΑΤΩΝΟΣ
2348 241 2431 297 78

397 417 571 478 γανα
592 394 888 479 γέγονεν,
906 391 1069 460 ὅταν
1090 384 1249 477 αἷμα
1274 388 1365 476 μὴ
1386 393 1457 458 ἐκ
1471 397 1609 459 τῶν
1631 395 1859 458 σιτίων
1881 392 1993 460 καὶ
2006 399 2233 460 ποτῶν
2250 403 2430 481 πλη-

396 489 584 577 θύσῃ
604 487 773 558 κατὰ
796 489 1027 577 φύσιν,
1052 486 1201 558 ἀλλ’
1226 493 1290 570 ἐξ
1315 493 1638 557 ἐναντίων
1659 486 1781 557 τὸν
1802 488 2011 576 ὄγκον
2043 488 2221 575 παρὰ
2256 491 2430 571 τούς

396 596 511 673 τῆς
531 585 799 672 φύσεως
819 587 1129 675 λαμβάνῃ
1149 585 1416 674 νόμους.
1460 589 1964 673 διακρινομένης
1985 590 2110 674 μὲν
2131 580 2258 656 οὖν
2278 587 2423 657 ὑπὸ

396 685 619 753 νόσων
638 692 754 771 τῆς
787 685 1032 774 σαρκὸς
1064 685 1360 771 ἑκάστης,
1395 682 1739 772 μενόντων
1777 685 1849 753 δὲ
1879 694 2015 755 τῶν
2045 687 2429 773 πυθμένων

397 784 628 867 αὐταῖς
656 785 918 874 ἡμίσεια
952 793 1070 874 τῆς
1102 790 1450 873 ξυμφορᾶς
1480 783 1522 873 ἡ
1563 786 1842 873 δύναμις
1858 811 1872 826 ·
1915 784 2250 874 ἀνάληψιν
2282 785 2426 874 γὰρ

297 899 366 953 84
399 892 493 956 ἔτι
512 884 654 975 μετ’
681 885 1019 966 εὐπετείας
1039 896 1231 973 ἴσχει·
1273 883 1348 952 τὰ
1374 886 1446 954 δὲ
1482 882 1562 972 δὴ
1603 884 1849 972 σάρκας
1884 882 2100 966 ὀστοῖς
2122 889 2429 967 ξυνδοῦν

394 980 590 1053 ὁπότ’
614 979 705 1052 ἂν
728 983 1005 1071 νοσήσῃ,
1033 985 1144 1051 καὶ
1166 987 1396 1069 μηκέτι
1417 974 1508 1049 αὖ
1539 980 1615 1050 τὸ
1648 985 1716 1062 ἐξ
1748 987 1916 1050 ἰνῶν
1940 978 2100 1069 αἷμα
2122 986 2234 1051 καὶ
2253 981 2421 1051 νεῦ-

395 1108 534 1170 ρων
579 1078 1156 1168 ἀποχωριζόμενον
1209 1077 1389 1164 ὀστῶ
1424 1079 1549 1165 μὲν
1594 1079 1834 1165 τροφή,
1889 1082 2084 1166 σαρκὶ
2136 1081 2209 1149 δὲ
2249 1079 2426 1165 πρὸς

395 1178 642 1249 ὀστοῦν
675 1176 1274 1264 γίγνηται-δεσμός,
1311 1172 1463 1244 ἀλλ’
1498 1178 1572 1243 ἐκ
1610 1182 1898 1262 λιπαροῦ
1938 1178 2050 1245 καὶ
2085 1184 2266 1246 λείου
2305 1180 2426 1245 καὶ

395 1284 713 1362 γλίσχρον
733 1273 941 1361 τραχὺ
961 1276 1070 1343 καὶ
1087 1272 1393 1361 ἁλμυρὸν
1414 1271 1761 1360 αὐχμῆσαν
1783 1271 1914 1343 ὑπὸ
1937 1282 2144 1362 κακῆς
2166 1271 2424 1363 διαίτης

395 1377 686 1458 γένηται,
716 1371 863 1439 τότε
898 1380 1105 1440 ταῦτα
1139 1371 1399 1457 πάσχον
1430 1376 1567 1438 πᾶν
1598 1367 1673 1438 τὸ
1705 1378 2013 1441 τοιοῦτον
2043 1371 2422 1459 καταψήχε-

395 1496 501 1535 ται
529 1467 652 1555 μὲν
674 1467 838 1537 αὐτὸ
865 1469 1067 1538 πάλιν
1081 1467 1212 1537 ὑπὸ
1235 1467 1355 1548 τὰς
1375 1469 1625 1554 σάρκας
1643 1467 1853 1537 καὶτὰ
1879 1478 2105 1556 νεῦρα,
2129 1467 2423 1556 ἀφιστά-

326 1591 364 1640 Β
402 1593 609 1653 μενον
631 1561 761 1634 ἀπὸ
786 1575 920 1635 τῶν
944 1564 1182 1653 ὀστῶν,
1206 1570 1281 1634 αἱ
1297 1566 1361 1635 δ’
1387 1570 1457 1635 ἐκ
1477 1571 1617 1634 τῶν
1637 1566 1834 1653 ῥιζῶν
1856 1573 2420 1646 ξυνεκπίπτουσαι

394 1667 478 1734 τά
497 1692 568 1733 τε
588 1673 799 1750 νεῦρα
819 1663 1044 1752 γυμνά
1066 1671 1536 1734 καταλείπουσι
1568 1665 1682 1733 καὶ
1713 1663 1916 1751 μεστὰ
1951 1662 2180 1752 ἅλμης,
2219 1664 2418 1734 αὐταὶ

397 1763 469 1831 δὲ
490 1762 694 1831 πάλιν
715 1769 807 1842 εἰς
842 1764 965 1848 τὴν
998 1766 1269 1849 αἳματος
1301 1759 1527 1847 φορὰν
1560 1764 1963 1847 ἐμπεσοῦσαι
1991 1761 2068 1829 τὰ
2107 1762 2418 1850 πρόσθεν

396 1862 691 1947 ῥηθέντα
724 1859 1067 1946 νοσήματα
1111 1865 1312 1927 πλείω
1355 1866 1637 1926 ποιοῦσι.
1690 1867 1996 1945 χαλεπῶν
2041 1860 2113 1930 δὲ
2154 1861 2417 1929 τούτων

397 1956 650 2046 περὶτὰ
676 1957 945 2045 σώματα
968 1958 1386 2075 παθημάτων
1407 1960 1819 2044 γιγνομένων
1849 1963 2044 2045 μείζω
2065 1964 2159 2028 ἔτι
2187 1966 2418 2046 γίγνε-

393 2082 500 2123 ται
532 2055 613 2123 τὰ
658 2055 786 2141 πρὸ
825 2056 1102 2140 τούτων,
1139 2055 1303 2123 όταν
1337 2051 1586 2123 ὀστοῦν
1617 2055 1727 2124 διὰ
1763 2056 2139 2144 πυκνότητα
2170 2058 2420 2143 σαρκὸς

395 2148 745 2240 ἀναπνοὴν
763 2153 853 2240 μὴ
889 2153 1234 2241 λαμβάνον
1267 2153 1527 2238 ἱκανήν,
1560 2150 1683 2221 ὑπ’
1719 2153 2008 2240 εὐρῶτος
2043 2154 2418 2243 θερμαινό-

394 2274 623 2336 μενον,
640 2257 1052 2337 σφακελίσαν
1072 2251 1236 2339 μήτε
1256 2250 1382 2336 τὴν
1393 2247 1657 2337 τροφὴν
1671 2257 2099 2338 καταδέχηται
2118 2252 2325 2322 πάλιν
2344 2279 2418 2323 τε

321 2380 359 2430 0
396 2342 560 2414 αὐτὸ
585 2352 678 2428 εἰς
699 2351 962 2434 ἐκείνην
983 2352 1295 2427 ἐναντίως
1317 2357 1388 2435 ίῃ
1410 2346 1809 2434 ψηχόμενον,
1843 2346 1884 2435 ἡ
1910 2346 1970 2416 δ’
2013 2354 2105 2430 εἰς
2137 2349 2416 2438 σάρκας,

399 2441 563 2526 σὰρξ
585 2443 657 2512 δὲ
678 2450 770 2525 εἰς
797 2441 957 2531 αἷμα
985 2449 1399 2531 ἐμπίπτουσα
1426 2444 1790 2533 τραχύτερα
1825 2446 2042 2514 πάντα
2074 2455 2210 2515 τῶν
2243 2448 2416 2533 πρό-

396 2550 565 2609 σθεν
584 2541 665 2609 τὰ
689 2542 1028 2628 νοσήματα
1064 2539 1509 2629 ἀπεργάζηται
1524 2566 1539 2583 ·
1584 2541 1657 2612 τὸ
1695 2541 1762 2611 δ’
1803 2550 2078 2630 ἔσχατον
2113 2545 2413 2631 πάντων,

394 2635 556 2707 ὅταν
577 2634 617 2725 ἡ
642 2646 765 2707 τοῦ
786 2648 1041 2726 μυελοῦ
1074 2638 1276 2726 φύσις
1305 2637 1427 2706 ἀπ’
1458 2643 1708 2720 ἐνδείας
1740 2639 1784 2728 ἤ
1827 2667 2005 2719 τινος
2038 2637 2416 2728 ὑπερβολῆς

394 2737 668 2825 νοσήσῃ,
691 2737 769 2805 τὰ
792 2741 1066 2824 μέγιστα
1092 2741 1202 2805 καὶ
1222 2736 1597 2821 κυριώτατα
1621 2736 1787 2823 πρὸς
1808 2736 2111 2807 θάνατον
2131 2746 2268 2806 τῶν
2292 2763 2414 2806 νο-

396 2834 710 2920 σημάτων
732 2831 1056 2920 ἀποτελεϊ,
1080 2836 1295 2921 πάσης
1314 2833 1649 2903 ἀνάπαλιν
1669 2844 1785 2922 τῆς
1804 2843 1927 2904 τοῦ
1949 2835 2249 2923 σώματος
2270 2835 2410 2923 φῦ-

397 2954 561 3013 σεως
583 2938 649 3015 ἐξ
671 2933 968 3021 ἀνάγκης
987 2937 1272 3024 ῥυείσης.

560 3040 675 3102 XL.
732 3042 971 3120 Τρίτον
988 3030 1046 3103 δ’
1076 3028 1166 3103 αὖ
1187 3036 1583 3124 νοσημάτων
1607 3035 1779 3115 εἶδος
1798 3042 1985 3122 τριχῇ
2006 3040 2111 3102 δεῖ
2126 3036 2414 3103 διανοεῦ-

317 3155 357 3203 1)
396 3138 560 3197 σθαι
597 3129 1022 3215 γιγνόμενον,
1046 3130 1121 3200 τὰ
1161 3135 1285 3218 μὲν
1313 3130 1446 3201 ’ὑπὸ
1483 3131 1877 3218 πνεύματος,
1908 3130 1983 3200 τὸ
2008 3133 2079 3201 δὲ
2112 3134 2415 3218 φλέγμα-

394 3252 525 3313 τος,
548 3224 621 3293 τὰ
649 3225 722 3293 δὲ
741 3235 955 3314 χολῆς.
1004 3226 1165 3298 ὅταν
1186 3230 1311 3316 μὲν
1329 3231 1461 3315 γὰρ
1492 3227 1527 3296 ὁ
1551 3236 1688 3298 τῶν
1710 3229 2112 3316 πνευμάτων
2145 3234 2243 3320 τῷ
2279 3228 2409 3296 σῶ-

395 3349 549 3408 ματι
568 3331 800 3407 ταμίας
821 3326 1136 3412 πλεύμων
1176 3326 1265 3414 μὴ
1301 3326 1606 3412 καθαρὰς
1638 3329 1886 3415 παρέχῃ
1926 3325 2044 3405 τὰς
2074 3324 2414 3406 διεξόδους

398 3415 528 3483 ὑπὸ
554 3418 898 3505 ῥευμάτων
912 3431 1254 3508 φραχθείς,
1271 3429 1442 3492 ἔνθα
1457 3423 1579 3511 μὲν
1601 3423 1726 3493 οὐκ
1750 3424 1879 3508 ἰόν,
1894 3429 2063 3492 ἔνθα
2088 3425 2159 3493 δὲ
2182 3432 2413 3491 πλεῖον
