2602 3928
368 214 491 279 134
1100 209 1680 272 ΠΛΑΤΩΝΟΣ

368 386 555 463 λεως,
580 384 798 463 τροφῇ
816 400 886 443 τε
905 375 1019 443 καὶ
1038 377 1304 461 παιδεία
1323 369 1753 457 χρησάμενος,
1779 360 1820 457 ᾗ
1850 369 2233 519 διήλθομεν.
2276 365 2382 436 Ου

368 471 500 562 γὰρ
523 473 716 559 εἰκός,
742 478 890 558 ἔφη.

1337 827 1411 888 Ε.

223 977 342 1044 149
538 967 584 1028 1.
623 959 917 1046 Ἀγαθὴν
938 963 1060 1048 μὲν
1082 967 1316 1030 τοίνυν
1338 959 1461 1045 τὴν
1481 957 1797 1045 τοιαύτην
1812 959 2011 1026 πόλιν
2033 984 2102 1025 τε
2124 961 2234 1026 καὶ
2255 982 2386 1026 πο-

361 1062 612 1131 λιτείαν
632 1061 743 1125 καὶ
765 1055 989 1143 ὀρθὴν
1008 1065 1213 1145 καλοῖ,
1250 1059 1361 1127 καὶ
1395 1057 1611 1144 ἄνδρα
1645 1055 1764 1125 τὸν
1794 1062 2129 1125 τοιοῦτον·
2174 1055 2386 1134 κακὰς

366 1158 440 1226 δὲ
456 1154 575 1234 τὰς
595 1154 799 1234 ἄλλας
820 1155 930 1223 καὶ
949 1153 1430 1243 ἡμαρτημένας,
1462 1164 1647 1240 εἰπερ
1684 1151 1852 1242 αὕτη
1888 1153 2089 1241 ὀρθή,
2130 1161 2284 1239 περί
2310 1180 2383 1221 τε

363 1255 629 1322 πόλεων
650 1253 1003 1339 διοικήσεις
1023 1257 1132 1321 καὶ
1155 1256 1304 1341 περὶ
1338 1258 1623 1322 ἰδιωτῶν
1643 1259 1858 1341 ψυχῆς
1887 1253 2145 1339 τρόπου
2178 1278 2378 1321 κατα·
2453 1249 2457 1252 ⁴

366 1352 636 1437 σκευήν,
681 1354 756 1417 ἐν
797 1353 1096 1438 τέτταρσι
1144 1357 1465 1439 πονηρίας
1507 1356 1753 1420 εἴδεσιν
1787 1348 2008 1429 οὔσας.
2053 1356 2261 1428 Ποίας
2299 1347 2382 1435 δὴ

365 1449 640 1526 ταύτας;
682 1452 827 1534 ἔφη.
869 1450 979 1517 καὶ
1019 1448 1146 1536 ἐγω
1190 1450 1315 1534 μὲν
1359 1443 1447 1538 ᾖα
1487 1446 1604 1528 τὰς
1644 1452 1876 1535 ἐφεξῆς
1915 1452 2110 1537 ἐρῶν,
2150 1446 2238 1526 ὥς
2268 1472 2386 1533 μοι

288 1562 329 1611 Β
367 1550 720 1632 ἐφαίνοντο
749 1548 1018 1615 ἕκασται
1041 1550 1104 1627 ἐξ
1143 1546 1452 1634 ἀλλήλων
1485 1554 1938 1634 μεταβαίνειν·
1984 1543 2021 1613 6
2062 1548 2134 1614 δὲ
2164 1549 2377 1613 Πολέ-

364 1671 612 1732 μαρχος
633 1683 707 1695 -
734 1643 1017 1730 σμικρὰν
1038 1646 1167 1732 γὰρ
1198 1643 1515 1731 ἀπωτέρω
1536 1651 1662 1714 τοῦ
1698 1642 2126 1731 Ἀδειμάντου
2159 1648 2383 1728 καθῆ-

366 1762 479 1810 στο
500 1781 589 1795 ——
606 1745 895 1821 ἐκτείνας
916 1741 1040 1831 τήν
1059 1747 1368 1830 χεῖρακαὶ
1388 1746 1758 1831 λαβόμενος
1778 1750 1901 1811 τοῦ
1920 1746 2184 1828 ἱματίου
2202 1740 2379 1808 ἅνω-

362 1852 491 1909 θεν
518 1838 734 1909 αὐτοῦ
764 1840 941 1926 παρὰ
977 1839 1099 1908 τὸν
1142 1835 1325 1927 ὦμον
1367 1842 1628 1911 ἐκεῖνόν
1672 1867 1744 1910 τε
1787 1840 2241 1926 προσηγάγετο
2271 1842 2384 1907 καὶ

364 1943 710 2023 προτείνας
732 1935 974 2005 ἑαυτὸν
995 1938 1268 2025 ἔλεγεν’
1238 1940 1398 2008 α’ττα
1434 1940 1937 2026 προσκεκυφώς,
1958 1931 2055 2007 ὧν
2074 1936 2236 2008 ἄλλο
2258 1941 2375 2025 μὲν

369 2032 567 2101 οὐδεν
589 2035 1111 2121 κατηκουσαμεν,
1135 2038 1285 2105 τόδε
1320 2042 1423 2105 δέ·
1478 2035 1853 2124 Ἀφήσομεν
1893 2062 2039 2120 ουν,
2069 2030 2291 2122 ἔφη,’“
2245 2063 2287 2122 η
2320 2039 2379 2103 τί

368 2132 731 2218 δράσομεν;
738 2128 1018 2199 ’Ἠκιστα
1039 2157 1136 2218 γε,
1160 2139 1288 2219 ἔφη
1312 2131 1347 2201 6
1382 2131 1795 2221 Ἀδείμαντος
1809 2136 1974 2221 μέγα
1995 2133 2122 2221 ἤδη
2146 2138 2377 2218 λέγων.

367 2231 477 2296 καὶ
499 2228 651 2313 ἐγώ,
678 2235 764 2295 Τί
776 2234 1085 2313 μαλιστα,
1102 2235 1293 2317 ἔφην,
1318 2228 1507 2318 ὑμεῖς
1528 2231 1654 2299 οὐκ
1679 2230 1941 2318 αφίετε;
1982 2237 2098 2316 Σέ,
2121 2258 2162 2317 η
2142 2224 2247 2298 δ’
2283 2230 2379 2309 ὅς.

292 2346 331 2397 C
349 2323 511 2410 Ὅτι,
536 2325 664 2409 ἐγώ
691 2324 899 2408 εἷπον,
938 2334 1006 2394 τί
1032 2328 1346 2414 μάλιστας
1382 2327 1915 2418 Ἀπορρᾳθυμεῦν
1946 2328 2104 2416 ἡμῖν
2145 2333 2378 2412 δοκεῖς,

363 2427 514 2508 ἔφη,
536 2426 647 2490 καὶ
669 2421 839 2502 εἶδος
860 2423 1022 2492 ὅλον
1043 2422 1125 2492 οὐ
1145 2423 1220 2493 τό
1243 2427 1580 2514 ἐλάχιστον
1606 2431 1982 2496 ἐκκλέπτειν
2000 2435 2125 2495 τοῦ
2145 2426 2378 2512 λόγου,

360 2523 474 2588 ἵνα
496 2518 585 2606 μὴ
611 2527 901 2611 διέλθῃς,
928 2524 1038 2592 καὶ
1066 2522 1293 2610 λήσειν
1317 2529 1631 2611 οἰηθῆναι
1655 2522 1861 2593 εἰπὼν
1892 2522 2052 2591 αὐτὸ
2080 2524 2376 2610 φαύλως,

365 2615 455 2696 ως
487 2616 617 2704 ἄρα
651 2623 801 2706 περὶ
833 2630 1173 2706 γυναικοῖν
1210 2649 1279 2690 τε
1312 2628 1422 2691 καὶ
1466 2629 1721 2692 παίδων
1762 2625 1957 2692 παντὶ
2001 2629 2229 2709 δῆλον,
2274 2621 2379 2689 ὅτι

361 2713 555 2783 κοινὰ
587 2715 668 2784 τὰ
704 2725 921 2804 φίλων
968 2726 1165 2787 ἔσται.
1210 2719 1487 2788 Οὐκοῦν
1531 2717 1779 2806 ὀρθῶς,
1819 2726 2012 2805 ἔφην,
2065 2712 2120 2787 ὦ
2170 2718 2378 2787 Ἀδεί-

359 2841 594 2901 μαντε;
628 2820 786 2902 Ναί,
809 2809 854 2903 ἦ
879 2814 939 2884 δ’
966 2816 1071 2898 ὅς·
1103 2815 1271 2887 ἀλλὰ
1293 2817 1368 2885 τὸ
1394 2815 1621 2904 ὀρθοῖς
1649 2825 1867 2903 τοῦτο,
1898 2815 2119 2902 ὥσπερ
2147 2809 2376 2901 τᾶλλα,

354 2910 566 2996 λόγου
588 2915 813 2998 δεῖται,
837 2920 933 2990 τίς
966 2910 1002 2980 6
1038 2913 1282 2999 τρόπος
1312 2924 1428 3002 τῆς
1462 2922 1841 2994 κοινωνίας·
1881 2917 2112 2983 πολλοὶ
2134 2911 2264 3000 γὰρ
2288 2910 2376 2979 ἂν

356 3011 676 3092 γένοιντο.
714 3008 805 3096 μή
830 3003 959 3079 οὖν
985 3021 1201 3100 παρῇς
1224 3012 1455 3081 ὅντινα
1476 3012 1562 3080 σύ
1585 3018 1813 3098 λέγεις.
1858 3010 1946 3092 ὡς
1964 3009 2151 3099 ἡμεῖς
2172 3010 2376 3079 πάλαι

274 3131 319 3181 D
360 3109 800 3193 περιμένομεν
822 3109 1121 3195 οἰόμενοί
1136 3114 1215 3177 σε’
1245 3136 1379 3179 που
1412 3114 1929 3198 μνησθήσεσθαι
1958 3113 2378 3186 παιδοποιίας

357 3230 428 3272 τε
450 3206 622 3288 πέρι,
646 3210 786 3282 πῶς
807 3208 1416 3293 παιδοποιήσονται,
1448 3210 1556 3275 καὶ
1599 3210 2003 3294 γενομένους
2039 3211 2178 3284 πῶς
2210 3208 2346 3291 θρέ

357 3315 584 3383 ψουσι,
602 3304 718 3370 καὶ
739 3299 907 3389 ὅλην
929 3303 1180 3390 ταύτην
1198 3301 1287 3390 ἣν
1312 3310 1520 3390 λέγεις
1543 3314 1903 3373 κοινωνίαν
1934 3309 2278 3389 γυναικῶν
2305 3327 2379 3369 τε

356 3402 466 3469 καὶ
490 3402 745 3469 παίδων
759 3429 773 3443 ·
801 3405 968 3487 μέγα
988 3404 1119 3490 γάρ
1141 3430 1205 3471 τι
1227 3401 1507 3489 οἰόμεθα
1529 3404 1759 3488 φέρειν
1773 3404 1883 3470 καὶ
1898 3401 2061 3468 ὅλον
2082 3406 2173 3479 είς
2184 3408 2379 3468 πολι-
