2602 3928
362 169 490 230 210
1101 166 1673 226 ΠΛΑΤΩΝΟΣ

356 352 486 416 ται,
511 333 737 414 ἔχουσί
754 351 823 394 τε
845 321 1038 412 τιμάς
1056 323 1260 404 ἄλλας
1280 328 1391 393 καὶ
1413 330 1565 411 βίον
1588 320 1836 411 ἀμείνω
1854 334 1980 392 τοῦ
2003 334 2385 408 πολιτικοῦ;

365 423 660 505 Οὖδένας
682 424 947 508 ἄλλους,
986 427 1133 510 ἔφη.

287 546 324 597 c
528 526 626 587 vl.
677 520 919 589 Βούλει
942 513 1069 587 ούν
1091 517 1275 587 τοῦτ’
1301 518 1432 608 ἤδη
1457 528 1833 606 σκοποῖμεν,
1857 526 2004 588 τίνα
2038 521 2288 605 τρόπον
2320 526 2389 591 οἱ

359 627 652 688 τοιοῦτοι
676 618 1146 706 ἐγγενήσονται
1167 620 1440 698 καὶπῶς
1462 645 1559 698 τις
1579 616 1805 699 ἀνάξει
1828 616 2074 698 αύτούς
2103 625 2194 698 εἰς
2219 628 2383 705 φῶς,

365 716 586 801 ὥσπερ
624 720 690 797 ἐξ
717 714 950 784 ’Ἀιδου
982 718 1287 801 λέγονται
1327 715 1410 801 δή
1452 741 1624 794 τινες
1657 720 1749 795 εἰς
1788 714 1993 795 θεοὺς
2038 713 2386 797 ἀνελθεῖν;

360 823 520 896 Πῶς
563 813 693 901 γὰρ
738 811 821 881 ού
855 812 1218 900 βούλομαι;
1260 818 1408 899 ἔφη.
1459 821 1673 881 Τοῦτο
1720 812 1824 900 δή,
1863 814 1951 894 ὡς
1986 821 2222 900 ἔοικεν,
2259 812 2387 882 οὐκ

364 912 698 999 ὀστράκου
721 906 809 980 ἀν
841 922 941 999 εἴη
975 910 1386 999 περιστροφή
1421 909 1589 980 ἀλλά
1627 919 1841 999 ψυχῆς
1873 913 2275 998 περιαγωγή,
2315 914 2389 980 ἐκ

367 1019 758 1098 νυκτερινῆς
798 1008 979 1088 τινὸς
1021 1005 1266 1095 ἡμέρας
1313 1015 1404 1087 εἰς
1445 1007 1781 1096 ἀληθινὴν
1823 1016 1944 1078 τοῦ
1989 1009 2181 1089 ὄντος
2213 1001 2384 1079 οὖσα

365 1112 715 1194 ἐπάνοδος,
738 1106 825 1195 ἣν
841 1106 923 1194 δὴ
948 1112 1357 1193 φιλοσοφίαν
1380 1105 1606 1194 ἀληθῆ
1623 1107 1929 1195 φήσομεν
1955 1106 2139 1176 εἶναι.
2185 1107 2386 1175 Πάνυ

366 1210 490 1296 μὲν
510 1200 656 1276 οὖν.
699 1202 977 1274 Οὐκοῦν
1001 1210 1105 1273 δεῖ
1122 1215 1541 1292 σκοπεῖσθαι,
1566 1211 1632 1273 τί
1655 1214 1790 1274 τῶν
1814 1206 2230 1293 μαθημάτων
2254 1212 2388 1292 ἔχει

298 1338 339 1388 1)
369 1304 686 1392 τοιαύτην
707 1302 1029 1389 δύναμιν;
1056 1310 1212 1382 Πῶς
1235 1301 1366 1389 γὰρ
1404 1303 1524 1386 οὕς
1567 1309 1652 1371 Τί
1668 1297 1754 1371 ἀν
1777 1296 1906 1371 οὖν
1940 1314 2062 1390 εἴη,
2087 1296 2142 1372 οἶ
2164 1303 2391 1373 Γλαύ-

372 1428 535 1489 κων,
558 1400 840 1490 μάθημα
862 1406 1076 1487 ψυχῆς
1098 1397 1304 1468 ὁλκὸν
1327 1398 1457 1468 ἀπὸ
1482 1409 1607 1469 τοῦ
1627 1406 2028 1488 γιγνομένου
2049 1405 2152 1471 ἐπὶ
2172 1403 2246 1470 τὸ
2275 1399 2391 1469 ὅνε

370 1500 522 1571 τόδε
545 1497 607 1568 δ’
636 1501 851 1568 ἕννοῶ
883 1500 1098 1585 λέγων
1131 1497 1300 1584 ἅμα·
1347 1496 1473 1566 ούκ
1504 1495 1799 1585 ἀθλητὰς
1833 1503 2059 1585 μέντοι
2095 1501 2391 1586 πολέμου

370 1603 624 1685 ἔφαμεν
663 1595 947 1676 τούτους
982 1593 1351 1681 ἀναγκαῖον
1382 1594 1551 1663 εἶναι
1591 1601 1786 1674 νέους
1828 1595 2056 1680 ὅντας;
2085 1596 2389 1683 Ἕφαμεν

370 1697 520 1784 γάρ.
577 1704 709 1763 Δεῖ
726 1692 857 1780 ἀρα
878 1696 990 1761 καὶ
1011 1701 1209 1761 τοῦτο
1245 1694 1593 1782 προσέχειν
1627 1690 1701 1761 τὸ
1739 1694 2044 1780 μάθημα,
2082 1691 2122 1760 ὃ
2157 1699 2384 1780 ζητοῦ-

370 1819 517 1880 μεν,
563 1790 731 1880 πρὸς
771 1795 1021 1882 ἐκείνω.
1081 1790 1171 1859 Τὸ
1213 1804 1444 1873 ποῖον;
1483 1789 1604 1877 Μὴ
1642 1789 1972 1879 ἄχρηστον
2014 1799 2390 1877 πολεμικοῖς

373 1889 701 1981 ἀνδράσιν
723 1888 910 1957 εἶναι.
950 1898 1081 1957 Δεῖ
1095 1890 1342 1975 μέντοι,
1378 1893 1527 1976 ἔφη,
1565 1897 1748 1976 εἴπερ
1784 1887 1931 1958 οἷόν
1962 1915 2049 1958 τε.
2113 1896 2390 1976 Γυμνα-

300 2015 340 2063 Ε
379 1998 568 2077 στικῇ
611 1986 746 2075 μὴν
790 1990 898 2055 καὶ
940 1993 1229 2075 μουσικῇ
1275 1992 1350 2053 ἔν
1385 2013 1462 2073 γε
1496 1995 1592 2079 τῷ
1623 1987 1927 2073 πρόσθεν
1954 1989 2385 2057 ἐπαιδεύοντο

369 2084 545 2173 ἡμῖν.
605 2079 728 2153 Ἦν
749 2091 979 2171 ταῦτα,
1003 2089 1150 2171 ἔφη.
1188 2085 1615 2173 Γυμναστικὴ
1640 2088 1763 2172 μέν
1804 2110 1938 2154 που
1972 2089 2122 2173 περὶ
2157 2083 2390 2173 γιγνό-

371 2208 580 2271 μενον
614 2183 725 2251 καὶ
760 2179 1230 2269 ἀπολλύμενον
1260 2183 1640 2253 τετεύτακε·
1686 2184 1991 2271 σώματος
2021 2186 2150 2271 γὰρ
2185 2184 2389 2271 αὔξης

373 2284 483 2350 καὶ
505 2287 804 2367 φθίσεως
823 2284 1168 2350 ἐπιστατεῖ.
1225 2288 1555 2349 Φαίνεται.
1620 2289 1833 2350 Τοῦτο
1857 2283 1980 2368 μὲν
2016 2284 2097 2368 δὴ
2146 2278 2270 2350 ούκ
2305 2276 2391 2349 ἂν

234 2411 335 2465 522
374 2391 473 2466 εἴη
515 2377 556 2448 ὃ
597 2384 920 2466 ζητοῦμεν
959 2379 1258 2467 μάθημα.
1338 2376 1442 2447 Ού
1474 2381 1621 2466 γάρ.
1683 2377 1858 2449 Ἀλλ’
1910 2374 2042 2465 ἀρα
2085 2379 2392 2466 μουσική,

373 2477 543 2566 ὅσην
575 2476 650 2547 τό
687 2478 1016 2564 πρότερον
1063 2479 1462 2567 διήλθομεν;
1497 2476 1671 2547 Ἀλλ’
1719 2471 1807 2565 ἦν
1848 2481 2064 2564 ἐκείνη
2106 2475 2198 2564 γ’,
2240 2482 2391 2563 ἔφη,

371 2573 815 2662 ἀντίστροφος
846 2583 963 2663 τῆς
992 2582 1465 2662 γυμναστικῆς,
1511 2580 1573 2643 εἰ
1609 2579 1958 2662 μέμνησαι,
2005 2582 2191 2644 ἔθεσι
2236 2599 2389 2641 παι-

371 2676 664 2744 δεύουσα
710 2671 867 2753 τούς
914 2675 1242 2760 φύλακας,
1275 2673 1444 2741 κατά
1478 2699 1548 2741 τε
1583 2671 1914 2760 ἁρμονίαν
1948 2671 2389 2760 εὐαρμοστίαν

371 2774 543 2857 τινά,
565 2773 690 2842 ούκ
716 2774 1101 2861 ἐπιστήμην,
1125 2776 1608 2859 παραδιδοῦσα,
1632 2773 1744 2840 καὶ
1766 2771 1931 2839 κατὰ
1966 2769 2240 2860 ῥυθμόν
2274 2768 2390 2837 εύ-

374 2882 696 2959 ρυθμίαν,
721 2876 796 2939 ἔν
839 2897 910 2939 τε
940 2885 1074 2950 τοῖς
1120 2872 1346 2955 λόγοις
1391 2871 1582 2956 ἕτερα
1622 2869 1882 2938 τούτων
1915 2867 2197 2954 ἀδελφά,
2240 2872 2391 2955 ἔφη,

372 2968 535 3037 ἅττα
556 2975 820 3055 ἔχουσα,
843 2970 954 3036 καὶ
978 2967 1125 3035 ὅσοι
1154 2968 1497 3054 μυθώδεις
1516 2975 1653 3036 τῶν
1674 2967 1897 3052 λόγων
1920 2968 2031 3034 καὶ
2058 2965 2208 3035 ὅσοι
2229 2967 2390 3053 ἀλη-

371 3066 729 3151 θινώτεροι
760 3057 962 3152 ἦσαν·
1020 3066 1307 3153 μάθημα
1338 3067 1411 3135 δὲ
1449 3065 1619 3153 πρὸς
1653 3062 1962 3134 τοιοῦτόν
2005 3091 2067 3132 τι
2101 3060 2390 3149 ἀγαθόν,

300 3180 339 3231 Β
378 3159 523 3233 οἷον
555 3163 643 3231 σύ
665 3171 795 3232 νῦν
819 3167 1044 3250 ζητεῖς,
1079 3161 1280 3232 οὐδὲν
1316 3158 1402 3252 ἦν
1434 3167 1508 3232 ἐν
1542 3161 1731 3251 αὐτῇ.
1797 3161 2279 3250 Ἀκριβέστατα,
2308 3153 2395 3248 ἦν

374 3261 436 3333 δ’
464 3263 617 3350 ἐγώ,
652 3258 1169 3351 ἀναμιμνήσκεις
1203 3289 1314 3349 με·
1371 3269 1462 3353 τῷ
1498 3260 1628 3349 γὰρ
1665 3262 1811 3330 ὅντι
1848 3268 2156 3330 τοιοῦτον
2193 3255 2397 3328 οὐδὲν

376 3361 565 3449 εἶχεν.
612 3358 783 3448 ἀλλ’,
811 3354 866 3431 ὦ
888 3361 1187 3450 δαιμόνιε
1208 3362 1560 3449 Γλαύκων,
1599 3367 1664 3429 τί
1693 3357 1779 3428 ἀν
1812 3370 1912 3448 εἴη
1949 3366 2280 3435 τοιοῦτον;
2328 3358 2399 3424 αἲ

2583 3055 2598 3114 ae‘
