2602 3928
270 223 278 229 “
320 223 445 285 366
1056 223 1625 282 ΠΛΑΤΩΝΟΣ
2265 233 2340 287 48

320 382 710 470 τεινόμενον
731 384 835 450 ἐπὶ
856 389 1006 468 γῆν,
1031 379 1353 467 τήκεσθαι
1376 379 1499 467 μὲν
1526 380 1651 468 τὴν
1676 388 1814 449 τῶν
1848 382 2071 468 ὄγκων
2092 391 2340 456 καθαί-

212 480 216 486 ’
323 502 528 568 ρεσιν,
555 478 721 567 ῥοὴν
744 482 817 547 δὲ
839 477 962 566 τὴν
1000 478 1362 547 κατάτασιν
1393 481 1496 547 ἐπὶ
1530 488 1659 566 γῆν
1694 482 2079 566 ἐπωνυμίαν
2113 484 2339 549 ἑκατέ-

322 606 448 663 ρου
467 586 594 647 τοῦ
613 576 876 655 πάθους
888 582 1100 665 ἔλαβε.
1127 576 1329 645 πάλιν
1353 575 1424 645 δὲ
1446 579 1875 657 ἐκπίπτοντος
1896 576 2191 646 αὐτόθεν
2213 586 2338 646 τοῦ

224 695 293 751 59
329 676 563 763 πυρός,
591 676 705 744 ἅτε
738 673 864 744 οὐκ
888 666 979 755 εἰς
997 673 1202 743 κενὸν
1225 675 1533 762 ἐξιόντος,
1559 673 1952 761 ὠθούμενος
1982 674 2021 743 ὁ
2056 683 2338 762 πλησίον

325 773 454 861 ἀὴρ
479 772 830 861 εὐκίνητον
851 772 1013 842 ὄντα
1036 778 1131 841 ἔτι
1149 770 1273 841 τὸν
1295 771 1509 860 ὑγρὰν
1540 773 1749 857 ὄγκον
1776 779 1866 852 είς
1898 770 2016 851 τάς
2049 781 2175 842 τοῦ
2206 797 2338 839 πυ-

323 872 441 960 ρὰς
465 876 661 959 ἕδρας
685 878 1014 954 ξυνωθῶν
1033 868 1240 938 αὐτὸν
1265 869 1446 960 αὐτῷ
1470 875 1938 957 ξυμμίγνυσιν’
1971 870 2009 938 ὁ
2032 873 2106 939 δὲ
2134 876 2336 952 ξυνω-

319 969 659 1057 θούμενος
713 968 1206 1055 ἀπολαμβάνων
1246 994 1318 1036 τε
1368 966 1494 1055 τὴν
1534 967 1910 1057 ὁμαλότητα
1950 966 2172 1055 πάλιν,
2218 966 2337 1036 ἅτε

318 1077 443 1135 τοῦ
478 1076 594 1154 τῆς
628 1066 1137 1154 ἀνωμαλότητος
1170 1071 1586 1153 δημιουργοῦ
1618 1064 1831 1153 πυρὸς
1861 1064 2195 1152 ἀπιόντος,
2246 1071 2339 1144 εἰς

321 1163 571 1233 ταύτὸν
600 1163 783 1255 αὑτῷ
804 1170 1214 1233 καθίσταται·
1241 1168 1354 1232 καὶ
1373 1164 1496 1231 τὸν
1515 1166 1637 1250 μὲν
1655 1174 1781 1233 τοῦ
1800 1162 2015 1251 πυρὸς
2035 1162 2339 1231 ἀπαλλα-

321 1262 452 1352 γῆν
473 1267 695 1349 ψῦξιν,
722 1262 847 1347 τὴν
879 1263 950 1331 δὲ
974 1262 1263 1342 ξύνοδον
1296 1259 1711 1342 ἀπελθόντος
1748 1264 2009 1332 ἐκείνου
2043 1256 2338 1347 πεπηγὸς
2407 1303 2416 1310 ·

325 1360 495 1429 εἶναι
535 1363 730 1445 γένος
766 1360 1214 1447 προσερρήθη.
1266 1361 1527 1429 τούτων
1558 1361 1640 1447 δὴ
1674 1361 1967 1446 πάντων,
2013 1358 2139 1428 ὅσα
2169 1355 2334 1445 χυτὰ

240 1481 279 1530 Β
318 1465 766 1544 προσείπομεν
788 1455 1021 1543 ὕδατα,
1043 1456 1117 1526 τὸ
1142 1462 1264 1545 μὲν
1299 1462 1372 1527 ἐκ
1394 1457 1812 1528 λεπτοτάτων
1842 1462 1953 1527 καὶ
1987 1454 2338 1544 ὁμαλωτά-

316 1584 455 1626 των
479 1554 900 1624 πυκνότατον
930 1556 1354 1643 γιγνόμενον,
1390 1557 1721 1642 μονοειδὲς
1750 1559 1964 1641 γένος,
1999 1561 2336 1642 στίλβοντι

318 1656 428 1723 καὶ
443 1660 671 1743 ξανθῷ
693 1653 990 1740 χρώματι
1006 1656 1364 1739 κοινωθέν,
1381 1658 1907 1740 τιμαλφέστατον
1928 1660 2143 1738 κτῆμα
2170 1676 2337 1737 χρυ-

321 1751 438 1832 σὸς
478 1751 819 1840 ἠθημένος
863 1747 974 1817 διὰ
1017 1753 1258 1834 πέτρας
1296 1750 1543 1837 ἐπάγη·
1600 1758 1857 1836 χρυσοῦ
1899 1753 1971 1817 δὲ
2009 1747 2178 1833 ὄζος,
2224 1744 2333 1816 διὰ

327 1851 709 1936 πυκνότητα
732 1847 1182 1935 σκληρότατον
1206 1846 1288 1915 ὂν
1311 1850 1421 1916 καὶ
1455 1853 1812 1933 μελανθέν,
1848 1845 2107 1933 ἀδάμας
2138 1845 2337 1931 ἐκλή-

319 1960 434 2035 θη.
479 1945 555 2018 τὸ
592 1947 654 2016 δ’
691 1944 890 2034 ἐγγύς
919 1943 1042 2034 μὲν
1074 1953 1331 2032 χρυσοῦ
1362 1952 1499 2013 τῶν
1531 1953 1776 2032 μερῶν,
1815 1950 1955 2032 εἴδη
1980 1944 2055 2014 δὲ
2086 1945 2336 2011 πλέονα

321 2045 472 2125 ἑνὸς
504 2052 674 2132 ἔχον,
709 2043 1072 2130 πυκνότητι
1103 2041 1166 2111 δ’
1206 2048 1303 2110 ἔτι
1332 2047 1456 2130 μὲν
1489 2051 1745 2129 χρυσοῦ
1785 2041 2198 2126 πυκνότερον
2229 2037 2332 2124 ὅν,

318 2147 432 2216 καὶ
457 2153 579 2232 γῆς
598 2142 835 2231 μόριον
871 2142 1098 2228 ὀλίγον
1129 2144 1240 2210 καὶ
1272 2139 1515 2210 λεπτὸν
1549 2141 1894 2229 μετασχόν,
1930 2139 2098 2209 ὥστε
2128 2146 2335 2224 σκλη-

245 2275 282 2326 0
320 2245 597 2330 ρότερον
641 2239 829 2325 εἶναι,
874 2247 964 2330 τῷ
1011 2243 1082 2308 δὲ
1131 2239 1383 2326 μεγάλα
1426 2236 1610 2318 ἐντὸς
1651 2237 1861 2306 αὑτοῦ
1902 2243 2334 2322 διαλείμματα

321 2349 492 2428 ἔχειν
513 2337 946 2424 κουφότερον,
971 2344 1107 2406 ταῖν
1129 2345 1453 2425 λαμπρῶν
1473 2345 1743 2423 πηκτῶν
1764 2363 1834 2404 τε
1863 2340 1937 2403 ἓν
1960 2340 2154 2422 γε’νος
2174 2333 2334 2401 ὑδά-

320 2465 454 2506 των
475 2436 714 2524 χαλκὸς
736 2439 1093 2514 συσταθεὶς
1121 2439 1385 2521 γε’γονε*
1423 2433 1498 2502 τὸ
1530 2432 1593 2503 δ’
1620 2438 1693 2503 ἐκ
1720 2443 1843 2521 γῆς
1865 2431 2048 2519 αὐτῷ
2070 2434 2330 2519 μιχθέν,

320 2536 482 2607 ὅταν
514 2535 977 2619 παλαιουμένω
1022 2538 1544 2621 διαχωρίζησθον
1585 2533 1789 2601 πάλιν
1832 2529 1948 2599 ἀπ’
1997 2529 2328 2616 ἀλλήλων,

318 2633 601 2720 ἐκφανὲς
622 2628 786 2699 καθ’
821 2628 982 2698 αὑτὰ
1012 2632 1409 2718 γιγνόμενον
1431 2629 1527 2710 ἰὸς
1548 2633 1819 2716 λέγεται.
1864 2622 2069 2697 τᾶλλα
2091 2628 2162 2695 δὲ
2196 2635 2335 2694 τῶν

321 2732 645 2802 τοιούτων
668 2728 869 2799 οὐδὲν
892 2737 1192 2798 ποικίλον
1214 2735 1307 2797 ἔτι
1327 2735 1834 2813 διαλογίσασθαι
1852 2726 1975 2813 τὴν
1998 2734 2135 2793 τῶν
2158 2725 2336 2797 εἰκό-

319 2858 455 2900 των
477 2831 722 2917 μύθων
742 2828 1230 2915 μεταδιοόκοντα
1254 2830 1457 2914 ἰδέαν,
1480 2824 1567 2914 ἢν
1588 2825 1749 2894 ὅταν
1768 2852 1865 2904 τις
1896 2821 2334 2900 ἀναπαύσεως

319 2931 538 3013 ἕνεκα,
581 2927 737 3006 τοὺς
770 2928 919 3010 περὶ
956 2935 1090 2994 τῶν
1125 2924 1341 2993 ὄντων
1376 2923 1477 2993 ἀεὶ
1507 2925 2021 3010 κατατιθέμενος
2068 2920 2329 3005 λόγους,

248 3049 291 3099 D
320 3025 478 3104 τούς
519 3029 849 3110 γενέσεως·
875 3025 1024 3111 πέρι
1063 3021 1515 3109 διαθεώμενος
1550 3021 1804 3100 εἰκότας
1846 3017 2333 3106 ἀμεταμέλητον

320 3121 574 3212 ἡδονὴν
596 3129 849 3207 κτᾶται,
888 3126 1155 3210 μέτριον
1178 3117 1264 3189 ἂν
1284 3124 1359 3188 ἐν
1380 3127 1476 3209 τῷ
1496 3125 1619 3208 βίω
1644 3115 1913 3187 παιδιὰν
1946 3117 2056 3184 καὶ
2088 3113 2333 3200 φρόνι-

321 3247 451 3308 μον
474 3234 745 3288 ποιοῖτο.
786 3220 993 3309 ταύτῃ
1016 3220 1095 3307 δὴ
1123 3219 1332 3289 καὶτὰ
1364 3223 1497 3285 νῦν
1534 3218 1799 3303 ἐφέντες
1829 3215 1904 3282 τὸ
1936 3210 2099 3301 μετὰ
2132 3218 2331 3281 τοῦτο

322 3323 458 3385 τῶν
481 3313 704 3385 αὐτῶν
725 3319 873 3404 πέρι
895 3319 976 3386 τὰ
998 3321 1140 3405 ἑξῆς
1163 3317 1383 3389 εἰκότα
1398 3321 1612 3403 δίιμεν
1633 3319 1805 3403 τῇδε.
1831 3312 1905 3381 τὸ
1919 3313 2081 3399 πυρὶ
2094 3336 2334 3398 μεμιγ-

323 3417 528 3499 μένον
567 3410 771 3500 ῧδωρ,
806 3415 972 3484 ὅσον
1005 3415 1247 3485 λεπτὸν
1280 3413 1496 3502 ὑγρόν
1527 3438 1597 3481 τε
1618 3410 1728 3480 διὰ
1763 3409 1887 3499 τὴν
1921 3416 2184 3497 κίνησιν
2218 3408 2332 3476 καὶ
