2602 3928
293 238 300 244 ’
372 251 497 321 376
1114 262 1318 320 ΠΛΑ
1336 261 1683 322 :auvos
2317 274 2395 328 58

373 418 618 506 ἀκοήν·
662 418 786 506 ὅση
811 419 873 486 δ’
901 418 1105 506 αὐτῆς
1134 434 1391 506 ταχεῖα,
1438 419 1677 508 ὀξεῖαν,
1724 419 1847 508 ὅση
1883 422 1955 490 δὲ
1986 426 2388 511 βραδυτέρα,

371 520 772 605 βαρυτέραν·
817 514 941 604 τὴν
969 516 1042 585 δὲ
1074 514 1317 604 ὁμοίαν
1360 517 1620 606 ὁμαλήν
1660 544 1732 586 τε
1766 523 1879 588 καὶ
1898 527 2104 607 λείαν,
2151 518 2275 608 τὴν
2313 526 2391 590 δὲ

287 629 324 679 c
369 620 679 685 ἐναντίαν
698 629 1001 701 τραχεῖαν
1016 642 1032 658 ·
1076 616 1371 702 μεγάλην
1391 615 1462 685 δὲ
1482 613 1609 704 τὴν
1629 618 1906 705 πολλήν,
1942 616 2067 706 ὅση
2091 618 2164 687 δὲ
2188 623 2391 687 ἐναν-

370 721 497 801 τία,
522 712 830 800 σμικράν.
872 711 955 781 τα
980 714 1052 782 δὲ
1073 716 1224 800 περὶ
1247 718 1634 801 ξυμφωνίας
1654 714 1880 784 αὐτῶν
1914 720 1988 784 έν
2020 732 2155 797 τοῖς
2187 717 2390 786 ὕστε-

373 838 495 900 ρον
520 813 1033 897 λεχθησομένοις
1052 809 1310 898 ἀνάγκη
1334 814 1643 899 ῥηθῆναι.

537 913 718 977 XXX.
754 912 1084 993 Τέταρτον
1100 906 1179 994 δὴ
1203 908 1440 976 λοιπὸν
1460 913 1553 975 ἔτι
1575 913 1767 994 γένος
1789 907 1944 997 ἡμῖν
1964 912 2388 998 αἰσθητικόν,

370 1003 408 1073 ὃ
431 1005 766 1074 διελέσθαι
795 1008 901 1073 δεῖ
928 1002 1138 1090 συχνὰ
1182 1007 1257 1073 έν
1285 1005 1497 1094 ἑαυτῷ
1529 1011 1923 1093 ποικίλματα
1956 1010 2388 1094 κεκτημένον,

375 1100 420 1171 ἃ
442 1104 786 1190 ξύμπαντα
811 1106 935 1190 μὲν
956 1103 1159 1192 χρόας
1181 1105 1602 1190 ἐκαλέσαμεν,
1636 1104 1857 1190 φλόγα
1889 1112 2027 1172 τῶν
2060 1104 2390 1192 σωμάτων

373 1201 673 1271 ἑκάστων
723 1197 1190 1286 ἀπορρέουσαν
1200 1250 1219 1286 ,
1284 1199 1436 1282 ὄψει
1481 1200 1818 1287 ξύμμετρα
1858 1200 2060 1287 μόρια
2103 1207 2393 1289 ἔχουσαν

374 1297 543 1385 πρὸς
590 1308 939 1384 αἴσθησιν·
986 1297 1201 1378 ὅψεως
1235 1295 1301 1364 δ’
1347 1301 1425 1366 ἐν
1459 1312 1595 1377 τοῖς
1625 1299 1930 1382 πρόσθεν
1963 1296 2193 1368 αὐτοῖν
2237 1304 2387 1387 περὶ

287 1421 330 1471 1)
370 1403 508 1464 τῶν
544 1401 772 1464 αἰτίων
805 1403 920 1483 τῆς
953 1399 1274 1481 γενέσεως
1317 1393 1507 1480 ὀλίγα
1549 1398 1822 1484 ἐρρήθη.
1887 1393 2040 1484 τῇδ’
2086 1389 2215 1465 οὖν
2251 1403 2393 1466 τῶν

371 1493 737 1581 χρωμάτων
773 1496 924 1583 πέρι
958 1494 1238 1580 μάλιστα
1272 1493 1448 1573 εἰκὸς
1481 1497 1718 1579 πρέποι
1748 1490 1813 1561 τ’
1858 1492 1947 1562 ἂν
1980 1493 2102 1563 τὸν
2136 1498 2391 1583 ἐπιεικῆ

353 1592 548 1680 ’λόγῳ
606 1596 996 1678 διεξελθεῖν,
1064 1589 1145 1659 τὰ
1180 1592 1520 1681 φερόμενα
1562 1588 1690 1659 άπό
1735 1600 1873 1660 τῶν
1921 1591 2144 1661 ἄλλων
2186 1594 2385 1680 μόρια

371 1691 773 1776 ἐμπίπτοντα
793 1716 864 1758 τε
889 1696 981 1769 εἰς
1000 1689 1124 1777 τὴν
1158 1689 1320 1772 ὄψιν
1343 1689 1422 1758 τὰ
1459 1690 1583 1777 μὲν
1616 1690 1893 1775 ἐλάττω,
1939 1690 2020 1758 τά
2057 1690 2129 1759 δὲ
2165 1697 2386 1777 μείζω,

371 1786 452 1856 τὰ
478 1785 542 1855 δ’
567 1796 677 1855 ι’σα
698 1800 832 1865 τοῖς
858 1784 1062 1875 αὐτῆς
1081 1796 1198 1875 τῆς
1219 1788 1436 1870 ὅψεως
1469 1790 1740 1874 μέρεσιν
1762 1787 1957 1856 εἶναι·
1982 1786 2064 1855 τά
2098 1787 2221 1875 μὲν
2257 1780 2389 1856 οὖν

372 1894 483 1953 ἴσα
517 1883 923 1973 ἀναίσθητα,
972 1882 1014 1953 ὂὶ
1051 1884 1131 1973 δὴ
1163 1889 1271 1954 καὶ
1309 1890 1601 1974 διαφανῆ
1625 1889 1923 1973 λέγομεν,
1971 1884 2052 1953 τὰ
2089 1887 2163 1953 δὲ
2193 1890 2388 1973 μείζω

369 1986 480 2053 καὶ
502 1984 770 2070 ἐλάττω,
792 1981 873 2051 τοὶ
889 1985 1011 2071 μὲν
1028 1991 1494 2070 συγκρίνοντα,
1518 1983 1600 2052 τά
1614 1984 1686 2053 δὲ
1700 1988 2127 2068 διακρίνοντα
2149 1983 2386 2071 αὐτήν,

370 2095 507 2160 τοῖς
529 2085 679 2168 περὶ
713 2080 838 2169 τὴν
873 2082 1089 2171 σάρκα
1132 2092 1412 2169 θερμοῖς
1439 2084 1550 2150 καὶ
1586 2095 1863 2169 ψυχροῖς
1903 2084 2014 2150 καὶ
2056 2094 2190 2160 τοῖς
2235 2084 2386 2165 περὶ

298 2196 339 2245 Ε
372 2180 496 2265 τὴν
517 2186 817 2265 γλῶτταν
839 2195 1201 2266 στρυφνοῖς
1222 2185 1333 2250 καὶ
1360 2179 1486 2250 ὅσα
1508 2178 1920 2268 θερμαντικὰ
1953 2178 2118 2249 ὄντα
2155 2183 2387 2266 δριμέα

369 2278 771 2363 ἐκαλέσαμεν
790 2274 1048 2364 ἀδελφοὶ
1069 2278 1255 2366 εἶναι,
1279 2279 1363 2347 τά
1375 2304 1446 2346 τε
1467 2276 1669 2346 λευκοὶ
1693 2276 1900 2346 καὶτὰ
1916 2280 2188 2365 μέλανα,
2215 2280 2387 2345 ἐκεί-

371 2402 513 2445 νων
535 2376 898 2463 παθήματα
918 2376 1239 2463 γεγονότα
1273 2381 1349 2445 ἐν
1375 2378 1553 2467 ἄλλῳ
1580 2380 1758 2462 γένει
1778 2373 1858 2444 τὰ
1894 2372 2096 2462 αὐτά,
2123 2401 2386 2460 φαντα-

370 2474 609 2561 ζόμενα
653 2475 725 2542 δὲ
759 2473 927 2542 ἄλλα
964 2480 1072 2544 δια
1107 2476 1352 2556 ταύτας
1382 2474 1500 2554 τὰς
1534 2481 1755 2554 αἰτίας.
1805 2472 2017 2554 οὕτως
2052 2466 2179 2542 οὖν
2212 2471 2388 2541 αὐτὰ

371 2575 815 2659 προσρητέον,
836 2573 911 2640 τὸ
931 2572 1056 2660 μὲν
1076 2571 1482 2660 διακριτικὸν
1504 2581 1619 2660 τῆς
1651 2573 1869 2654 ὅψεως
1892 2571 2158 2656 λευκόν,
2197 2568 2272 2639 τὸ
2314 2571 2386 2638 δ’

354 2672 675 2739 “έναντίον
696 2667 907 2738 αὐτοῦ
926 2676 1152 2757 μέλαν,
1176 2671 1298 2757 τὴν
1322 2670 1394 2738 δὲ
1417 2668 1739 2753 ὀξυτέραν
1759 2668 1984 2757 φοράν
2005 2674 2114 2737 καὶ
2147 2671 2394 2753 γένους

370 2765 585 2853 πυρὰς
607 2770 836 2855 ἑτέρου
858 2773 1409 2851 προσπίπτουσαν
1435 2769 1545 2835 καὶ
1572 2771 2052 2853 διακρίνουσαν
2073 2763 2197 2852 τὴν
2225 2763 2391 2846 ὄψιν

369 2866 556 2948 μέχρι
581 2871 720 2933 ταῖν
742 2863 1078 2952 ὀμμάτων,
1125 2862 1330 2943 αὐτάς
1350 2888 1421 2931 τε
1453 2872 1589 2931 τῶν
1623 2862 1999 2951 ὀφθαλμοῖν
2031 2864 2153 2943 τὰς
2175 2861 2391 2942 διεξό-

260 2975 330 3030 68
370 2965 529 3040 δους
570 2970 682 3054 βίᾳ
739 2968 1130 3032 διωθοῦσαν
1185 2967 1294 3031 καὶ
1338 2963 1707 3049 τήκουσαν,
1765 2971 1900 3050 πῦρ
1955 2961 2078 3049 μὲν
2124 2960 2392 3045 ἀθρόον

368 3063 477 3128 καὶ
497 3058 703 3147 ὕδωρ,
730 3058 769 3128 ὃ
791 3063 1090 3144 δάκρυον
1112 3068 1468 3147 καλοῦμεν,
1488 3062 1751 3128 ἐκεὺθεν
1771 3062 2148 3145 έκχέουσαν,
2173 3055 2392 3143 αὐτὴο

368 3158 439 3226 δὲ
474 3150 687 3227 οὖσαν
720 3165 857 3246 πῦρ
902 3163 967 3240 ἐξ
1012 3162 1314 3238 ἐναντίας
1345 3155 1767 3243 ἀπαντῶσαν,
1817 3160 1927 3226 καὶ
1962 3165 2086 3225 τοῦ
2122 3155 2244 3244 μὲν
2275 3157 2393 3222 έκ-

368 3259 712 3341 πηδῶντος
731 3254 945 3340 πυρὰς
967 3252 1113 3325 οἷον
1134 3254 1253 3324 ἀπ’
1276 3253 1634 3343 ἀστραπῆς,
1672 3263 1797 3323 τοῦ
1830 3255 1895 3324 δ’
1921 3253 2241 3332 εἰσιόντος
2274 3256 2392 3320 καὶ

366 3354 516 3436 περὶ
541 3349 614 3418 τό
641 3353 916 3441 νοτερὸν
938 3357 1584 3442 κατασβεννυμένου,
1602 3358 2045 3421 παντοδαπῶν
2064 3355 2137 3419 έν
2156 3358 2237 3439 τῇ
2261 3375 2384 3418 κυ-

367 3446 554 3533 κήσει
575 3448 779 3537 ταύτῃ
813 3453 1227 3537 γιγνομένων
1257 3452 1643 3540 χρωμάτων,
1680 3446 2116 3538 μαρμαρυγὰς
2149 3447 2272 3535 μὲν
2308 3445 2386 3514 τὰ
