2602 3928
347 219 473 284 162
652 184 657 189 ’
1082 221 1654 281 ΠΛΑΤΩΝΟΣ

351 388 564 469 ζητεῖν
583 406 655 448 τε
673 382 786 450 ’καὶ
807 378 1309 465 ἀποδεικνύναι,
1333 387 1401 448 τί
1416 405 1574 448 ποτε
1597 388 1730 449 νῦν
1742 390 1963 461 κακῶς
1985 386 2059 449 ἐν
2074 394 2214 460 ταῖς
2236 380 2356 448 πό-

354 486 495 547 λεσι
522 480 896 564 πράττεται,
922 475 1014 545 δι’
1055 475 1093 546 ὅ
1135 474 1256 563 οὐχ
1284 476 1500 556 οὕτως
1521 483 1884 563 οἰκοῦνται,
1920 481 2030 547 καὶ
2064 485 2244 556 τίνος
2278 472 2367 545 ἄν

352 576 793 664 σμικροτάτου
825 576 1310 664 μεταβαλόντος
1342 580 1534 644 ἔλθοι
1568 582 1660 655 εἰς
1689 585 1931 644 τοῦτον
1968 574 2091 643 τὸν
2111 577 2366 662 τρόπον
2422 582 2425 583 ’

350 683 464 762 τῆς
486 681 814 754 πολιτείας
836 675 1043 759 πόλις,
1068 673 1349 760 μάλιστα
1371 675 1494 759 μὲν
1516 674 1687 759 ἑνός,
1713 680 1775 742 εί
1803 674 1876 743 δὲ
1909 673 2025 761 μή,
2057 678 2270 760 δυοῖν,
2309 678 2369 741 εἰ

355 775 428 841 δὲ
449 773 563 859 μή,
589 769 629 840 ὅ
649 798 713 839 τι
735 768 1090 858 όλιγίστων
1124 770 1247 838 τὸν
1278 769 1578 857 ἀριθμὸν
1610 774 1719 840 καὶ
1753 771 2210 857 σμικροτάτων
2241 769 2365 856 τὴν
2476 789 2500 804 ·

279 878 319 928 C
360 873 666 958 δύναμιν.
716 870 1109 939 Παντάπασι
1132 870 1256 957 μὲν
1278 864 1427 957 οὖν,
1463 877 1609 957 ἔφη.
1648 868 1834 950 Ἐνὸς
1855 870 1979 957 μὲν
1997 877 2249 955 τοίνυν,
2278 862 2366 956 ἦν

355 967 418 1037 δ’
444 969 593 1055 ἐγώ,
618 969 1101 1056 μεταβαλόντος
1123 973 1456 1053 δοκοῦμέν
1477 995 1591 1054 μοι
1611 974 1783 1054 ἔχειν
1804 973 2008 1049 δεῖξαι
2028 967 2134 1037 ὅτι
2164 993 2370 1054 μετα·

354 1072 544 1136 πέσοι
562 1065 669 1152 ἄν,
693 1065 777 1134 ού
798 1070 923 1153 μέν
943 1093 1047 1151 τοι
1068 1075 1356 1154 σμικροῦ
1371 1093 1448 1150 γε
1480 1065 1638 1135 οὐδὲ
1658 1070 1918 1156 ῥᾳδίου,
1952 1073 2253 1134 δυνατοῦ
2273 1068 2351 1135 δέ

360 1172 585 1245 Τίνος;
628 1171 775 1251 ἔφη.
816 1162 956 1233 Ἐπ’
983 1163 1144 1234 αὐτὸ
1177 1166 1281 1252 δή,
1319 1157 1407 1252 ἦν
1440 1164 1508 1232 δ’
1549 1164 1698 1251 ἐγω’,
1724 1164 1871 1252 εἶμι,
1908 1163 1944 1233 ὃ
1968 1172 2060 1256 τῷ
2083 1174 2366 1254 μεγίστω

355 1261 826 1350 προεικάζομεν
847 1263 1117 1349 κύματι·
1163 1263 1490 1351 εἰρήσεται
1511 1260 1581 1329 δ’
1605 1256 1751 1349 οὖν,
1790 1268 1850 1332 εἰ
1880 1265 1991 1331 καὶ
2010 1267 2230 1349 μέλλει
2252 1266 2368 1350 γε’·
2414 1266 2417 1267 ’

356 1366 522 1427 λωτί
543 1386 615 1427 τε
654 1356 941 1446 ἀτεχνῶς
976 1359 1198 1446 ὥσπερ
1232 1370 1412 1448 κῦμα
1447 1364 1736 1446 ἐκγελῶν
1768 1363 1877 1430 καὶ
1911 1360 2142 1450 ἀδοξίᾳ
2162 1387 2369 1430 κατα-

355 1458 647 1525 κλύσειν.
695 1459 929 1527 σκόπει
950 1454 1023 1527 δὲ
1059 1456 1099 1527 ὃ
1131 1465 1347 1547 με’λλω
1378 1461 1609 1544 λέγειν.
1657 1466 1846 1545 Λέγε,
1884 1464 2028 1547 ἐφη.
2069 1454 2222 1528 Ἐὰν
2253 1458 2367 1545 μή,

280 1565 322 1613 D
357 1549 444 1643 ἦν
481 1554 546 1623 δ’
586 1556 735 1642 ἐγώ,
768 1552 814 1643 ἦ
849 1562 917 1626 οἰ
947 1560 1310 1645 φιλόσοφοι
1334 1558 1818 1645 βασιλεύσωσιν
1838 1559 1913 1625 ἐν
1934 1573 2072 1637 ταῖς
2093 1557 2369 1626 πόλεσιν

355 1648 400 1739 ἢ
424 1657 495 1722 οἱ
508 1660 796 1741 βασιλεῖς
828 1680 897 1722 τε
939 1661 1072 1722 νῦν
1103 1656 1450 1742 λεγόμενοι
1484 1656 1595 1723 καὶ
1635 1655 1958 1722 δυνάσται
1990 1653 2368 1741 φιλοσοφή-

357 1772 521 1819 σωσι
542 1760 827 1839 γνησίως
846 1778 918 1819 τε
938 1754 1051 1821 καὶ
1073 1757 1318 1831 ἱκανοῖς
1339 1755 1450 1820 καὶ
1467 1760 1667 1819 τοῦτο
1688 1756 1777 1830 είς
1790 1748 2038 1819 ταύτὸν
2051 1757 2368 1840 ξυμπέσῃ,

358 1850 639 1936 δύναμίς
658 1875 728 1916 τε
753 1847 1052 1935 πολιτικὴ
1091 1854 1201 1917 καὶ
1233 1857 1616 1935 φιλοσοφία,
1650 1857 1787 1916 τῶν
1822 1851 1893 1916 δὲ
1926 1857 2059 1917 νῦν
2081 1874 2368 1934 πορευο-

222 1967 231 1976 ·
357 1953 580 2036 μένων
621 1949 816 2033 χωρὶς
849 1946 959 2033 ἐφ’
1002 1948 1318 2033 ἑκάτερον
1348 1952 1424 2018 αἱ
1450 1949 1686 2016 πολλαὶ
1720 1946 1959 2033 φύσεις
1984 1952 2048 2028 ἐξ
2074 1946 2373 2033 ἀνάγκης

357 2043 915 2128 ἀποκλεισθῶσιν,
940 2041 1065 2113 οὐκ
1087 2050 1225 2113 ἔστι
1243 2054 1472 2114 κακῶν
1493 2054 1734 2126 παῦλα,
1773 2036 1828 2114 ὦ
1849 2052 1998 2132 φίλε
2018 2044 2366 2131 Γλαύκων,

359 2155 497 2220 ταῖς
525 2135 775 2225 πόλεσι,
800 2144 979 2208 δοκῶ
1001 2138 1065 2207 δ’
1093 2138 1248 2211 οὐδὲ
1267 2149 1361 2233 τῷ
1387 2142 1793 2230 ἀνθρωπίνῳ
1813 2145 2010 2227 γένει,
2026 2140 2183 2210 οὐδὲ
2196 2140 2369 2229 αὕτη

237 2237 246 2242 ’
280 2257 321 2305 Ε
364 2237 406 2327 ἡ
439 2245 729 2307 πολιτεία
749 2237 840 2327 μη’
871 2266 1028 2309 ποτε
1050 2239 1380 2324 πρότερον
1415 2248 1556 2329 φυῇ
1590 2267 1659 2309 τε
1694 2246 1784 2320 εἰς
1815 2237 1891 2308 τὸ
1932 2238 2223 2308 δυνατὸν
2256 2241 2365 2308 καὶ

360 2345 504 2423 φῶς
524 2333 719 2423 ἡλίου
753 2342 883 2426 ἴδῃ,
918 2335 1003 2424 ἢν
1035 2347 1166 2407 νῦν
1196 2340 1375 2431 λόγῳ
1411 2337 1916 2425 διεληλύθαμεν.
1965 2334 2132 2406 ἀλλά
2166 2337 2367 2406 τοῦτό

359 2438 559 2518 ἐστιν,
600 2431 640 2502 ὃ
683 2438 826 2521 ἐμοὶ
869 2435 1073 2504 πάλαι
1114 2436 1322 2506 ὄκνον
1362 2442 1662 2524 ἐντίθησι
1710 2440 1947 2522 λέγειν,
1987 2433 2234 2524 ὁρῶντι
2279 2436 2370 2516 ὥς

362 2529 537 2601 πολὺ
559 2530 738 2619 παρὰ
761 2532 965 2615 δόξαν
987 2536 1355 2624 ῥηθήσεται
1369 2560 1383 2574 ·
1425 2531 1715 2620 χαλεπὸν
1735 2534 1863 2622 γὰρ
1887 2539 2074 2620 ἰδεῖν,
2106 2533 2207 2603 ὅτι
2241 2533 2369 2604 οὐκ

359 2629 447 2702 ἀν
480 2629 647 2719 ἄλλῃ
669 2657 766 2711 τις
798 2630 1340 2721 εὐδαιμονήσειεν
1372 2632 1525 2702 οὔτε
1547 2639 1680 2721 ἰδίᾳ
1716 2630 1868 2701 οὔτε
1891 2637 2190 2722 δημοσίᾳ.
2256 2637 2367 2702 καὶ

361 2729 456 2814 ὅς,
483 2722 957 2816 ὮΣῶκρατες,
992 2737 1142 2818 ἔφη,
1178 2738 1489 2801 τοιοῦτον
1521 2733 1916 2819 ἐκβέβληκας
1944 2731 2121 2819 ῥῆμά
2154 2758 2226 2799 τε
2257 2734 2369 2800 καὶ

362 2825 586 2916 λόγον,
631 2824 714 2897 ὃν
758 2827 962 2897 εἰπών
994 2825 1166 2914 ἡγοῦ
1208 2832 1314 2899 ἐπὶ
1360 2829 1433 2897 σὲ
1475 2829 1659 2897 πάνυ
1701 2827 1990 2907 πολλούς
2031 2855 2103 2896 τε
2139 2832 2248 2897 καὶ
2283 2826 2370 2897 οῦ

227 2944 330 3000 474
363 2927 666 3012 φαύλους
689 2934 822 2995 νῦν
843 2926 1056 3005 οὕτως
1079 2922 1222 2996 οἷον
1243 2931 1564 3015 ῥίψαντας
1583 2924 1665 2995 τὰ
1686 2927 1907 3013 ἱμάτια
1919 2928 2240 3013 γυμνούς,
2257 2935 2366 2995 λα-

362 3023 607 3109 βόντας
629 3023 669 3091 ὅ
691 3050 753 3091 τι
775 3024 1025 3114 ἑκάστω
1050 3027 1417 3113 παρέτυχεν
1441 3022 1670 3112 ὅπλον,
1696 3035 1851 3093 θεῖν
1864 3027 2375 3114 διατεταμένους

368 3122 455 3204 ὡς
489 3123 834 3209 θαυμάσια
872 3126 1386 3210 ἐργασομένους·
1432 3119 1552 3203 οὓς
1590 3129 1652 3192 εἰ
1682 3120 1771 3210 μὴ
1805 3120 2053 3209 ἀμυνεῖ
2064 3132 2155 3214 τῷ
2189 3123 2368 3212 λόγῳ

365 3224 474 3290 καὶ
496 3220 819 3307 ἐκφεύξει,
860 3229 956 3312 τῷ
978 3220 1123 3291 ὄντι
1148 3220 1611 3307 τωθαζόμενος
1640 3220 1873 3298 δώσεις
1903 3225 2114 3308 δίκην.
2184 3218 2370 3289 Οὐκ-

366 3328 493 3388 οῦν
510 3319 599 3386 σύ
618 3347 751 3407 μοι,
771 3313 860 3408 ἦν
884 3319 947 3389 δ’
973 3319 1126 3407 ἐγώ,
1149 3321 1407 3388 τούτων
1430 3327 1665 3401 αἰτιοςς
1697 3324 1933 3397 Καλῶς
1953 3315 2043 3404 γ’,
2067 3324 2216 3407 ἔφη,
2241 3320 2371 3404 ἐγω

368 3426 610 3486 ποιῶν·
662 3415 831 3488 ἀλλά
864 3423 973 3488 τοί
999 3438 1070 3486 σε
1109 3414 1193 3485 ού
1221 3415 1570 3504 προδώσω,
1594 3412 1741 3485 ἀλλ’
1785 3413 2018 3502 ἀμυνῶ
2042 3411 2139 3496 οἷς
2163 3415 2373 3484 δύναψ
