2602 3928
906 210 1577 276 HOAITEIAZoe'.
2191 213 2228 277 7

218 375 614 447 ἀποδιδόναι
634 375 899 445 δίκαιόν
923 379 1058 444 ἐστι
1074 404 1087 416 ·
1112 384 1312 444 τοῦτο
1331 380 1544 460 λέγων
1564 379 1748 442 δοκεῖ
1768 380 1986 460 ἔμοιγε
2010 384 2230 458 καλῶς

216 478 451 559 λέγειν.
506 470 698 541 Ἀλλά
719 475 981 558 μέντοι,
1015 466 1103 560 ἦν
1125 472 1189 541 δ’
1229 473 1358 559 ἐγώ
1371 523 1392 557 ,
1429 476 1771 558 Σιμωνίδῃ
1791 498 1869 558 γε
1886 471 1970 540 οὐ
1990 474 2227 563 ῥᾴδιον

216 570 545 643 ἀπιστεῖν·
592 570 802 656 σοφὸς
834 571 964 656 γὰρ
996 574 1107 639 καὶ
1140 583 1328 650 θεῖος
1361 567 1534 657 ἀνήρ
1554 595 1567 607 ·
1612 577 1808 638 τοῦτο
1844 573 2067 656 μέντοι
2103 570 2144 639 ὅ
2165 579 2233 640 τί

219 694 377 737 ποτε
400 674 608 754 λέγει,
632 668 719 736 σύ
740 675 894 755 μέν,
932 662 988 737 ὦ
999 673 1414 755 Πολέμαρχε,
1451 679 1608 746 ἴσως
1641 669 2061 754 γιγνώσκεις,
2098 673 2224 755 ἐγω

219 767 294 835 δὲ
315 765 555 852 α’γνοῶ.
606 771 813 852 δῆλον
846 764 974 851 γὰρ
999 764 1103 834 ὅτι
1133 765 1216 832 οὐ
1238 773 1436 834 τοῦτο
1470 768 1676 850 λέγει,
1713 764 1879 848 ὅπερ
1913 765 2064 849 ἄρτι
2085 770 2227 835 έλέ-

219 889 461 948 γομεν,
497 864 572 930 τό
606 889 786 942 τινος
820 866 1461 950 παρακαταθεμένου
1478 890 1541 929 τι
1562 860 1820 951 ὁτῳοῦν
1839 863 1928 950 μὴ
1953 862 2226 949 σωφρό-

216 987 350 1039 νως
378 958 770 1028 ἀπαιτοῦντι
801 958 1222 1029 ἀποδιδόναι·
1265 969 1480 1029 καίτοι
1511 987 1587 1046 γε
1620 959 2058 1047 ὀφειλόμενόν
2088 960 2222 1029 πού
2259 983 2364 1039 332

218 1061 356 1124 ἐστι
376 1065 608 1140 τοῦτο,
643 1053 681 1123 ὂ
701 1063 1224 1141 παρακατέθετο·
1260 1052 1485 1145 ἦγάρ;
1521 1066 1676 1126 Ναί.
1739 1056 2129 1127 Ἀποδοτέον
2151 1063 2226 1126 δέ

215 1181 291 1239 γε
328 1153 478 1222 οὐδ’
520 1153 899 1223 ὁπωστιοῦν
922 1156 1106 1241 τότε,
1143 1154 1345 1225 ὁπότε
1372 1183 1470 1235 τις
1502 1158 1590 1243 μὴ
1625 1158 1992 1243 σωφρόνως
2020 1155 2221 1224 ἀπαι-

217 1267 348 1331 τοῖ;
384 1250 664 1338 Ἀληθῆ,
696 1245 739 1338 ἦ
764 1249 827 1321 δ’
857 1252 949 1332 ὅς.
979 1252 1177 1322 Ἄλλο
1201 1255 1286 1339 δή
1307 1281 1369 1321 τι
1389 1250 1432 1341 ἦ
1453 1252 1525 1321 vd
1549 1262 1888 1340 τοιοῦτον,
1913 1252 1999 1333 ὡς
2024 1260 2218 1341 ἔοικε,

216 1353 389 1435 λέγει
424 1355 802 1437 Σιμωνίδης
837 1349 912 1419 τὸ
948 1350 1029 1418 τὰ
1066 1349 1463 1438 ὀφειλόμενα
1497 1357 1755 1421 δίκαιον
1791 1351 1959 1422 εἶναι
1981 1352 2221 1422 ἀποδι-

217 1452 427 1518 δόναι.
475 1450 669 1518 ’Άλλο
703 1455 926 1535 μέντοι
959 1451 1043 1537 νὴ
1067 1451 1186 1521 Δί’
1203 1504 1221 1537 ,
1267 1460 1394 1539 ἔφη
1411 1480 1424 1493 ·
1469 1467 1602 1532 τοῖς
1623 1450 1755 1538 γὰρ
1777 1460 1995 1539 φίλοις
2015 1465 2221 1524 οἴεται

215 1545 511 1631 ὀφείλειν
544 1545 704 1626 τοῦς
739 1556 976 1634 φίλους
1008 1549 1275 1635 ’ἀγαθὸν
1309 1554 1434 1638 μέν
1452 1578 1515 1617 τι
1534 1554 1735 1639 δρᾷν,
1768 1552 1979 1620 κακὰν
1998 1554 2072 1621 δὲ
2092 1581 2221 1639 μη-

216 1649 350 1713 δέν.
396 1647 790 1731 Μανθάνω,
826 1640 913 1733 ἦν
934 1647 997 1716 δ’
1026 1649 1153 1733 ἐγώ
1172 1676 1185 1687 ·
1211 1646 1312 1716 ὅτι
1336 1646 1418 1716 οὐ
1441 1646 1520 1715 τὰ
1554 1647 1949 1734 ὀφειλόμενα
1979 1649 2221 1719 ἀποδί-

217 1741 528 1829 δωσιν,“
488 1770 562 1823 ος
596 1744 685 1812 α’ν
703 1772 793 1812 τω
815 1753 1092 1832 χρυσίον
1124 1745 1354 1832 ἀποδω
1383 1751 2027 1837 παρακαταθεμένω,
2065 1749 2220 1816 ἐαν-
2246 1759 2287 1809 Β

213 1866 339 1928 περ
373 1839 418 1928 ἡ
439 1840 756 1922 ἀπόδοσις
789 1846 898 1911 καὶ
937 1840 973 1929 ἡ
1009 1852 1203 1928 λῆψις
1240 1841 1531 1930 βλαβερα
1565 1851 1899 1930 γίγνηται,
1934 1851 2116 1931 φίλοι
2146 1846 2219 1914 δε

213 1931 379 2008 ωσιν
410 1939 450 2008 ὅ
483 1968 552 2009 τε
586 1939 1081 2030 ἄπολαμβανων
1118 1939 1287 2012 xal‘
1259 1970 1295 2011 ο
1335 1938 1728 2021 αποδιδούς·
1767 1940 1889 2029 οὐχ
1911 1941 2087 2011 οὕτω
2110 1946 2219 2012 λέ-

213 2065 360 2124 γειν
394 2039 524 2126 φῂς
556 2038 679 2108 τὸν
696 2046 1118 2128 Σιμωνίδην;
1154 2042 1354 2110 Πάνυ
1377 2043 1499 2125 μὲν
1519 2065 1663 2107 ουν.
1715 2047 1800 2108 Τί
1815 2045 1917 2118 δέ;
1954 2055 2089 2120 τοῖς
2112 2041 2219 2126 ἐχ-

213 2146 407 2219 θροῖς
435 2135 906 2223 ἄποδοτέον,”
867 2165 902 2205 ο
927 2165 990 2206 τι
1026 2135 1114 2206 α“ν
1134 2139 1301 2227 τύχῃ
1324 2136 1789 2224 όφ·ειλόμενον;
1822 2140 2219 2207 Παντάπασι

215 2239 340 2319 μὲν
374 2228 532 2320 οὖν,
583 2241 746 2323 ἔφη,
789 2236 828 2302 ὅ
860 2262 935 2321 γε
972 2233 1305 2323 ὀφείλεται
1343 2235 1594 2314 αὐτοῖς·
1642 2234 1972 2321 ὀφείλεται
2016 2240 2095 2306 δέ
2119 2264 2217 2324 γε,

216 2330 396 2417 οἶμαι
412 2383 429 2415 ,
453 2334 634 2417 παρά
653 2360 729 2419 γε
754 2343 876 2401 τοῦ
899 2338 1149 2420 ἐχθροῦ
1170 2343 1264 2425 τῷ
1285 2338 1537 2424 ἐχθρῷ,
1555 2332 1720 2418 ὅπερ
1744 2339 1855 2403 καὶ
1876 2336 2217 2421 προσήκει,

208 2456 420 2498 κακον
441 2457 520 2497 τι.

384 2533 508 2598 VII.
548 2525 871 2609 Ἠινίξατο
895 2529 1058 2617 ἄρα,
1088 2521 1176 2617 ἦν
1199 2528 1266 2597 δ’
1291 2531 1420 2615 ἐγώ
1437 2580 1456 2614 ,
1480 2527 1567 2609 ὡς
1589 2536 1803 2598 ἔοικεν
1818 2582 1835 2613 ,
1861 2528 1897 2598 ὁ
1920 2538 2220 2615 Σιμωνί-
2247 2549 2285 2600 c

210 2629 330 2710 δης
361 2634 714 2712 ποιητικοῖς
747 2626 820 2696 τὸ
858 2632 1115 2696 δίκαιον
1150 2625 1189 2695 δ’
1225 2637 1345 2712 εἴη.
1403 2633 1716 2697 διενοεῖτο
1748 2628 1870 2713 μὲν
1919 2627 2083 2714 γάρ,
2135 2625 2223 2707 ὥς

210 2730 546 2809 φαίνεται,
591 2724 694 2792 ὅτι
734 2724 918 2792 τοῦτ’
972 2735 1075 2812 εἴη
1113 2731 1405 2811 δίκαιον,
1452 2723 1528 2792 τὰ
1564 2733 1909 2812 προσῆκον
1963 2726 2217 2815 ἑκάστω

211 2818 643 2902 ἀποδιδόναι,
676 2830 874 2890 τοῦτο
913 2824 985 2891 δὲ
1022 2821 1370 2908 ὠνόμασεν
1409 2820 1865 2909 ὀφειλόμενον.
1926 2820 2120 2891 Ἀλλά
2155 2829 2225 2890 τί

213 2928 366 2998 οἴει;
408 2924 554 3005 ἔφη.
618 2911 699 2986 Ὦ
737 2917 901 3002 πρὸς
941 2921 1140 3006 Διός,
1191 2915 1280 3006 ἦν
1313 2920 1378 2988 δ’
1420 2920 1583 3006 ἐγώ,
1627 2926 1687 2988 εἰ
1719 2913 1845 2987 οιῖν
1877 2947 1976 3000 τις
2010 2918 2218 2988 αὐτὸν

208 3014 434 3101 ἤρετο·
475 3007 529 3083 ὦ
559 3023 935 3103 Σιμωνίδη,
971 3017 1012 3103 ἡ
1049 3027 1220 3086 τίσιν
1255 3012 1382 3087 οὖν
1417 3027 1482 3087 τί
1512 3016 1925 3087 ἀποδιδοῦσα
1947 3016 2220 3105 ὀφειλό-

211 3138 417 3197 μενον
464 3117 576 3182 καὶ
619 3123 961 3200 προσῆκον
1001 3117 1192 3202 τέχνη
1235 3115 1489 3203 ἰατρικὴ
1530 3125 1850 3196 καλεῖταις
1895 3123 1963 3184 τί
1981 3112 2068 3184 ἂν
2096 3127 2219 3186 οἴει

210 3206 368 3295 ἡμῖν
410 3208 617 3277 αὐτὸν
655 3210 1181 3300 ἄποκρίνασθαι;
1228 3220 1458 3299 Δῆλον
1492 3213 1627 3297 ὅτι,
1679 3220 1843 3301 ἔφη,
1885 3212 1929 3302 ἡ
1962 3215 2220 3302 σώμασι

210 3307 532 3393 φάρμακά
563 3335 634 3376 τε
667 3311 776 3377 καὶ
803 3319 973 3377 σιτία
996 3314 1104 3378 καὶ
1141 3311 1329 3378 ποτά.
1374 3308 1458 3379 Ἡ
1479 3315 1549 3380 δὲ
1569 3319 1695 3381 τίσι
1723 3320 1793 3380 τί
1805 3310 2218 3381 ἀποδιδοῦσα

207 3401 651 3486 ὀφειλόμενον
676 3412 786 3475 καὶ
817 3418 1164 3492 προσῆκον
1187 3414 1379 3495 τέχνη
1406 3411 1751 3496 μαγειρικὴ
1779 3421 2099 3482 neocastren:
2153 3417 2218 3478 H
