2602 3928
351 225 479 289 214
1092 225 1667 285 ΠΛΑΤΩΝΟΣ

353 394 528 473 σίαν,
554 385 777 472 ῶσπερ
805 385 908 452 ἐπὶ
930 392 1051 452 τοῦ
1084 384 1419 453 δακτύλου
1442 387 1780 470 ἐλέγομεν·
1826 390 1888 453 εί
1919 380 1983 453 δ’
2021 380 2130 452 άεί
2157 410 2218 451 τι
2246 386 2374 451 0115-

350 492 448 576 τῶ
469 485 606 572 ἅμα
641 481 876 568 ὁρᾶται
909 486 1309 600 ἐναντίωμαῖ
1342 481 1510 551 ῶστε
1544 482 1754 570 μηδὲν
1784 489 2042 570 μᾶλλον
2077 476 2228 550 ἓν’“
2182 508 2224 568 η
2261 484 2375 549 καὶ

355 579 757 651 τούναντίον
779 587 1161 667 φαίνεσθαι,
1185 586 1309 647 τοῦ
1333 583 1833 663 ἐπικρινοῦντος
1854 577 1951 666 δὴ·
1973 573 2179 649 δέοι“
2135 606 2221 661 αν
2240 576 2370 666 ἤδη

357 683 469 749 καὶ
489 678 911 765 ἀναγκάζοιτ’
937 705 1024 746 αν
1047 681 1118 746 ἐν
1141 675 1324 767 αὐτῷ
1348 675 1524 764 ψυχὴ
1549 674 1826 764 άπορεῖν
1847 680 1961 746 καὶ
1993 683 2371 765 ζητεῖν,κι-

352 784 568 845 νοῦσα
586 779 718 845 ἐν
685 783 887 864 εαυτῇ
908 773 1033 862 τὴν
1053 780 1343 857 ἔννοιαν,
1366 777 1478 843 καὶ
1510 772 1877 864 άνερωτᾷν,
1909 784 1976 843 τί
2003 770 2154 843 ποτ’
2191 774 2370 843 ἐστὶν

212 898 317 953 525
357 872 519 943 αὐτὸ
543 875 616 942 τὸ
641 876 736 957 ἕν,
759 874 869 941 καὶ
881 870 1057 942 οὕτω
1077 881 1213 941 τῶν
1236 871 1522 959 ἀγωγῶν
1542 868 1629 942 ἂν
1649 883 1751 960 εἴη
1773 876 1882 943 καὶ
1901 894 2371 960 μεταστρεπτι-

362 981 506 1043 κῶν
527 975 631 1040 ἐπὶ
653 970 778 1060 τὴν
800 977 922 1040 τοῦ
945 970 1140 1052 ὄντος
1160 974 1332 1041 θέαν
1352 968 1394 1058 ἡ
1417 973 1568 1058 περὶ
1599 970 1673 1040 τὸ
1707 974 1784 1040 ἓν
1810 972 2123 1059 μάθησις.
2172 968 2369 1040 ’Λλλὰ

359 1072 604 1156 μέντοι,
629 1075 779 1155 ἔφη,
805 1069 1006 1139 τοῦτό
1026 1067 1091 1155 γ’
1123 1077 1253 1155 ἔχει
1273 1065 1397 1155 οὐχ
1415 1066 1710 1156 ἥκισταὴ
1733 1065 1976 1153 περὶτὰ
2001 1066 2166 1138 αύτό
2189 1067 2370 1150 ὄψις·

357 1164 494 1254 ἅμα
512 1168 642 1254 γὰρ
663 1166 912 1237 ταύτὸν
937 1164 1023 1247 ὡς
1043 1170 1118 1237 ἕν
1150 1194 1219 1236 τε
1256 1166 1523 1254 ὁρῶμεν
1552 1170 1665 1237 καὶ
1698 1164 1788 1247 ῶς
1823 1167 2062 1253 ἄπειρα
2094 1164 2170 1235 τὰ
2198 1174 2372 1253 πλῆ-

357 1275 500 1345 θος.
549 1263 826 1334 Οὐκοῦν
848 1275 1032 1353 εἴπερ
1052 1264 1126 1335 τὰ
1151 1268 1248 1352 ἕν,
1273 1257 1361 1353 ἦν
1385 1263 1449 1333 δ’
1485 1266 1638 1353 ἐγώ,
1672 1268 1783 1335 καὶ
1806 1266 2064 1355 ξύμπας
2084 1262 2374 1352 ἀριθμὸς

354 1361 606 1432 ταύτὸν
625 1366 926 1433 πέπονθε
946 1365 1193 1456 τούτῳς
1231 1372 1392 1444 Πῶς
1412 1362 1477 1432 δ’
1503 1364 1620 1446 οὕς
1658 1362 1852 1434 Ἀλλὰ
1873 1363 2011 1453 μὴν
2032 1363 2369 1452 λογιστική

354 1491 423 1531 τε
447 1466 556 1531 καὶ
578 1461 980 1551 ἀριθμητικὴ
1004 1467 1154 1551 περὶ
1175 1460 1473 1550 άρνθμόν
1505 1471 1703 1531 πᾶσα.
1748 1465 1879 1533 Καὶ
1901 1465 2095 1552 μάλα.
2145 1471 2369 1533 Ταῦτα

274 1594 315 1644 B
354 1566 432 1630 δέ
443 1588 522 1648 γε
543 1569 849 1648 φαίνεται
869 1560 1099 1650 άγωγά
1122 1560 1288 1649 πρὸς
1310 1560 1652 1650 ἀλήθειαν.
1671 1558 2057 1650 Ὑπερφυῶς
2077 1564 2199 1650 μὲν
2221 1554 2363 1630 οὖν.

341 1652 466 1729 Ὧν
487 1666 811 1749 ζητοῦμεν
832 1661 983 1750 ἄρα,
1009 1659 1096 1741 ὡς
1114 1667 1308 1748 ἔοικε,
1332 1660 1749 1748 μαθημάτων
1769 1657 1857 1731 ἂν
1880 1672 1980 1750 εἴη
1998 1689 2012 1702 ·
2039 1668 2371 1752 πολεμικῷ

350 1763 475 1846 μὲν
508 1761 636 1847 γὰρ
681 1758 789 1829 διὰ
830 1757 946 1839 τὰς
986 1760 1195 1841 τάξεις
1230 1757 1599 1845 ἀναγκαῖον
1634 1769 1882 1847 μαθεῖν
1915 1767 2144 1842 ταῦτα,
2169 1767 2358 1845 φιλο-

352 1856 545 1948 σόφῳ
569 1858 644 1926 δὲ
673 1858 781 1926 διά
805 1857 878 1927 τό
902 1867 1018 1944 τῆς
1040 1856 1271 1938 οὐσίας
1293 1856 1540 1927 ἁπτέον
1577 1857 1746 1928 εἶναι
1777 1861 2098 1944 γενέσεως
2129 1862 2356 1940 ἐξανα-

353 1958 567 2043 δύντι,
592 1985 634 2043 η
602 1956 984 2044 Ἢμηδέποτε
1015 1966 1369 2048 λογιστικῶ
1397 1961 1732 2045 γενέσθαι.
1761 1957 1941 2028 ’Ἐστι
1970 1953 2185 2042 ταῦτ’,
2221 1962 2365 2044 ἔφη.

343 2051 415 2120 Ὁ
440 2056 517 2121 δέ
531 2078 608 2137 γε
627 2049 941 2139 ἡμέτερος
962 2054 1182 2140 φύλαξ
1203 2056 1561 2141 πολεμικός
1579 2083 1650 2125 τε
1682 2059 1793 2125 καὶ
1814 2056 2185 2143 φιλόσοφος
2203 2082 2366 2142 τυγ-

346 2151 536 2237 χάνει
581 2149 696 2219 ῶν.
751 2157 836 2219 Τί
868 2152 1032 2239 μήν;
1074 2158 1434 2241 Προσῆκον
1468 2153 1548 2241 δὴ
1587 2152 1662 2222 τό
1703 2156 1984 2274 μάθημα
2024 2182 2113 2224 αν
2153 2165 2366 2242 εἴη,ω

352 2247 701 2335 Γλαύκων,
724 2258 1173 2338 νομοθετῆσαι
1193 2255 1306 2322 καὶ
1327 2259 1590 2320 πείθειν
1610 2251 1770 2332 τούς
1791 2257 2151 2340 μέλλοντας
2183 2257 2256 2322 ἐν
2287 2275 2366 2340 τῃ

274 2386 312 2437 0
352 2349 542 2416 πόλει
551 2355 688 2416 τῶν
698 2356 1027 2436 μεγίστων
1037 2353 1362 2438 μεθέξειν,
1378 2354 1482 2419 ἐπὶ
1495 2350 1876 2438 λογιστικὴν
1889 2355 2056 2422 ἰέναι
2067 2353 2178 2420 καὶ
2190 2349 2368 2420 ἄνθ-

351 2449 684 2517 άπτεσθαι
725 2448 929 2536 αὐτῆς
972 2449 1060 2538 μὴ
1099 2456 1463 2537 ἰδιωτικῶς,
1489 2448 1636 2520 ἀλλ’
1675 2453 1799 2529 ἕως
1824 2447 1914 2519 ἂν
1932 2453 2040 2519 ἐπὶ
2059 2453 2232 2520 θέαν
2253 2456 2369 2535 τῆς

348 2554 488 2615 τῶν
529 2545 841 2633 άριθμῶν
877 2550 1144 2635 φύσεως
1189 2547 1564 2637 ἀφίκωνται
1602 2556 1683 2637 τῇ
1728 2548 1957 2637 νοήσει
2005 2546 2192 2636 αὐτῇ,
2238 2545 2368 2617 ούκ

350 2642 527 2731 ῶνῆς
549 2643 709 2714 οὐδὲ
729 2646 1034 2730 πράσεως
1050 2649 1250 2734 χάριν
1274 2647 1366 2728 ὡς
1386 2648 1720 2735 ἐμπόρους
1738 2644 1784 2735 ἢ
1810 2647 2152 2735 καπήλους
2172 2654 2368 2734 μελε·
2424 2685 2451 2702 ·

345 2751 619 2833 τῶντας,
645 2741 796 2813 ἀλλ’
829 2746 1023 2814 ἕνεκα
1045 2751 1341 2833 πολέμου
1361 2773 1433 2816 τε
1465 2749 1578 2815 καὶ
1613 2746 1818 2833 αὐτῆς
1845 2753 1962 2832 τῆς
1993 2755 2206 2834 ψυχῆς
2238 2748 2367 2833 ρᾳ-

347 2842 606 2930 στῶνης
625 2868 694 2911 τε
716 2854 1174 2934 μεταστροφῆς
1195 2843 1326 2912 άπὸ
1350 2849 1669 2931 γενέσεως
1690 2842 1795 2911 ἐπ’
1817 2841 2144 2931 ἀλήθειάν
2162 2869 2233 2912 τε
2255 2845 2367 2911 καὶ

349 2938 605 3008 οὐσίαν.
652 2941 998 3028 Κάλλιστ’,
1024 2948 1173 3031 ἔφη,
1199 2946 1426 3030 λέγεις.
1471 2945 1602 3012 Καὶ
1624 2943 1781 3030 μήν,
1818 2934 1907 3030 ἦν
1942 2938 2008 3009 δ’
2042 2942 2193 3027 ἐγώ,
2231 2950 2364 3009 νῦν

275 3061 315 3110 D
346 3040 458 3107 καὶ
486 3041 698 3107 ἐννοῶ
719 3042 1045 3126 ῥηθέντος
1066 3050 1188 3110 τοῦ
1213 3045 1364 3129 περὶ
1385 3043 1542 3123 τούς
1563 3037 1921 3128 λογισμούς
1945 3041 2360 3127 μαθήματος,

346 3134 436 3216 ῶς
456 3137 721 3223 κομψόν
752 3141 888 3207 ἐστι
919 3142 1031 3208 καὶ
1058 3149 1354 3230 πολλαχῇ
1379 3141 1704 3228 χρήσιμον
1734 3136 1895 3227 ἡμῖν
1926 3137 2095 3225 πρὸς
2122 3136 2161 3208 ὂ
2193 3145 2365 3225 βου-

344 3234 622 3322 λόμεθα,
640 3234 760 3303 ἐὰν
771 3244 892 3305 τοῦ
913 3244 1258 3324 γνωρίζειν
1278 3240 1475 3307 ἕνεκά
1497 3265 1594 3317 τις
1615 3235 1778 3306 αὐτὸ
1803 3237 2176 3325 ἐπιτηδεύῃ,
2194 3233 2369 3305 ἀλλὰ

342 3330 432 3419 μὴ
455 3338 578 3401 τοῦ
601 3333 1014 3420 καπηλεύειν.
1061 3344 1172 3423 Πῇ
1192 3336 1310 3423 δή;
1335 3341 1481 3423 ἔφη.
1530 3337 1748 3405 Τοῦτό
1768 3363 1866 3422 γε,
1892 3333 1931 3403 ὃ
1954 3342 2087 3403 νῦν
2114 3333 2195 3422 δὴ
2220 3338 2366 3402 ἐλέ-

341 3455 569 3517 γομεν,
598 3430 687 3512 ῶς
710 3433 976 3521 σφόδρα
1000 3433 1144 3502 ἅνω
1166 3459 1280 3504 ποι
1315 3434 1462 3522 ἄγει
1494 3433 1618 3523 τήν
1650 3433 1875 3523 ψυχὴν
1908 3437 2019 3503 καὶ
2052 3435 2199 3517 περὶ
2234 3431 2364 3499 αύ-

2582 598 2598 635 l
