2602 3928
909 231 1488 289 ΠΟΛΙΤΕΙΑΣ
1524 224 1582 289 ε’.
2141 229 2261 292 143

255 388 527 471 ἄριστον
557 389 744 458 πόλει
767 388 1049 475 νόμιμον
1088 392 1408 473 ἐτίθεμεν.
1460 387 1708 469 Οὕτως.
1751 391 2145 459 Ἀποδυτέον
2182 390 2262 476 δὴ

255 500 394 565 ταῖς
413 493 552 554 τῶν
570 487 896 574 φυλάκων
917 490 1238 571 γυναιξίν,
1263 488 1526 573 ἐπείπερ
1550 485 1794 573 ἀρετὴν
1817 485 1962 556 ἀντὶ
1986 493 2263 573 ἱματίων

256 583 706 671 ἀμφιέσονται,
729 587 839 653 καὶ
873 587 1317 669 κοινωνητέον
1349 589 1641 670 πολέμου
1675 612 1743 652 τε
1779 588 1889 654 καὶ
1918 593 2033 671 τῆς
2062 587 2263 672 ἄλλης

258 690 561 770 φυλακῆς
601 691 717 770 τῆς
759 687 906 769 περὶ
945 683 1066 769 τὴν
1112 680 1330 766 πόλιν,
1376 686 1485 750 καὶ
1526 682 1651 751 οὐκ
1692 683 1861 752 ἄλλα
1902 689 2259 770 πρακτέον·

224 783 515 856 ,τούτων
559 779 625 848 δ’
672 779 899 849 αὐτῶν
937 782 1015 848 τιὶ
1063 781 1472 867 ἐλαφρότερα
1513 796 1650 861 ταῖς
1696 783 1998 868 γυναιξὶν
2042 778 2083 869 ἢ
2129 796 2264 860 τοῖς

257 878 543 967 ἀνδράσι
566 883 796 947 δοτέον
811 880 919 946 διὰ
941 877 1066 964 τὴν
1088 884 1208 945 τοῦ
1230 880 1469 963 γένους
1482 877 1868 948 ἀσθένειαν·
1893 877 1928 946 ὁ
1956 882 2025 948 δὲ
2047 886 2264 966 γελῶν
2293 905 2341 954 Β

257 976 428 1063 ἀνὴρ
455 979 558 1045 ἐπὶ
585 991 866 1064 γυμναῖς
885 982 1167 1061 γυναιξί,
1210 980 1333 1042 τοῦ
1356 981 1697 1061 βελτίστου
1719 978 1913 1044 ἕνεκα
1934 983 2265 1063 γυμναζο-

257 1078 503 1160 μέναις,
529 1072 721 1160 ἀτελῆ
744 1080 868 1141 τοῦ
888 1079 1157 1158 γελοίου
1178 1080 1418 1156 σοφίας
1452 1076 1714 1161 δρέπων
1750 1072 2030 1161 καρπόν,
2066 1075 2266 1143 οὐδὲν

260 1170 461 1255 οἶδεν,
514 1170 602 1250 ὥς
646 1176 880 1254 ἔοικεν,
925 1167 1029 1255 ἐφ’
1084 1160 1138 1258 ᾧ
1183 1176 1347 1257 γελᾷ
1387 1167 1540 1238 οὐδ’
1587 1170 1627 1239 ὅ
1657 1198 1721 1240 τι
1751 1172 2054 1257 πράττει·
2103 1172 2268 1239 κάλ-

260 1278 448 1337 λιστα
469 1267 598 1355 γὰρ
623 1267 704 1355 δὴ
725 1273 924 1335 τοῦτο
948 1270 1059 1335 καὶ
1090 1271 1347 1351 λέγεται
1378 1272 1488 1336 καὶ
1525 1273 1864 1354 λελέξεται,
1900 1270 2003 1338 ὅτι
2034 1270 2109 1338 τὸ
2143 1270 2263 1356 μὲν

261 1367 599 1486 ὠφέλιμον
631 1366 859 1449 καλόν,
902 1363 976 1433 τὸ
1023 1365 1095 1433 δὲ
1129 1364 1462 1453 βλαβερὰν
1498 1366 1788 1452 αἰσχρόν.
1873 1366 2266 1436 Παντάπασι

262 1467 383 1550 μὲν
417 1490 560 1532 ουν.

429 1567 554 1628 VII.
609 1569 818 1629 Τοῦτο
853 1562 975 1648 μὲν
997 1566 1227 1628 τοίνυν
1264 1563 1340 1626 ἓν
1378 1559 1601 1645 ὥσπερ
1633 1569 1811 1657 κύμα
1852 1568 2087 1647 φῶμεν
2124 1567 2270 1630 δια-

265 1660 564 1744 φεύγειν,
603 1666 727 1727 τοῦ
761 1665 1145 1746 γυναικείου
1180 1661 1329 1744 πέρι
1361 1657 1576 1743 νόμου
1615 1664 1936 1743 λέγοντες,
1974 1659 2141 1727 ὥστε
2179 1659 2266 1747 μὴ

266 1757 642 1825 παντάπασι
661 1761 1204 1842 κατακλυσθῆναι
1224 1760 1551 1837 τυθέντας,
1588 1755 1675 1832 ὥς
1698 1759 1803 1823 δεῖ
1823 1765 2019 1843 κοινῇ
2053 1757 2269 1825 πάντα
2306 1777 2344 1828 0

265 1856 674 1941 ἐπιτηδεύειν
716 1856 874 1933 τούς
915 1880 986 1921 τε
1029 1854 1333 1940 φύλακας
1376 1851 1533 1939 ἡμῖν
1573 1854 1684 1920 καὶ
1726 1851 1841 1931 τὰς
1880 1861 2267 1939 φυλακίδας,

262 1949 429 2019 ἄλλα
457 1979 549 2039 πῃ
568 1955 689 2021 τὸν
710 1953 917 2039 λόγον
941 1950 1150 2021 αὐτὸν
1173 1948 1357 2040 αὐτῷ
1377 1949 1869 2038 ὁμολογεῖσθαι,
1908 1947 1994 2029 ὣς
2019 1953 2271 2021 δυνατά

264 2077 334 2118 τε
356 2052 465 2117 καὶ
489 2049 786 2137 ὠφέλιμα
809 2054 1013 2137 λέγει;
1066 2052 1198 2119 Καὶ
1238 2050 1436 2136 μάλα,
1474 2056 1621 2136 ἔφη,
1662 2047 1744 2117 ού
1773 2049 2053 2136 σμικρὸν
2089 2060 2266 2138 κῦμα
2342 2053 2353 2064 ”

263 2148 660 2234 διαφεύγεις.
720 2148 964 2234 Φήσεις
998 2174 1093 2233 γε,
1131 2140 1215 2233 ἦν
1248 2144 1313 2214 δ’
1350 2147 1498 2233 ἐγώ,
1557 2147 1639 2214 ού
1676 2152 1841 2232 μέγα
1877 2145 2040 2214 αὐτὰ
2078 2147 2265 2235 εἶναι,

264 2245 429 2314 ὅταν
457 2245 530 2313 τό
555 2243 716 2333 μετὰ
738 2254 936 2314 τοῦτο
963 2250 1121 2333 ἴδῃς.
1168 2249 1337 2331 Λέγε
1373 2246 1475 2332 δή,
1513 2251 1656 2329 ἴδω,
1694 2250 1837 2331 ἔφη.
1895 2246 2146 2334 Τούτῳ,
2184 2240 2268 2332 ἦν

265 2343 331 2412 δ’
357 2343 505 2430 ἐγώ,
530 2347 751 2412 ἕπεται
773 2344 978 2430 νόμος
1010 2345 1120 2411 καὶ
1153 2358 1286 2422 τοῖς
1324 2350 1703 2428 ἔμπροσθεν
1735 2357 1869 2421 τοῖς
1903 2342 2145 2429 ἄλλοις,
2184 2342 2271 2423 ὡς

268 2436 532 2533 ἐγῷμαι,
577 2440 707 2510 ὅδε.
786 2448 927 2523 Τίς;
1001 2439 1132 2520 Τὰς
1180 2455 1498 2526 γυναῖκας
1541 2442 1783 2519 ταύτας
1821 2446 1958 2507 τῶν
2000 2439 2270 2527 ἀνδρῶν

265 2543 524 2609 τούτων
547 2540 817 2608 πάντων
841 2541 1057 2619 πάσας
1078 2537 1244 2607 εἶναι
1267 2540 1516 2621 κοινάς,
1542 2543 1671 2627 ἰδίᾳ
1699 2539 1771 2607 δὲ
1804 2543 2036 2625 μηδενὶ
2069 2546 2271 2626 μηδε-
2317 2561 2358 2610 D

268 2649 426 2728 μίαν
470 2653 833 2707 συνοικεῖν·
882 2641 993 2706 καὶ
1039 2635 1194 2718 τους
1238 2643 1473 2716 παῖδας
1508 2630 1596 2704 αὖ
1635 2641 1926 2723 κοινούς,
1971 2641 2080 2707 καὶ
2112 2640 2272 2725 μήτε

266 2744 466 2822 γονέα
490 2743 769 2822 ἔκγονον
791 2740 1033 2805 εἰδέναι
1047 2734 1166 2803 τὸν
1190 2733 1401 2802 αὑτοῦ
1423 2735 1582 2821 μήτε
1606 2739 1807 2803 παῖδα
1819 2738 2033 2819 γονέα.
2060 2736 2270 2820 Πολύ,

265 2842 414 2922 ἔφη,
436 2841 634 2902 τοῦτο
666 2837 925 2903 ἐκείνου
948 2840 1166 2921 μεῖζον
1191 2833 1357 2918 πρὸς
1379 2830 1683 2900 ἀπιστίαν
1706 2835 1814 2901 καὶ
1837 2840 1958 2899 τοῦ
1982 2838 2275 2901 δυνατοῦ

265 2936 417 3021 πέρι
436 2934 689 3001 καὶτοῦ
713 2931 1067 3019 ὠφελίμου.
1109 2929 1252 3000 Οὐκ
1275 2930 1477 3017 οἶμαι,
1498 2923 1582 3017 ἦν
1606 2930 1671 2997 δ’
1701 2932 1850 3018 ἐγώ,
1877 2938 2035 3019 περί
2047 2960 2123 3019 γε
2149 2941 2273 3000 τοῦ

271 3028 611 3115 ὠφελίμου
646 3027 1209 3115 ἀμφισβητεῖσθαι
1242 3028 1348 3114 ἄν,
1390 3026 1479 3107 ὡς
1522 3026 1605 3095 ού
1654 3033 1961 3114 μέγιστον
2007 3027 2274 3115 ἀγαθὸν

267 3130 496 3207 κοινὰς
518 3130 639 3214 μὲν
680 3128 796 3208 τὰς
828 3128 1377 3215 γυναῖκαςεῖναι,
1414 3119 1682 3207 κοινοὺς
1716 3134 1786 3196 δὲ
1827 3128 1984 3208 τούς
2018 3136 2273 3213 παῖδας,

269 3237 453 3313 εἴπερ
476 3222 623 3294 οἶόν
643 3251 712 3293 τε
729 3253 742 3265 ·
790 3225 937 3296 ἀλλ’
965 3228 1144 3315 οἶμαι
1165 3230 1313 3314 περὶ
1334 3236 1457 3295 τοῦ
1477 3233 1537 3296 εἰ
1557 3225 1849 3295 δυνατὸν
1883 3223 1927 3313 ἢ
1962 3226 2049 3313 μὴ
2091 3234 2276 3295 πλεί-

269 3344 433 3411 στην
455 3320 947 3412 ἀμφισβήτησιν
967 3331 1298 3410 γενέσθαι.
1344 3328 1510 3410 Περὶ
1546 3324 1961 3411 ἀμφοτέρων,
1998 3318 2042 3408 ἦ
2079 3321 2139 3390 δ’
2177 3322 2269 3406 ὅς,
2312 3346 2354 3395 Ε

267 3415 347 3490 εὖ
388 3418 547 3505 μάλ’
589 3419 677 3489 ὅίν
719 3419 1271 3516 α’μφισβητηθείη.
1329 3425 1580 3508 Λέγεις,
1625 3414 1708 3508 ἦν
1756 3420 1818 3487 δ’
1862 3420 2012 3505 ἐγώ,
2057 3419 2275 3504 λόγων
