<?xml version="1.0" encoding="UTF-8"?>
<!DOCTYPE html PUBLIC "-//W3C//DTD XHTML 1.0 Transitional//EN"
    "http://www.w3.org/TR/xhtml1/DTD/xhtml1-transitional.dtd">
<html xmlns="http://www.w3.org/1999/xhtml" xml:lang="en" lang="en">
 <head>
  <title>
</title>
<meta http-equiv="Content-Type" content="text/html;charset=utf-8" />
  <meta name='ocr-system' content='tesseract 3.04.00' />
  <meta name='ocr-capabilities' content='ocr_page ocr_carea ocr_par ocr_line ocrx_word'/>
</head>
<body>
  <div class='ocr_page' id='page_1' title='image "./dialogisecundum07platgoog_0123.png"; bbox 0 0 2602 3928; ppageno 0'>
   <div class='ocr_carea' id='block_1_1' title="bbox 939 198 2277 287">
    <p class='ocr_par' dir='ltr' id='par_1_1' title="bbox 939 198 2277 287">
     <span class='ocr_line' id='line_1_1' title="bbox 939 198 2277 287; baseline 0.003 -21"><span class='ocrx_word' id='word_1_1' title='bbox 939 208 1523 268; x_wconf 76' lang='grc' dir='ltr'><em>ΠΟΛΙΤΕΙΑΣ</em></span> <span class='ocrx_word' id='word_1_2' title='bbox 1559 198 1634 287; x_wconf 70' lang='grc' dir='ltr'><strong><em>γ’.</em></strong></span> <span class='ocrx_word' id='word_1_3' title='bbox 2192 205 2277 278; x_wconf 76' lang='grc'><strong><em>87</em></strong></span> 
     </span>
    </p>
   </div>
   <div class='ocr_carea' id='block_1_2' title="bbox 191 363 2393 3493">
    <p class='ocr_par' dir='ltr' id='par_1_2' title="bbox 191 363 2393 3493">
     <span class='ocr_line' id='line_1_2' title="bbox 270 363 2273 457; baseline 0 -20"><span class='ocrx_word' id='word_1_4' title='bbox 270 395 402 438; x_wconf 80' lang='grc' dir='ltr'><strong><em>που</em></strong></span> <span class='ocrx_word' id='word_1_5' title='bbox 451 376 766 457; x_wconf 80' lang='grc' dir='ltr'><strong><em>τελευτᾷν</em></strong></span> <span class='ocrx_word' id='word_1_6' title='bbox 819 366 899 435; x_wconf 84' lang='grc' dir='ltr'><strong><em>τά</em></strong></span> <span class='ocrx_word' id='word_1_7' title='bbox 949 363 1236 454; x_wconf 79' lang='grc' dir='ltr'><strong><em>μουσικὰ</em></strong></span> <span class='ocrx_word' id='word_1_8' title='bbox 1284 372 1378 445; x_wconf 80' lang='grc' dir='ltr'><strong><em>εἰς</em></strong></span> <span class='ocrx_word' id='word_1_9' title='bbox 1419 363 1498 434; x_wconf 79' lang='grc' dir='ltr'><strong><em>τὰ</em></strong></span> <span class='ocrx_word' id='word_1_10' title='bbox 1553 374 1676 434; x_wconf 88' lang='grc' dir='ltr'><strong><em>τοῦ</em></strong></span> <span class='ocrx_word' id='word_1_11' title='bbox 1718 373 1931 437; x_wconf 80' lang='grc' dir='ltr'><strong><em>καλοῦ</em></strong></span> <span class='ocrx_word' id='word_1_12' title='bbox 1973 367 2273 453; x_wconf 71' lang='grc' dir='ltr'><strong><em>ἐρωτικά.</em></strong></span> 
     </span>
     <span class='ocr_line' id='line_1_3' title="bbox 269 461 2218 565; baseline -0.001 -9"><span class='ocrx_word' id='word_1_13' title='bbox 269 470 605 556; x_wconf 73' lang='grc' dir='ltr'><strong><em>Ξύμφημι,</em></strong></span> <span class='ocrx_word' id='word_1_14' title='bbox 639 461 686 554; x_wconf 80' lang='grc' dir='ltr'><em>ἦ</em></span> <span class='ocrx_word' id='word_1_15' title='bbox 717 466 780 535; x_wconf 78' lang='grc' dir='ltr'><strong><em>δ’</em></strong></span> <span class='ocrx_word' id='word_1_16' title='bbox 818 466 910 547; x_wconf 81' lang='grc' dir='ltr'><strong><em>ὅέ-</em></strong></span> <span class='ocrx_word' id='word_1_17' title='bbox 2208 556 2218 565; x_wconf 73' lang='grc'><strong><em>,</em></strong></span> 
     </span>
     <span class='ocr_line' id='line_1_4' title="bbox 434 562 2281 652; baseline 0.001 -17"><span class='ocrx_word' id='word_1_18' title='bbox 434 572 591 635; x_wconf 89' lang='lat' dir='ltr'><strong>XIII.</strong></span> <span class='ocrx_word' id='word_1_19' title='bbox 656 562 849 634; x_wconf 78' lang='grc' dir='ltr'><strong><em>Μετὰ</em></strong></span> <span class='ocrx_word' id='word_1_20' title='bbox 896 562 976 651; x_wconf 79' lang='grc' dir='ltr'><strong><em>δὴ</em></strong></span> <span class='ocrx_word' id='word_1_21' title='bbox 1020 564 1349 651; x_wconf 81' lang='grc' dir='ltr'><strong><em>μουσικὴν</em></strong></span> <span class='ocrx_word' id='word_1_22' title='bbox 1399 573 1815 652; x_wconf 77' lang='grc' dir='ltr'><strong><em>γυμναστικῇ</em></strong></span> <span class='ocrx_word' id='word_1_23' title='bbox 1856 570 2169 651; x_wconf 78' lang='grc' dir='ltr'><strong><em>θρεπτέοι</em></strong></span> <span class='ocrx_word' id='word_1_24' title='bbox 2212 572 2281 637; x_wconf 80' lang='grc' dir='ltr'><strong><em>οἱ</em></strong></span> 
     </span>
     <span class='ocr_line' id='line_1_5' title="bbox 271 662 2276 751; baseline -0.001 -16"><span class='ocrx_word' id='word_1_25' title='bbox 271 673 542 735; x_wconf 86' lang='grc' dir='ltr'><strong><em>νεανίαι.</em></strong></span> <span class='ocrx_word' id='word_1_26' title='bbox 593 671 680 732; x_wconf 89' lang='grc' dir='ltr'><strong><em>Τί</em></strong></span> <span class='ocrx_word' id='word_1_27' title='bbox 694 665 863 751; x_wconf 59' lang='lat' dir='ltr'><strong><em>mim</em></strong></span> <span class='ocrx_word' id='word_1_28' title='bbox 904 671 1036 730; x_wconf 92' lang='grc' dir='ltr'><strong><em>Δεῖ</em></strong></span> <span class='ocrx_word' id='word_1_29' title='bbox 1059 663 1185 749; x_wconf 73' lang='grc' dir='ltr'><strong><em>μὲν</em></strong></span> <span class='ocrx_word' id='word_1_30' title='bbox 1205 662 1287 749; x_wconf 83' lang='grc' dir='ltr'><strong><em>δὴ</em></strong></span> <span class='ocrx_word' id='word_1_31' title='bbox 1327 667 1438 732; x_wconf 79' lang='grc' dir='ltr'><strong><em>καὶ</em></strong></span> <span class='ocrx_word' id='word_1_32' title='bbox 1470 662 1678 751; x_wconf 79' lang='grc' dir='ltr'><strong><em>ταύτῃ</em></strong></span> <span class='ocrx_word' id='word_1_33' title='bbox 1712 663 2002 750; x_wconf 82' lang='grc' dir='ltr'><strong><em>ἀκριβῶς</em></strong></span> <span class='ocrx_word' id='word_1_34' title='bbox 2034 670 2276 749; x_wconf 82' lang='grc' dir='ltr'><strong><em>τρέφε-</em></strong></span> 
     </span>
     <span class='ocr_line' id='line_1_6' title="bbox 268 754 2343 852; baseline -0 -20"><span class='ocrx_word' id='word_1_35' title='bbox 268 775 432 832; x_wconf 88' lang='grc' dir='ltr'><strong><em>σθαι</em></strong></span> <span class='ocrx_word' id='word_1_36' title='bbox 465 767 538 832; x_wconf 82' lang='grc' dir='ltr'><strong><em>ἐκ</em></strong></span> <span class='ocrx_word' id='word_1_37' title='bbox 573 767 832 830; x_wconf 79' lang='grc' dir='ltr'><strong><em>παίδων</em></strong></span> <span class='ocrx_word' id='word_1_38' title='bbox 863 758 972 828; x_wconf 84' lang='grc' dir='ltr'><strong><em>διά</em></strong></span> <span class='ocrx_word' id='word_1_39' title='bbox 1009 766 1182 846; x_wconf 82' lang='grc' dir='ltr'><strong><em>βίον,</em></strong></span> <span class='ocrx_word' id='word_1_40' title='bbox 1220 768 1350 846; x_wconf 76' lang='grc' dir='ltr'><strong><em>ἔχει</em></strong></span> <span class='ocrx_word' id='word_1_41' title='bbox 1385 764 1461 829; x_wconf 82' lang='grc' dir='ltr'><strong><em>δέ</em></strong></span> <span class='ocrx_word' id='word_1_42' title='bbox 1491 784 1652 843; x_wconf 85' lang='grc' dir='ltr'><strong><em>πως,</em></strong></span> <span class='ocrx_word' id='word_1_43' title='bbox 1690 759 1779 839; x_wconf 83' lang='grc' dir='ltr'><strong><em>ῶς</em></strong></span> <span class='ocrx_word' id='word_1_44' title='bbox 1802 754 2072 852; x_wconf 76' lang='grc' dir='ltr'><strong><em>ἐγῷμαι,</em></strong></span> <span class='ocrx_word' id='word_1_45' title='bbox 2110 755 2269 831; x_wconf 83' lang='grc' dir='ltr'><strong><em>ῶδε·</em></strong></span> <span class='ocrx_word' id='word_1_46' title='bbox 2299 779 2343 830; x_wconf 87' lang='lat' dir='ltr'>D</span> 
     </span>
     <span class='ocr_line' id='line_1_7' title="bbox 267 855 2278 947; baseline -0.001 -16"><span class='ocrx_word' id='word_1_47' title='bbox 267 862 499 930; x_wconf 87' lang='grc' dir='ltr'><strong><em>σκόπει</em></strong></span> <span class='ocrx_word' id='word_1_48' title='bbox 521 864 591 929; x_wconf 76' lang='grc' dir='ltr'><strong><em>δὲ</em></strong></span> <span class='ocrx_word' id='word_1_49' title='bbox 618 861 727 928; x_wconf 88' lang='grc' dir='ltr'><strong><em>καὶ</em></strong></span> <span class='ocrx_word' id='word_1_50' title='bbox 750 858 837 926; x_wconf 91' lang='grc' dir='ltr'><strong><em>σύ</em></strong></span> <span class='ocrx_word' id='word_1_51' title='bbox 854 884 867 898; x_wconf 91' lang='grc'><em>·</em></span> <span class='ocrx_word' id='word_1_52' title='bbox 905 861 1047 943; x_wconf 79' lang='grc' dir='ltr'><strong><em>ἐμοὶ</em></strong></span> <span class='ocrx_word' id='word_1_53' title='bbox 1070 858 1193 943; x_wconf 72' lang='grc' dir='ltr'><strong><em>μὲν</em></strong></span> <span class='ocrx_word' id='word_1_54' title='bbox 1213 858 1344 943; x_wconf 79' lang='grc' dir='ltr'><strong><em>γὰρ</em></strong></span> <span class='ocrx_word' id='word_1_55' title='bbox 1369 856 1452 926; x_wconf 81' lang='grc' dir='ltr'><strong><em>ού</em></strong></span> <span class='ocrx_word' id='word_1_56' title='bbox 1475 864 1797 942; x_wconf 85' lang='grc' dir='ltr'><strong><em>φαίνεται,</em></strong></span> <span class='ocrx_word' id='word_1_57' title='bbox 1822 855 1861 926; x_wconf 82' lang='grc' dir='ltr'><em>ὃ</em></span> <span class='ocrx_word' id='word_1_58' title='bbox 1882 855 1969 926; x_wconf 77' lang='grc' dir='ltr'><strong><em>ἂν</em></strong></span> <span class='ocrx_word' id='word_1_59' title='bbox 1989 862 2278 947; x_wconf 83' lang='grc' dir='ltr'><strong><em>χρηστὸν</em></strong></span> 
     </span>
     <span class='ocr_line' id='line_1_8' title="bbox 267 953 2275 1048; baseline -0 -21"><span class='ocrx_word' id='word_1_60' title='bbox 267 954 314 1048; x_wconf 82' lang='grc' dir='ltr'><strong><em>ᾖ</em></strong></span> <span class='ocrx_word' id='word_1_61' title='bbox 335 968 543 1044; x_wconf 89' lang='grc' dir='ltr'><strong><em>σῶμα,</em></strong></span> <span class='ocrx_word' id='word_1_62' title='bbox 567 966 761 1026; x_wconf 84' lang='grc' dir='ltr'><strong><em>τοῦτο</em></strong></span> <span class='ocrx_word' id='word_1_63' title='bbox 785 964 867 1044; x_wconf 82' lang='grc' dir='ltr'><strong><em>τῇ</em></strong></span> <span class='ocrx_word' id='word_1_64' title='bbox 888 954 1100 1023; x_wconf 82' lang='grc' dir='ltr'><strong><em>αὑτοῦ</em></strong></span> <span class='ocrx_word' id='word_1_65' title='bbox 1121 953 1325 1044; x_wconf 79' lang='grc' dir='ltr'><strong><em>ἀρετῇ</em></strong></span> <span class='ocrx_word' id='word_1_66' title='bbox 1336 953 1557 1041; x_wconf 83' lang='grc' dir='ltr'><strong><em>ψυχὴν</em></strong></span> <span class='ocrx_word' id='word_1_67' title='bbox 1569 953 1838 1043; x_wconf 80' lang='grc' dir='ltr'><strong><em>ἀγαθὴν</em></strong></span> <span class='ocrx_word' id='word_1_68' title='bbox 1851 971 2084 1040; x_wconf 77' lang='grc' dir='ltr'><strong><em>ποιεῖν,</em></strong></span> <span class='ocrx_word' id='word_1_69' title='bbox 2106 956 2275 1027; x_wconf 85' lang='grc' dir='ltr'><strong><em>ἀλλά</em></strong></span> 
     </span>
     <span class='ocr_line' id='line_1_9' title="bbox 266 1050 2276 1142; baseline 0 -18"><span class='ocrx_word' id='word_1_70' title='bbox 266 1055 660 1126; x_wconf 80' lang='grc' dir='ltr'><strong><em>τούναντίον</em></strong></span> <span class='ocrx_word' id='word_1_71' title='bbox 682 1054 859 1140; x_wconf 81' lang='grc' dir='ltr'><strong><em>ψυχὴ</em></strong></span> <span class='ocrx_word' id='word_1_72' title='bbox 895 1051 1122 1138; x_wconf 84' lang='grc' dir='ltr'><strong><em>ἀγαθὴ</em></strong></span> <span class='ocrx_word' id='word_1_73' title='bbox 1155 1060 1240 1140; x_wconf 84' lang='grc' dir='ltr'><strong><em>τῇ</em></strong></span> <span class='ocrx_word' id='word_1_74' title='bbox 1272 1050 1479 1139; x_wconf 77' lang='grc' dir='ltr'><strong><em>αὐτῆς</em></strong></span> <span class='ocrx_word' id='word_1_75' title='bbox 1510 1050 1712 1142; x_wconf 83' lang='grc' dir='ltr'><strong><em>ἀρετῇ</em></strong></span> <span class='ocrx_word' id='word_1_76' title='bbox 1743 1061 1935 1140; x_wconf 91' lang='grc' dir='ltr'><strong><em>σῶμα</em></strong></span> <span class='ocrx_word' id='word_1_77' title='bbox 1968 1059 2276 1142; x_wconf 78' lang='grc' dir='ltr'><strong><em>παρέχειν</em></strong></span> 
     </span>
     <span class='ocr_line' id='line_1_10' title="bbox 269 1148 2268 1240; baseline -0.001 -18"><span class='ocrx_word' id='word_1_78' title='bbox 269 1152 358 1232; x_wconf 79' lang='grc' dir='ltr'><strong><em>ῶς</em></strong></span> <span class='ocrx_word' id='word_1_79' title='bbox 399 1148 548 1222; x_wconf 86' lang='grc' dir='ltr'><strong><em>οἷόν</em></strong></span> <span class='ocrx_word' id='word_1_80' title='bbox 585 1178 656 1220; x_wconf 89' lang='grc' dir='ltr'><strong><em>τε</em></strong></span> <span class='ocrx_word' id='word_1_81' title='bbox 700 1154 1041 1238; x_wconf 84' lang='grc' dir='ltr'><strong><em>βέλτιστον</em></strong></span> <span class='ocrx_word' id='word_1_82' title='bbox 1056 1177 1071 1192; x_wconf 91' lang='grc'><em>·</em></span> <span class='ocrx_word' id='word_1_83' title='bbox 1113 1153 1220 1219; x_wconf 83' lang='grc' dir='ltr'><strong><em>σοὶ</em></strong></span> <span class='ocrx_word' id='word_1_84' title='bbox 1265 1153 1339 1218; x_wconf 76' lang='grc' dir='ltr'><strong><em>δὲ</em></strong></span> <span class='ocrx_word' id='word_1_85' title='bbox 1380 1158 1520 1229; x_wconf 90' lang='grc' dir='ltr'><strong><em>πῶς</em></strong></span> <span class='ocrx_word' id='word_1_86' title='bbox 1557 1158 1893 1236; x_wconf 77' lang='grc' dir='ltr'><strong><em>φαίνεται;</em></strong></span> <span class='ocrx_word' id='word_1_87' title='bbox 1935 1156 2065 1220; x_wconf 89' lang='grc' dir='ltr'><strong><em>Καὶ</em></strong></span> <span class='ocrx_word' id='word_1_88' title='bbox 2106 1158 2268 1240; x_wconf 79' lang='grc' dir='ltr'><strong><em>ἐμοί,</em></strong></span> 
     </span>
     <span class='ocr_line' id='line_1_11' title="bbox 266 1247 2271 1336; baseline -0.001 -17"><span class='ocrx_word' id='word_1_89' title='bbox 266 1257 418 1336; x_wconf 78' lang='grc' dir='ltr'><strong><em>ἔφη,</em></strong></span> <span class='ocrx_word' id='word_1_90' title='bbox 443 1249 669 1328; x_wconf 80' lang='grc' dir='ltr'><strong><em>οὕτως.</em></strong></span> <span class='ocrx_word' id='word_1_91' title='bbox 733 1247 1008 1318; x_wconf 79' lang='grc' dir='ltr'><strong><em>Οὐκοῦν</em></strong></span> <span class='ocrx_word' id='word_1_92' title='bbox 1048 1255 1110 1317; x_wconf 83' lang='grc' dir='ltr'><strong><em>εἰ</em></strong></span> <span class='ocrx_word' id='word_1_93' title='bbox 1144 1247 1268 1334; x_wconf 81' lang='grc' dir='ltr'><strong><em>τὴν</em></strong></span> <span class='ocrx_word' id='word_1_94' title='bbox 1301 1249 1607 1316; x_wconf 76' lang='grc' dir='ltr'><strong><em>διάνοιαν</em></strong></span> <span class='ocrx_word' id='word_1_95' title='bbox 1650 1253 1896 1329; x_wconf 76' lang='grc' dir='ltr'><strong><em>ἱκανῶς</em></strong></span> <span class='ocrx_word' id='word_1_96' title='bbox 1928 1251 2271 1334; x_wconf 88' lang='grc' dir='ltr'><strong><em>θεραπεύ-</em></strong></span> 
     </span>
     <span class='ocr_line' id='line_1_12' title="bbox 267 1343 2272 1433; baseline 0 -18"><span class='ocrx_word' id='word_1_97' title='bbox 267 1368 499 1427; x_wconf 83' lang='grc' dir='ltr'><strong><em>σαντες</em></strong></span> <span class='ocrx_word' id='word_1_98' title='bbox 532 1351 943 1433; x_wconf 76' lang='grc' dir='ltr'><strong><em>παραδοῖμεν</em></strong></span> <span class='ocrx_word' id='word_1_99' title='bbox 970 1344 1143 1432; x_wconf 80' lang='grc' dir='ltr'><strong><em>αὐτῇ</em></strong></span> <span class='ocrx_word' id='word_1_100' title='bbox 1168 1344 1261 1414; x_wconf 79' lang='grc' dir='ltr'><strong><em>τὰ</em></strong></span> <span class='ocrx_word' id='word_1_101' title='bbox 1298 1348 1449 1430; x_wconf 83' lang='grc' dir='ltr'><strong><em>περὶ</em></strong></span> <span class='ocrx_word' id='word_1_102' title='bbox 1482 1343 1556 1414; x_wconf 83' lang='grc' dir='ltr'><strong><em>τὸ</em></strong></span> <span class='ocrx_word' id='word_1_103' title='bbox 1591 1353 1782 1430; x_wconf 84' lang='grc' dir='ltr'><strong><em>σῶμα</em></strong></span> <span class='ocrx_word' id='word_1_104' title='bbox 1814 1345 2272 1433; x_wconf 80' lang='grc' dir='ltr'><strong><em>ἀκριβολογεῖ-</em></strong></span> 
     </span>
     <span class='ocr_line' id='line_1_13' title="bbox 265 1439 2341 1532; baseline -0.002 -19"><span class='ocrx_word' id='word_1_105' title='bbox 265 1455 448 1531; x_wconf 90' lang='grc' dir='ltr'><strong><em>σθαι,</em></strong></span> <span class='ocrx_word' id='word_1_106' title='bbox 483 1442 666 1532; x_wconf 80' lang='grc' dir='ltr'><strong><em>ἡμεῖς</em></strong></span> <span class='ocrx_word' id='word_1_107' title='bbox 688 1444 761 1513; x_wconf 72' lang='grc' dir='ltr'><strong><em>δὲ</em></strong></span> <span class='ocrx_word' id='word_1_108' title='bbox 795 1441 961 1511; x_wconf 81' lang='grc' dir='ltr'><strong><em>ὅσον</em></strong></span> <span class='ocrx_word' id='word_1_109' title='bbox 991 1440 1149 1520; x_wconf 79' lang='grc' dir='ltr'><strong><em>τούς</em></strong></span> <span class='ocrx_word' id='word_1_110' title='bbox 1177 1441 1434 1521; x_wconf 80' lang='grc' dir='ltr'><strong><em>τύπους</em></strong></span> <span class='ocrx_word' id='word_1_111' title='bbox 1465 1439 2001 1529; x_wconf 76' lang='grc' dir='ltr'><strong><em>ὑφηγησαίμεθα,</em></strong></span> <span class='ocrx_word' id='word_1_112' title='bbox 2033 1448 2144 1512; x_wconf 79' lang='grc' dir='ltr'><strong><em>ἵνα</em></strong></span> <span class='ocrx_word' id='word_1_113' title='bbox 2180 1441 2270 1530; x_wconf 81' lang='grc' dir='ltr'><strong><em>μὴ</em></strong></span> <span class='ocrx_word' id='word_1_114' title='bbox 2301 1450 2341 1500; x_wconf 88' lang='grc' dir='ltr'>Ε</span> 
     </span>
     <span class='ocr_line' id='line_1_14' title="bbox 265 1534 2269 1629; baseline -0.001 -19"><span class='ocrx_word' id='word_1_115' title='bbox 265 1550 807 1629; x_wconf 75' lang='grc' dir='ltr'><strong><em>μακρολογῶμεν,</em></strong></span> <span class='ocrx_word' id='word_1_116' title='bbox 872 1539 1097 1626; x_wconf 85' lang='grc' dir='ltr'><strong><em>ὀρθῶς</em></strong></span> <span class='ocrx_word' id='word_1_117' title='bbox 1148 1536 1237 1607; x_wconf 74' lang='grc' dir='ltr'><strong><em>ἂν</em></strong></span> <span class='ocrx_word' id='word_1_118' title='bbox 1290 1555 1624 1626; x_wconf 74' lang='grc' dir='ltr'><strong><em>ποιοῖμενς</em></strong></span> <span class='ocrx_word' id='word_1_119' title='bbox 1684 1542 1887 1609; x_wconf 76' lang='grc' dir='ltr'><strong><em>Πάνυ</em></strong></span> <span class='ocrx_word' id='word_1_120' title='bbox 1940 1543 2062 1627; x_wconf 71' lang='grc' dir='ltr'><strong><em>μὲν</em></strong></span> <span class='ocrx_word' id='word_1_121' title='bbox 2124 1534 2269 1610; x_wconf 82' lang='grc' dir='ltr'><strong><em>οὖν.</em></strong></span> 
     </span>
     <span class='ocr_line' id='line_1_15' title="bbox 266 1635 2269 1726; baseline 0 -20"><span class='ocrx_word' id='word_1_122' title='bbox 266 1645 508 1725; x_wconf 81' lang='grc' dir='ltr'><strong><em>Μέθης</em></strong></span> <span class='ocrx_word' id='word_1_123' title='bbox 527 1639 649 1725; x_wconf 73' lang='grc' dir='ltr'><strong><em>μὲν</em></strong></span> <span class='ocrx_word' id='word_1_124' title='bbox 681 1640 762 1725; x_wconf 81' lang='grc' dir='ltr'><strong><em>δὴ</em></strong></span> <span class='ocrx_word' id='word_1_125' title='bbox 801 1649 1072 1726; x_wconf 74' lang='grc' dir='ltr'><strong><em>εἴπομεν</em></strong></span> <span class='ocrx_word' id='word_1_126' title='bbox 1106 1635 1209 1706; x_wconf 79' lang='grc' dir='ltr'><strong><em>ὅτι</em></strong></span> <span class='ocrx_word' id='word_1_127' title='bbox 1243 1636 1576 1723; x_wconf 84' lang='grc' dir='ltr'><strong><em>ἀφεκτέον</em></strong></span> <span class='ocrx_word' id='word_1_128' title='bbox 1613 1638 1866 1718; x_wconf 83' lang='grc' dir='ltr'><strong><em>αὐτοῖς·</em></strong></span> <span class='ocrx_word' id='word_1_129' title='bbox 1913 1641 2107 1708; x_wconf 87' lang='grc' dir='ltr'><strong><em>παντὶ</em></strong></span> <span class='ocrx_word' id='word_1_130' title='bbox 2139 1640 2269 1725; x_wconf 78' lang='grc' dir='ltr'><strong><em>γάρ</em></strong></span> 
     </span>
     <span class='ocr_line' id='line_1_16' title="bbox 264 1731 2271 1823; baseline 0 -20"><span class='ocrx_word' id='word_1_131' title='bbox 264 1762 400 1804; x_wconf 87' lang='grc' dir='ltr'><strong><em>που</em></strong></span> <span class='ocrx_word' id='word_1_132' title='bbox 423 1744 678 1823; x_wconf 80' lang='grc' dir='ltr'><strong><em>μᾶλλον</em></strong></span> <span class='ocrx_word' id='word_1_133' title='bbox 716 1740 990 1822; x_wconf 77' lang='grc' dir='ltr'><strong><em>ἐγχωρεῖ</em></strong></span> <span class='ocrx_word' id='word_1_134' title='bbox 1031 1731 1076 1820; x_wconf 79' lang='grc' dir='ltr'><strong><em>ἦ</em></strong></span> <span class='ocrx_word' id='word_1_135' title='bbox 1124 1735 1377 1821; x_wconf 81' lang='grc' dir='ltr'><strong><em>φύλακι</em></strong></span> <span class='ocrx_word' id='word_1_136' title='bbox 1417 1737 1829 1820; x_wconf 76' lang='grc' dir='ltr'><strong><em>μεθυσθέντι</em></strong></span> <span class='ocrx_word' id='word_1_137' title='bbox 1873 1735 1962 1821; x_wconf 80' lang='grc' dir='ltr'><strong><em>μὴ</em></strong></span> <span class='ocrx_word' id='word_1_138' title='bbox 2008 1741 2271 1820; x_wconf 83' lang='grc' dir='ltr'><strong><em>εἰδέναι,</em></strong></span> 
     </span>
     <span class='ocr_line' id='line_1_17' title="bbox 263 1828 2274 1920; baseline 0 -20"><span class='ocrx_word' id='word_1_139' title='bbox 263 1833 440 1900; x_wconf 77' lang='grc' dir='ltr'><strong><em>ὅπου</em></strong></span> <span class='ocrx_word' id='word_1_140' title='bbox 459 1841 580 1920; x_wconf 84' lang='grc' dir='ltr'><strong><em>γῆς</em></strong></span> <span class='ocrx_word' id='word_1_141' title='bbox 599 1837 796 1902; x_wconf 80' lang='grc' dir='ltr'><strong><em>ἐστίν.</em></strong></span> <span class='ocrx_word' id='word_1_142' title='bbox 838 1840 1117 1902; x_wconf 88' lang='grc' dir='ltr'><strong><em>Γελοῖον</em></strong></span> <span class='ocrx_word' id='word_1_143' title='bbox 1132 1834 1285 1919; x_wconf 77' lang='grc' dir='ltr'><strong><em>γάρ,</em></strong></span> <span class='ocrx_word' id='word_1_144' title='bbox 1322 1828 1367 1919; x_wconf 85' lang='grc' dir='ltr'><em>ἦ</em></span> <span class='ocrx_word' id='word_1_145' title='bbox 1387 1830 1458 1900; x_wconf 70' lang='grc' dir='ltr'><strong><em>δ’</em></strong></span> <span class='ocrx_word' id='word_1_146' title='bbox 1491 1832 1585 1920; x_wconf 82' lang='grc' dir='ltr'><strong><em>ὅς,</em></strong></span> <span class='ocrx_word' id='word_1_147' title='bbox 1608 1833 1728 1901; x_wconf 91' lang='grc' dir='ltr'><strong><em>τόν</em></strong></span> <span class='ocrx_word' id='word_1_148' title='bbox 1748 1859 1824 1919; x_wconf 88' lang='grc' dir='ltr'><strong><em>γε</em></strong></span> <span class='ocrx_word' id='word_1_149' title='bbox 1846 1833 2116 1919; x_wconf 88' lang='grc' dir='ltr'><strong><em>φύλακα</em></strong></span> <span class='ocrx_word' id='word_1_150' title='bbox 2138 1834 2274 1918; x_wconf 89' lang='grc' dir='ltr'><strong><em>φύ-</em></strong></span> 
     </span>
     <span class='ocr_line' id='line_1_18' title="bbox 266 1928 2277 2019; baseline 0 -20"><span class='ocrx_word' id='word_1_151' title='bbox 266 1939 466 2010; x_wconf 86' lang='grc' dir='ltr'><strong><em>λακος</em></strong></span> <span class='ocrx_word' id='word_1_152' title='bbox 486 1935 764 2000; x_wconf 85' lang='grc' dir='ltr'><strong><em>δεῖσθαι.</em></strong></span> <span class='ocrx_word' id='word_1_153' title='bbox 794 1936 897 2000; x_wconf 77' lang='grc' dir='ltr'><strong><em>’Τί</em></strong></span> <span class='ocrx_word' id='word_1_154' title='bbox 914 1930 984 1999; x_wconf 70' lang='grc' dir='ltr'><strong><em>δὲ</em></strong></span> <span class='ocrx_word' id='word_1_155' title='bbox 1007 1928 1088 2019; x_wconf 82' lang='grc' dir='ltr'><em>δὴ</em></span> <span class='ocrx_word' id='word_1_156' title='bbox 1116 1938 1318 2001; x_wconf 85' lang='grc' dir='ltr'><strong><em>σίτων</em></strong></span> <span class='ocrx_word' id='word_1_157' title='bbox 1351 1934 1531 2018; x_wconf 63' lang='grc' dir='ltr'><strong><em>πέρι,</em></strong></span> <span class='ocrx_word' id='word_1_158' title='bbox 1575 1929 1861 2017; x_wconf 85' lang='grc' dir='ltr'><strong><em>ἀθληταὶ</em></strong></span> <span class='ocrx_word' id='word_1_159' title='bbox 1896 1931 2019 2018; x_wconf 78' lang='grc' dir='ltr'><strong><em>μὲν</em></strong></span> <span class='ocrx_word' id='word_1_160' title='bbox 2052 1929 2182 2019; x_wconf 82' lang='grc' dir='ltr'><strong><em>γὰρ</em></strong></span> <span class='ocrx_word' id='word_1_161' title='bbox 2209 1935 2277 1999; x_wconf 79' lang='grc' dir='ltr'><strong><em>οἰ</em></strong></span> 
     </span>
     <span class='ocr_line' id='line_1_19' title="bbox 260 2023 2267 2117; baseline 0.002 -21"><span class='ocrx_word' id='word_1_162' title='bbox 260 2029 502 2113; x_wconf 70' lang='grc' dir='ltr'><strong><em>ἄνδρες</em></strong></span> <span class='ocrx_word' id='word_1_163' title='bbox 536 2038 660 2096; x_wconf 84' lang='grc' dir='ltr'><strong><em>τοῦ</em></strong></span> <span class='ocrx_word' id='word_1_164' title='bbox 690 2037 1003 2115; x_wconf 89' lang='grc' dir='ltr'><strong><em>μεγίστου</em></strong></span> <span class='ocrx_word' id='word_1_165' title='bbox 1035 2028 1323 2115; x_wconf 85' lang='grc' dir='ltr'><strong><em>ἀγῶνος·</em></strong></span> <span class='ocrx_word' id='word_1_166' title='bbox 1386 2027 1432 2117; x_wconf 79' lang='grc' dir='ltr'><em>ἢ</em></span> <span class='ocrx_word' id='word_1_167' title='bbox 1465 2030 1618 2117; x_wconf 80' lang='grc' dir='ltr'><strong><em>οὐχί</em></strong></span> <span class='ocrx_word' id='word_1_168' title='bbox 1623 2060 1641 2113; x_wconf 82' lang='lat'>3</span> <span class='ocrx_word' id='word_1_169' title='bbox 1686 2037 1838 2098; x_wconf 89' lang='grc' dir='ltr'><strong><em>Ναί.</em></strong></span> <span class='ocrx_word' id='word_1_170' title='bbox 1888 2023 2025 2115; x_wconf 73' lang='grc' dir='ltr'><strong><em>Ἆρ’</em></strong></span> <span class='ocrx_word' id='word_1_171' title='bbox 2064 2023 2194 2100; x_wconf 82' lang='grc' dir='ltr'><strong><em>οὖν</em></strong></span> <span class='ocrx_word' id='word_1_172' title='bbox 2226 2027 2267 2117; x_wconf 79' lang='grc' dir='ltr'><em>ἦ</em></span> 
     </span>
     <span class='ocr_line' id='line_1_20' title="bbox 262 2125 2393 2215; baseline 0 -21"><span class='ocrx_word' id='word_1_173' title='bbox 262 2132 473 2195; x_wconf 89' lang='grc' dir='ltr'><strong><em>τῶνδε</em></strong></span> <span class='ocrx_word' id='word_1_174' title='bbox 522 2134 660 2194; x_wconf 87' lang='grc' dir='ltr'><strong><em>τῶν</em></strong></span> <span class='ocrx_word' id='word_1_175' title='bbox 711 2125 1020 2213; x_wconf 76' lang='grc' dir='ltr'><strong><em>ἀσκητῶν</em></strong></span> <span class='ocrx_word' id='word_1_176' title='bbox 1063 2129 1193 2207; x_wconf 81' lang='grc' dir='ltr'><strong><em>ἕξις</em></strong></span> <span class='ocrx_word' id='word_1_177' title='bbox 1246 2127 1659 2215; x_wconf 84' lang='grc' dir='ltr'><strong><em>προσήκουσ’</em></strong></span> <span class='ocrx_word' id='word_1_178' title='bbox 1704 2125 1794 2197; x_wconf 77' lang='grc' dir='ltr'><strong><em>ἀν</em></strong></span> <span class='ocrx_word' id='word_1_179' title='bbox 1833 2138 1932 2214; x_wconf 72' lang='grc' dir='ltr'><strong><em>εἴη</em></strong></span> <span class='ocrx_word' id='word_1_180' title='bbox 1971 2127 2265 2210; x_wconf 67' lang='grc' dir='ltr'><strong><em>τούτοιςς</em></strong></span> <span class='ocrx_word' id='word_1_181' title='bbox 2289 2129 2393 2187; x_wconf 59' lang='lat'><strong><em>40*</em></strong></span> 
     </span>
     <span class='ocr_line' id='line_1_21' title="bbox 251 2217 2269 2314; baseline -0 -21"><span class='ocrx_word' id='word_1_182' title='bbox 251 2224 456 2304; x_wconf 84' lang='grc' dir='ltr'><strong><em>Ἴσως.</em></strong></span> <span class='ocrx_word' id='word_1_183' title='bbox 497 2221 695 2309; x_wconf 82' lang='grc' dir='ltr'><strong><em>Ἀλλ’,</em></strong></span> <span class='ocrx_word' id='word_1_184' title='bbox 716 2217 805 2311; x_wconf 80' lang='grc' dir='ltr'><strong><em>ἦν</em></strong></span> <span class='ocrx_word' id='word_1_185' title='bbox 830 2223 896 2292; x_wconf 86' lang='grc' dir='ltr'><strong><em>δ’</em></strong></span> <span class='ocrx_word' id='word_1_186' title='bbox 921 2226 1071 2313; x_wconf 70' lang='grc' dir='ltr'><strong><em>ἐγώ,</em></strong></span> <span class='ocrx_word' id='word_1_187' title='bbox 1096 2224 1412 2314; x_wconf 75' lang='grc' dir='ltr'><strong><em>ὑπνώδης</em></strong></span> <span class='ocrx_word' id='word_1_188' title='bbox 1434 2225 1603 2313; x_wconf 75' lang='grc' dir='ltr'><strong><em>αὕτη</em></strong></span> <span class='ocrx_word' id='word_1_189' title='bbox 1623 2228 1704 2311; x_wconf 85' lang='grc' dir='ltr'><strong><em>γε’</em></strong></span> <span class='ocrx_word' id='word_1_190' title='bbox 1721 2253 1818 2307; x_wconf 93' lang='grc' dir='ltr'><strong><em>τις</em></strong></span> <span class='ocrx_word' id='word_1_191' title='bbox 1836 2229 1947 2295; x_wconf 86' lang='grc' dir='ltr'><strong><em>καὶ</em></strong></span> <span class='ocrx_word' id='word_1_192' title='bbox 1970 2221 2269 2312; x_wconf 77' lang='grc' dir='ltr'><strong><em>σφαλεροὶ</em></strong></span> 
     </span>
     <span class='ocr_line' id='line_1_22' title="bbox 264 2318 2270 2412; baseline 0 -22"><span class='ocrx_word' id='word_1_193' title='bbox 264 2321 430 2407; x_wconf 80' lang='grc' dir='ltr'><strong><em>πρὸς</em></strong></span> <span class='ocrx_word' id='word_1_194' title='bbox 453 2321 709 2407; x_wconf 84' lang='grc' dir='ltr'><strong><em>ὑγίειαν</em></strong></span> <span class='ocrx_word' id='word_1_195' title='bbox 724 2348 739 2361; x_wconf 89' lang='grc'><em>·</em></span> <span class='ocrx_word' id='word_1_196' title='bbox 774 2318 820 2408; x_wconf 80' lang='grc' dir='ltr'><strong><em>ἦ</em></strong></span> <span class='ocrx_word' id='word_1_197' title='bbox 841 2321 964 2408; x_wconf 81' lang='grc' dir='ltr'><strong><em>οὐχ</em></strong></span> <span class='ocrx_word' id='word_1_198' title='bbox 985 2322 1148 2412; x_wconf 76' lang='grc' dir='ltr'><strong><em>ὁρᾷς</em></strong></span> <span class='ocrx_word' id='word_1_199' title='bbox 1174 2323 1276 2391; x_wconf 82' lang='grc' dir='ltr'><strong><em>ὅτι</em></strong></span> <span class='ocrx_word' id='word_1_200' title='bbox 1297 2327 1719 2394; x_wconf 87' lang='grc' dir='ltr'><strong><em>καθεύδουσί</em></strong></span> <span class='ocrx_word' id='word_1_201' title='bbox 1730 2352 1800 2394; x_wconf 87' lang='grc' dir='ltr'><strong><em>τε</em></strong></span> <span class='ocrx_word' id='word_1_202' title='bbox 1820 2325 1940 2394; x_wconf 85' lang='grc' dir='ltr'><strong><em>τὸν</em></strong></span> <span class='ocrx_word' id='word_1_203' title='bbox 1959 2332 2130 2412; x_wconf 82' lang='grc' dir='ltr'><strong><em>βίον,</em></strong></span> <span class='ocrx_word' id='word_1_204' title='bbox 2161 2327 2270 2392; x_wconf 88' lang='grc' dir='ltr'><strong><em>καὶ</em></strong></span> 
     </span>
     <span class='ocr_line' id='line_1_23' title="bbox 263 2419 2269 2511; baseline -0.001 -20"><span class='ocrx_word' id='word_1_205' title='bbox 263 2421 381 2491; x_wconf 81' lang='grc' dir='ltr'><strong><em>ἐὰν</em></strong></span> <span class='ocrx_word' id='word_1_206' title='bbox 413 2419 655 2507; x_wconf 75' lang='grc' dir='ltr'><strong><em>σμικροὶ</em></strong></span> <span class='ocrx_word' id='word_1_207' title='bbox 701 2424 944 2508; x_wconf 81' lang='grc' dir='ltr'><strong><em>ἐκβῶσι</em></strong></span> <span class='ocrx_word' id='word_1_208' title='bbox 975 2428 1091 2508; x_wconf 83' lang='grc' dir='ltr'><strong><em>τῆς</em></strong></span> <span class='ocrx_word' id='word_1_209' title='bbox 1125 2426 1519 2511; x_wconf 79' lang='grc' dir='ltr'><strong><em>τεταγμένης</em></strong></span> <span class='ocrx_word' id='word_1_210' title='bbox 1559 2428 1828 2511; x_wconf 83' lang='grc' dir='ltr'><strong><em>διαίτης,</em></strong></span> <span class='ocrx_word' id='word_1_211' title='bbox 1873 2425 2126 2509; x_wconf 77' lang='grc' dir='ltr'><strong><em>μεγάλα</em></strong></span> <span class='ocrx_word' id='word_1_212' title='bbox 2160 2426 2269 2491; x_wconf 86' lang='grc' dir='ltr'><strong><em>καὶ</em></strong></span> 
     </span>
     <span class='ocr_line' id='line_1_24' title="bbox 191 2511 2272 2608; baseline 0 -21"><span class='ocrx_word' id='word_1_213' title='bbox 191 2541 196 2545; x_wconf 81' lang='grc'><strong><em>’</em></strong></span> <span class='ocrx_word' id='word_1_214' title='bbox 262 2520 525 2604; x_wconf 89' lang='grc' dir='ltr'><strong><em>σφόδρα</em></strong></span> <span class='ocrx_word' id='word_1_215' title='bbox 567 2527 888 2586; x_wconf 81' lang='grc' dir='ltr'><strong><em>νοσοῦσιν</em></strong></span> <span class='ocrx_word' id='word_1_216' title='bbox 931 2511 1117 2587; x_wconf 84' lang='grc' dir='ltr'><strong><em>οὗτοι</em></strong></span> <span class='ocrx_word' id='word_1_217' title='bbox 1160 2524 1228 2588; x_wconf 80' lang='grc' dir='ltr'><strong><em>οἰ</em></strong></span> <span class='ocrx_word' id='word_1_218' title='bbox 1263 2520 1575 2607; x_wconf 76' lang='grc' dir='ltr'><strong><em>ἀσκηταί;</em></strong></span> <span class='ocrx_word' id='word_1_219' title='bbox 1604 2520 1794 2608; x_wconf 87' lang='grc' dir='ltr'><strong><em>Ὁρῶ.</em></strong></span> <span class='ocrx_word' id='word_1_220' title='bbox 1843 2526 2272 2608; x_wconf 84' lang='grc' dir='ltr'><strong><em>Κομψοτέρας</em></strong></span> 
     </span>
     <span class='ocr_line' id='line_1_25' title="bbox 260 2609 2273 2705; baseline 0.001 -21"><span class='ocrx_word' id='word_1_221' title='bbox 260 2618 346 2703; x_wconf 81' lang='grc' dir='ltr'><strong><em>δή</em></strong></span> <span class='ocrx_word' id='word_1_222' title='bbox 369 2643 567 2696; x_wconf 88' lang='grc' dir='ltr'><strong><em>τινος,</em></strong></span> <span class='ocrx_word' id='word_1_223' title='bbox 602 2609 691 2702; x_wconf 83' lang='grc' dir='ltr'><strong><em>ἦν</em></strong></span> <span class='ocrx_word' id='word_1_224' title='bbox 727 2614 790 2682; x_wconf 89' lang='grc' dir='ltr'><strong><em>δ’</em></strong></span> <span class='ocrx_word' id='word_1_225' title='bbox 832 2616 982 2702; x_wconf 70' lang='grc' dir='ltr'><strong><em>ἐγώ,</em></strong></span> <span class='ocrx_word' id='word_1_226' title='bbox 1018 2616 1359 2704; x_wconf 83' lang='grc' dir='ltr'><strong><em>ἀσκήσεως</em></strong></span> <span class='ocrx_word' id='word_1_227' title='bbox 1381 2624 1486 2686; x_wconf 89' lang='grc' dir='ltr'><strong><em>δεῖ</em></strong></span> <span class='ocrx_word' id='word_1_228' title='bbox 1499 2633 1635 2699; x_wconf 88' lang='grc' dir='ltr'><strong><em>τοῖς</em></strong></span> <span class='ocrx_word' id='word_1_229' title='bbox 1656 2628 2035 2705; x_wconf 73' lang='grc' dir='ltr'><strong><em>πολεμικοῖς</em></strong></span> <span class='ocrx_word' id='word_1_230' title='bbox 2055 2617 2273 2705; x_wconf 87' lang='grc' dir='ltr'><strong><em>ἀθλη-</em></strong></span> 
     </span>
     <span class='ocr_line' id='line_1_26' title="bbox 259 2711 2271 2806; baseline 0 -23"><span class='ocrx_word' id='word_1_231' title='bbox 259 2730 421 2800; x_wconf 82' lang='grc' dir='ltr'><strong><em>ταῖς,</em></strong></span> <span class='ocrx_word' id='word_1_232' title='bbox 458 2711 578 2793; x_wconf 78' lang='grc' dir='ltr'><strong><em>οὕς</em></strong></span> <span class='ocrx_word' id='word_1_233' title='bbox 613 2739 689 2797; x_wconf 80' lang='grc' dir='ltr'><strong><em>γε</em></strong></span> <span class='ocrx_word' id='word_1_234' title='bbox 711 2711 934 2799; x_wconf 74' lang='grc' dir='ltr'><strong><em>ὥσπερ</em></strong></span> <span class='ocrx_word' id='word_1_235' title='bbox 957 2715 1169 2796; x_wconf 90' lang='grc' dir='ltr'><strong><em>κύνας</em></strong></span> <span class='ocrx_word' id='word_1_236' title='bbox 1188 2715 1575 2800; x_wconf 89' lang='grc' dir='ltr'><strong><em>ἀγρύπνους</em></strong></span> <span class='ocrx_word' id='word_1_237' title='bbox 1593 2746 1664 2788; x_wconf 88' lang='grc' dir='ltr'><strong><em>τε</em></strong></span> <span class='ocrx_word' id='word_1_238' title='bbox 1687 2718 1946 2806; x_wconf 78' lang='grc' dir='ltr'><strong><em>ἀνάγκη</em></strong></span> <span class='ocrx_word' id='word_1_239' title='bbox 1974 2717 2141 2785; x_wconf 79' lang='grc' dir='ltr'><strong><em>εἶναι</em></strong></span> <span class='ocrx_word' id='word_1_240' title='bbox 2161 2718 2271 2785; x_wconf 87' lang='grc' dir='ltr'><strong><em>καὶ</em></strong></span> 
     </span>
     <span class='ocr_line' id='line_1_27' title="bbox 258 2809 2273 2903; baseline 0.001 -24"><span class='ocrx_word' id='word_1_241' title='bbox 258 2811 303 2879; x_wconf 80' lang='grc' dir='ltr'>ὅ</span> <span class='ocrx_word' id='word_1_242' title='bbox 323 2839 386 2879; x_wconf 93' lang='grc' dir='ltr'><strong><em>τι</em></strong></span> <span class='ocrx_word' id='word_1_243' title='bbox 405 2812 685 2896; x_wconf 78' lang='grc' dir='ltr'><strong><em>μάλιστα</em></strong></span> <span class='ocrx_word' id='word_1_244' title='bbox 706 2809 827 2891; x_wconf 78' lang='grc' dir='ltr'><strong><em>ὀξὺ</em></strong></span> <span class='ocrx_word' id='word_1_245' title='bbox 862 2810 1033 2901; x_wconf 78' lang='grc' dir='ltr'><strong><em>ὁρᾷν</em></strong></span> <span class='ocrx_word' id='word_1_246' title='bbox 1052 2818 1161 2882; x_wconf 84' lang='grc' dir='ltr'><strong><em>καὶ</em></strong></span> <span class='ocrx_word' id='word_1_247' title='bbox 1184 2812 1457 2883; x_wconf 84' lang='grc' dir='ltr'><strong><em>ἀκούειν</em></strong></span> <span class='ocrx_word' id='word_1_248' title='bbox 1492 2819 1603 2885; x_wconf 84' lang='grc' dir='ltr'><strong><em>καὶ</em></strong></span> <span class='ocrx_word' id='word_1_249' title='bbox 1635 2816 1881 2895; x_wconf 78' lang='grc' dir='ltr'><strong><em>πολλὰς</em></strong></span> <span class='ocrx_word' id='word_1_250' title='bbox 1907 2813 2273 2903; x_wconf 72' lang='grc' dir='ltr'><strong><em>μεταβολὰς</em></strong></span> 
     </span>
     <span class='ocr_line' id='line_1_28' title="bbox 258 2911 2338 2999; baseline 0.001 -23"><span class='ocrx_word' id='word_1_251' title='bbox 258 2912 337 2976; x_wconf 80' lang='grc' dir='ltr'><strong><em>ἐν</em></strong></span> <span class='ocrx_word' id='word_1_252' title='bbox 376 2924 517 2987; x_wconf 84' lang='grc' dir='ltr'><strong><em>ταῖς</em></strong></span> <span class='ocrx_word' id='word_1_253' title='bbox 563 2916 927 2991; x_wconf 87' lang='grc' dir='ltr'><strong><em>στρατείαις</em></strong></span> <span class='ocrx_word' id='word_1_254' title='bbox 967 2913 1497 2999; x_wconf 77' lang='grc' dir='ltr'><strong><em>μεταβάλλοντας</em></strong></span> <span class='ocrx_word' id='word_1_255' title='bbox 1544 2911 1810 2981; x_wconf 81' lang='grc' dir='ltr'><strong><em>ὑδάτων</em></strong></span> <span class='ocrx_word' id='word_1_256' title='bbox 1851 2940 1922 2981; x_wconf 94' lang='grc' dir='ltr'><strong><em>τε</em></strong></span> <span class='ocrx_word' id='word_1_257' title='bbox 1965 2915 2075 2993; x_wconf 81' lang='grc' dir='ltr'><strong><em>καὶ</em></strong></span> <span class='ocrx_word' id='word_1_258' title='bbox 2129 2920 2268 2979; x_wconf 87' lang='grc' dir='ltr'><strong><em>τῶν</em></strong></span> <span class='ocrx_word' id='word_1_259' title='bbox 2299 2931 2338 2979; x_wconf 91' lang='grc' dir='ltr'>Β</span> 
     </span>
     <span class='ocr_line' id='line_1_29' title="bbox 259 3003 2273 3097; baseline 0.003 -24"><span class='ocrx_word' id='word_1_260' title='bbox 259 3003 482 3073; x_wconf 73' lang='grc' dir='ltr'><strong><em>ἄλλων</em></strong></span> <span class='ocrx_word' id='word_1_261' title='bbox 506 3014 708 3074; x_wconf 87' lang='grc' dir='ltr'><strong><em>σίτων</em></strong></span> <span class='ocrx_word' id='word_1_262' title='bbox 727 3010 837 3076; x_wconf 87' lang='grc' dir='ltr'><strong><em>καὶ</em></strong></span> <span class='ocrx_word' id='word_1_263' title='bbox 861 3009 1177 3094; x_wconf 77' lang='grc' dir='ltr'><strong><em>εἱλήσεων</em></strong></span> <span class='ocrx_word' id='word_1_264' title='bbox 1199 3013 1311 3077; x_wconf 83' lang='grc' dir='ltr'><strong><em>καὶ</em></strong></span> <span class='ocrx_word' id='word_1_265' title='bbox 1342 3011 1686 3097; x_wconf 86' lang='grc' dir='ltr'><strong><em>χειμῶνων</em></strong></span> <span class='ocrx_word' id='word_1_266' title='bbox 1708 3010 1796 3097; x_wconf 84' lang='grc' dir='ltr'><strong><em>μὴ</em></strong></span> <span class='ocrx_word' id='word_1_267' title='bbox 1829 3009 2273 3095; x_wconf 80' lang='grc' dir='ltr'><strong><em>ἀκροσφαλεῖς</em></strong></span> 
     </span>
     <span class='ocr_line' id='line_1_30' title="bbox 257 3102 2269 3197; baseline 0.002 -25"><span class='ocrx_word' id='word_1_268' title='bbox 257 3104 427 3173; x_wconf 84' lang='grc' dir='ltr'><strong><em>εἶναι</em></strong></span> <span class='ocrx_word' id='word_1_269' title='bbox 470 3104 636 3190; x_wconf 80' lang='grc' dir='ltr'><strong><em>πρὸς</em></strong></span> <span class='ocrx_word' id='word_1_270' title='bbox 674 3105 952 3192; x_wconf 77' lang='grc' dir='ltr'><strong><em>ὑγίειαν.</em></strong></span> <span class='ocrx_word' id='word_1_271' title='bbox 999 3114 1319 3176; x_wconf 87' lang='grc' dir='ltr'><strong><em>Φαίνεταί</em></strong></span> <span class='ocrx_word' id='word_1_272' title='bbox 1353 3134 1482 3194; x_wconf 88' lang='grc' dir='ltr'><strong><em>μοι.</em></strong></span> <span class='ocrx_word' id='word_1_273' title='bbox 1522 3102 1658 3192; x_wconf 75' lang='grc' dir='ltr'><strong><em>Ἆρ’</em></strong></span> <span class='ocrx_word' id='word_1_274' title='bbox 1707 3103 1837 3178; x_wconf 84' lang='grc' dir='ltr'><strong><em>οὖν</em></strong></span> <span class='ocrx_word' id='word_1_275' title='bbox 1881 3108 1923 3196; x_wconf 79' lang='grc' dir='ltr'><em>ἡ</em></span> <span class='ocrx_word' id='word_1_276' title='bbox 1969 3117 2269 3197; x_wconf 84' lang='grc' dir='ltr'><strong><em>βελτίστη</em></strong></span> 
     </span>
     <span class='ocr_line' id='line_1_31' title="bbox 254 3203 2270 3295; baseline 0.002 -24"><span class='ocrx_word' id='word_1_277' title='bbox 254 3204 667 3291; x_wconf 79' lang='grc' dir='ltr'><strong><em>γυμναστικὴ</em></strong></span> <span class='ocrx_word' id='word_1_278' title='bbox 713 3204 971 3293; x_wconf 80' lang='grc' dir='ltr'><strong><em>ἀδελφή</em></strong></span> <span class='ocrx_word' id='word_1_279' title='bbox 1002 3232 1097 3285; x_wconf 92' lang='grc' dir='ltr'><strong><em>τις</em></strong></span> <span class='ocrx_word' id='word_1_280' title='bbox 1129 3203 1218 3274; x_wconf 78' lang='grc' dir='ltr'><strong><em>ἀν</em></strong></span> <span class='ocrx_word' id='word_1_281' title='bbox 1251 3216 1350 3292; x_wconf 75' lang='grc' dir='ltr'><strong><em>εἴη</em></strong></span> <span class='ocrx_word' id='word_1_282' title='bbox 1386 3214 1504 3293; x_wconf 83' lang='grc' dir='ltr'><strong><em>τῆς</em></strong></span> <span class='ocrx_word' id='word_1_283' title='bbox 1535 3216 1875 3295; x_wconf 79' lang='grc' dir='ltr'><strong><em>μουσικῆς,</em></strong></span> <span class='ocrx_word' id='word_1_284' title='bbox 1920 3205 2007 3295; x_wconf 80' lang='grc' dir='ltr'><strong><em>ἣν</em></strong></span> <span class='ocrx_word' id='word_1_285' title='bbox 2040 3210 2270 3295; x_wconf 85' lang='grc' dir='ltr'><strong><em>ὀλίγον</em></strong></span> 
     </span>
     <span class='ocr_line' id='line_1_32' title="bbox 255 3302 2269 3393; baseline 0 -23"><span class='ocrx_word' id='word_1_286' title='bbox 255 3302 585 3388; x_wconf 86' lang='grc' dir='ltr'><strong><em>πρότερον</em></strong></span> <span class='ocrx_word' id='word_1_287' title='bbox 621 3309 888 3391; x_wconf 76' lang='grc' dir='ltr'><strong><em>διῇμεν;</em></strong></span> <span class='ocrx_word' id='word_1_288' title='bbox 944 3312 1101 3383; x_wconf 91' lang='grc' dir='ltr'><strong><em>Πῶς</em></strong></span> <span class='ocrx_word' id='word_1_289' title='bbox 1143 3308 1382 3391; x_wconf 70' lang='grc' dir='ltr'><strong><em>λέγειςς</em></strong></span> <span class='ocrx_word' id='word_1_290' title='bbox 1425 3302 1627 3393; x_wconf 80' lang='grc' dir='ltr'><strong><em>Ἁπλῆ</em></strong></span> <span class='ocrx_word' id='word_1_291' title='bbox 1662 3332 1796 3375; x_wconf 88' lang='grc' dir='ltr'><strong><em>που</em></strong></span> <span class='ocrx_word' id='word_1_292' title='bbox 1837 3308 1945 3374; x_wconf 84' lang='grc' dir='ltr'><strong><em>καὶ</em></strong></span> <span class='ocrx_word' id='word_1_293' title='bbox 1982 3304 2269 3390; x_wconf 74' lang='grc' dir='ltr'><strong><em>ἐπιεικής</em></strong></span> 
     </span>
     <span class='ocr_line' id='line_1_33' title="bbox 255 3402 2268 3493; baseline -0 -24"><span class='ocrx_word' id='word_1_294' title='bbox 255 3403 690 3491; x_wconf 84' lang='grc' dir='ltr'><strong><em>γυμναστική,</em></strong></span> <span class='ocrx_word' id='word_1_295' title='bbox 739 3405 849 3472; x_wconf 85' lang='grc' dir='ltr'><strong><em>καὶ</em></strong></span> <span class='ocrx_word' id='word_1_296' title='bbox 891 3405 1172 3493; x_wconf 81' lang='grc' dir='ltr'><strong><em>μάλιστα</em></strong></span> <span class='ocrx_word' id='word_1_297' title='bbox 1205 3402 1247 3491; x_wconf 82' lang='grc' dir='ltr'>ἡ</span> <span class='ocrx_word' id='word_1_298' title='bbox 1281 3412 1417 3471; x_wconf 91' lang='grc' dir='ltr'><strong><em>τῶν</em></strong></span> <span class='ocrx_word' id='word_1_299' title='bbox 1455 3406 1605 3492; x_wconf 79' lang='grc' dir='ltr'><strong><em>περὶ</em></strong></span> <span class='ocrx_word' id='word_1_300' title='bbox 1650 3403 1772 3472; x_wconf 78' lang='grc' dir='ltr'><strong><em>τὸν</em></strong></span> <span class='ocrx_word' id='word_1_301' title='bbox 1805 3402 2116 3488; x_wconf 86' lang='grc' dir='ltr'><strong><em>πόλεμον.</em></strong></span> <span class='ocrx_word' id='word_1_302' title='bbox 2156 3410 2268 3487; x_wconf 81' lang='grc' dir='ltr'><strong><em>Πῇ</em></strong></span> 
     </span>
    </p>
   </div>
  </div>
 </body>
</html>
