2602 3928
323 215 410 282 74
1025 218 1601 279 ΠΛΑΤΩΝΟΣ

333 386 583 465 Τοῦτο,
624 371 667 464 ἦ
697 376 750 446 δ’
776 376 881 463 ὅς,
926 376 1009 445 οὐ
1042 378 1373 465 μανθάνω
1410 379 1453 445 3
1472 404 1535 444 τι
1569 380 1794 462 λέγεις.
1854 374 2060 447 Ἀλλὰ
2081 380 2329 463 μέντοι,

249 482 293 535 D
326 469 416 564 ἦν
457 477 518 545 δ”
556 476 719 562 ε’γω’,
765 480 869 544 δεῖ
881 503 977 561 γε.
1037 484 1196 552 ἴσως
1238 468 1370 541 οὖν
1406 479 1565 561 τῇδε
1603 482 1859 561 μᾶλλον
1879 485 2059 547 εἴσει.
2120 466 2219 559 ἆρ’
2247 470 2332 541 οὐ

328 572 580 658 πάντα,
605 571 732 641 ὅσα
754 570 885 641 ὑπὸ
911 567 1387 660 μυθολόγων’“
1343 598 1384 657 η
1408 595 1703 658 ποιητων
1724 574 2010 658 λέγεται,
2035 570 2334 657 διήγησις

329 664 500 740 οὖσα
536 671 853 757 τυγχάνει
892 665 938 755 ἦ
980 667 1360 755 γεγονότων
1391 665 1434 754 ἦ
1470 668 1688 737 ὄντων
1714 665 1759 755 ἦ
1787 668 2202 756 μελλόντων;
2253 674 2339 736 Τί

327 766 490 855 γάρ,
545 773 673 854 ἔφη
688 818 708 852 ,
753 766 955 847 άλλο;
1000 759 1130 849 Αρ’
1156 756 1282 832 οὖν
1303 763 1507 853 ούχὶ’
1476 766 1622 853 ήτοι
1643 762 1821 853 ἁπλῇ
1843 762 2202 852 διηγήσει’“
2159 791 2200 850 η
2221 762 2331 832 διὰ

327 863 656 953 μιμήσεως
685 866 1048 951 γιγνομένῃ
1076 890 1118 949 η
1091 859 1230 930 ’δι’
1260 859 1657 950 ἀμφοτέρων
1689 870 2156 948 περαίνουσιν·
2137 911 2158 943 ,
2201 865 2332 930 Καὶ

327 971 558 1048 τοῦτο,
602 954 647 1048 ἦ
681 959 805 1029 δ’““’
763 987 838 1040 ος
852 1011 871 1046 ,
917 967 1012 1028 ἔτι
1039 963 1268 1046 δέομαι
1299 961 1710 1045 σαφέστερον
1741 971 2002 1046 μαθεῖν.
2041 965 2331 1043 Γελοιος,

328 1051 419 1144 ήν
443 1056 506 1127 δ’
533 1057 684 1143 ἐγω,
710 1062 893 1127 ἔοικα
915 1056 1311 1136 διδάσκαλος
1334 1055 1501 1125 εἶναι
1520 1061 1632 1125 καὶ
1652 1055 1930 1144 άσαφής.
1960 1055 2183 1141 ω’σπερ
2207 1047 2333 1122 οὖν

254 1171 296 1221 Ε
333 1159 401 1224 οἰ
417 1153 742 1225 άδύνατοι
760 1157 1017 1277 λέγειν’,
1064 1151 1148 1222 οὐ
1177 1153 1345 1223 κατὰ
1382 1153 1545 1223 ὅλον
1567 1153 1702 1224 ἀλλ’
1745 1151 2105 1242 ἀπολαβων
2134 1154 2329 1240 με’ρος

331 1280 393 1321 τι
416 1252 817 1340 πειράσομαί
842 1272 949 1319 σοι
973 1254 1046 1320 ἐν
1068 1252 1280 1341 τούτῳ
1316 1249 1657 1340 δηλωσαι
1632 1278 1668 1319 ο
1693 1251 2038 1339 βούλομαι.
2086 1256 2206 1318 καί
2219 1275 2333 1336 μοι

333 1351 490 1418 εἰπέ·
537 1351 879 1417 ἐπίστασαι
899 1357 1015 1435 τῆς
1029 1347 1299 1428 Ἰλιάδος
1339 1346 1421 1417 τὰ
1457 1357 1716 1435 πρῶτα,
1762 1351 1836 1417 ἐν
1869 1343 1966 1427 οἷς
2001 1346 2038 1416 ὁ
2062 1348 2332 1434 ποιητής

334 1468 499 1534 φησι
518 1446 638 1516 τὰν
664 1446 789 1535 μὲν
821 1448 1102 1534 Χρύσην
1137 1452 1402 1516 δεῖσθαι
1432 1455 1557 1515 τοῦ
1569 1445 2054 1534 Ἀγαμέμνονος
2087 1443 2333 1513 dunow-
2373 1458 2377 1462 *

333 1566 444 1612 σαι
485 1542 611 1630 τὴν
636 1549 1012 1632 θυγατέρα,
1054 1544 1173 1614 τὸν
1207 1545 1280 1613 δὲ
1315 1551 1765 1630 χαλεπαίνειν,
1810 1542 1932 1611 τὸν
1959 1548 2065 1627 δέ,
2111 1538 2330 1627 ἐπειδὴ

195 1660 298 1717 393
341 1637 466 1708 οὐκ
488 1640 803 1728 ἐτύγχανε
817 1692 836 1725 ,
881 1641 1322 1728 κατεύχεσθαι
1347 1648 1485 1709 τῶν
1502 1638 1775 1727 Ἀχαιῶν
1803 1637 1971 1725 πρὸς
1990 1637 2113 1707 τὸν
2130 1636 2333 1718 &edm

324 1737 598 1825 ’Ὲγωγεζ
666 1735 856 1807 Οἶσθ’
885 1732 1013 1807 οὖν
1034 1738 1138 1808 ὅτι
1158 1743 1345 1826 μέχρι
1367 1742 1491 1825 μὲν
1510 1739 1767 1806 τούτων
1787 1744 1923 1806 τῶν
1944 1740 2125 1805 ἐπῶν

741 1839 851 1905 καὶ
873 1838 1164 1907 ἐλίσσετο
1188 1837 1443 1916 πάντας
1468 1834 1800 1922 Ἀχαιούς,

493 1931 786 2019 Ἀτρείδα
808 1933 879 2003 δὲ
908 1931 1190 2018 μάλιστα
1212 1931 1354 2001 δύω
1373 1984 1392 2017 ,
1440 1931 1807 2020 κοσμήτορε
1835 1940 2018 2003 λααῖν

331 2034 507 2115 λέγει
538 2056 608 2097 τε
632 2028 833 2108 αὐτὸς
858 2027 893 2096 ὁ
918 2027 1167 2116 ποητὴς
1188 2032 1301 2099 καὶ
1334 2027 1483 2099 οὐδ’
1519 2033 1830 2117 ἐπιχειρεῖ
1842 2029 2033 2117 ἡμῶν
2056 2027 2180 2117 τήν
2200 2028 2335 2097 διά-

331 2152 525 2194 νοιαν
548 2125 787 2195 ἄλλοσε
807 2130 1106 2212 τρέπειν,
1163 2124 1251 2206 ὥς
1289 2127 1489 2207 ἄλλος
1518 2155 1615 2207 τις
1648 2126 1685 2196 ὁ
1710 2133 1926 2214 λέγων
1944 2124 1989 2213 ἦ
2011 2124 2229 2206 αὐτός·
2253 2124 2332 2195 τὰ

258 2245 298 2294 Β
336 2224 406 2289 δὲ
428 2220 587 2308 μετὰ
610 2231 818 2290 ταῦτα
843 2220 1066 2308 ὥσπερ
1087 2218 1290 2301 αὐτὸς
1316 2218 1413 2291 ὢν
1436 2221 1471 2293 ὁ
1495 2224 1764 2311 Χρύσης
1783 2224 1958 2310 λέγει
1979 2227 2091 2292 καὶ
2111 2230 2335 2307 πειρᾶ·

333 2344 441 2385 ται
481 2315 653 2403 ἡμᾶς
676 2317 717 2385 3
750 2344 814 2386 τι
856 2318 1140 2403 μάλιστα
1175 2328 1450 2406 ποιήσαι
1479 2319 1874 2408 μήὍμηρον
1906 2326 2130 2390 δοκεῖν
2164 2319 2334 2390 εἶναι

333 2414 475 2500 τὸν,
508 2418 788 2502 λέγοντα
816 2415 986 2486 ἀλλὰ
1017 2414 1139 2487 τὸν
1172 2423 1371 2505 ἱερέα,
1416 2422 1797 2509 πρεσβύτην
1819 2418 1998 2489 -ὅντα
2016 2447 2031 2463 ·
2069 2423 2180 2490 καὶ
2212 2419 2335 2508 τὴν

333 2512 545 2600 άλλην
573 2510 653 2600 δὴ
680 2521 905 2582 πᾶσαν
927 2516 1168 2601 σχεδόν
1189 2544 1253 2586 τι
1286 2516 1462 2585 οὕτω
1484 2526 1829 2604 πεποίηται
1862 2519 2164 2606 διήγησιν
2186 2527 2340 2608 περί

331 2636 402 2679 τε
425 2636 559 2679 των
582 2614 656 2677 ἐν
669 2608 833 2702 Ἰλίω
868 2614 979 2681 καὶ
1009 2615 1159 2699 περὶ
1194 2640 1332 2682 των
1355 2617 1430 2683 ἐν
1445 2611 1675 2703 Ἰθάκῃ
1708 2618 1819 2683 καὶ
1852 2614 1977 2704 ὅλῃ
1991 2613 2335 2706 Ὀδυσσεία

329 2706 762 2793 παθημάτων.
803 2708 1002 2777 Πάνυ
1022 2710 1146 2795 μὲν
1167 2704 1329 2797 οὖν,
1376 2715 1522 2798 ἔφη.
1591 2708 1866 2780 Οὐκοῦν
1889 2711 2187 2799 διήγησις
2211 2716 2336 2799 μέν

330 2808 467 2873 ε’στι
487 2806 598 2872 καὶ
619 2802 781 2873 ὅταν
801 2803 918 2884 τὰς
940 2808 1162 2894 ῥήσεις
1181 2810 1492 2877 εκάστοτε
1515 2811 1676 2897 λέγῃ
1689 2807 1853 2877 καὶ“
1812 2835 1976 2878 οταν
1992 2836 2073 2877 τα
2091 2807 2334 2896 μεταξυ

327 2928 466 2969 των
488 2902 780 2990 ῥήσεων;
819 2910 974 2983 Πως
995 2932 1126 2992 γαρ
1158 2932 1275 2986 ους
1317 2902 1480 2975 Ἀλλ’
1505 2904 1670 2974 ὅταν
1689 2909 1770 2992 γέ
1787 2933 1935 2975 τινα
1957 2911 2115 2996 λέγῃ
2139 2899 2334 2997 ῥῆσιν

259 3032 298 3082 c
335 2997 422 3079 ὣς
444 3025 539 3077 τις
561 2997 762 3079 άλλος
785 2997 916 3118 ω’ν,
964 2995 1065 3089 αρ’
1106 3000 1191 3070 οὐ
1222 3003 1375 3071 τότε
1408 3001 1686 3091 ὁμοιούν
1721 3003 1931 3073 αύτὸν
1968 3005 2273 3092 φήσομεν
2295 3003 2336 3073 3

332 3123 392 3163 τι
422 3096 707 3181 μάλιστα
742 3125 864 3185 την
912 3097 1123 3167 αὑτοῦ
1166 3103 1342 3181 λέξιν
1381 3101 1669 3192 ἑκάστω,
1714 3097 1797 3169 ὃν
1821 3129 1910 3170 αν
1932 3108 2214 3191 προείπῃ
2244 3129 2335 3182 ως

334 3198 652 3280 ἐροῦντας
681 3195 1011 3283 Φήσομεν·
1043 3205 1114 3265 τί
1126 3199 1289 3317 γάρ,
1316 3197 1594 3268 Οὐκοῦν
1614 3196 1694 3267 τό
1712 3224 1789 3285 γε
1802 3197 2084 3286 ὁμοιοῦν
2094 3202 2335 3269 ἑαυτὸν

332 3287 573 3383 αλλω”
529 3319 569 3379 η
593 3319 760 3361 κατα
776 3293 1017 3381 φωνην
1036 3291 1081 3381 ἦ
1094 3294 1259 3365 κατὰ
1277 3320 1492 3384 σχημα
1515 3303 1866 3383 μιμεῖσθαί
1878 3300 2058 3367 ἐστιν
2078 3300 2336 3367 ἐκεῖνον

333 3380 389 3473 οἷ
412 3386 498 3456 ἅν
517 3416 615 3469 τις
642 3388 899 3477 ὅμοιοι,
945 3397 1030 3459 Τί
1044 3392 1210 3479 μήν;
1247 3390 1356 3462 Ἐν
1390 3389 1470 3481 δὴ
1506 3403 1600 3484 τῷ
1620 3396 1931 3487 τοιούτω,
1979 3422 2068 3475 ως
2095 3403 2334 3483 ἔοικεν,
