2602 3928
933 203 1517 261 ΠΟΛΙΤΕΙΑΣ
1544 195 1604 261 ε’.
2167 197 2285 260 135

274 364 455 428 τείαν
496 356 725 444 ὀρθῶς
765 355 810 448 η’
851 359 940 448 μὴ
986 359 1217 445 ὀρθῶς
1257 360 1677 448 γιγνόμενον.
1727 367 1859 430 νῦν
1896 356 2025 430 οὖν
2060 360 2281 449 ἐπειδὴ

272 457 474 544 ἄλλης
517 460 948 545 ἐπιλαμβάνει
980 465 1309 539 πολιτείας
1348 461 1507 545 πρὶν
1546 468 1753 527 ταῦτα
1797 465 2041 537 ίκανως
2074 463 2283 527 διελέ-

274 564 461 642 σθαι,
485 559 788 625 δέδοκται
810 555 970 645 ἡμῖν
1000 565 1220 641 τοῦτο,
1242 554 1282 626 ὃ
1306 554 1394 624 σύ
1418 555 1731 644 ἤκουσας,
1754 553 1829 625 τὸ
1853 556 1926 625 σὲ
1948 555 2035 643 μὴ
2057 559 2286 641 μεθιέ-
2320 580 2423 636 450

272 651 408 738 ναι,
431 655 592 739 πρὶν
615 651 704 721 ἀν
725 662 934 723 ταῦτα
959 655 1175 723 πάντα
1199 653 1423 741 ὥσπερ
1449 647 1658 724 τάλλα
1682 656 1964 744 διέλθῃς.
2023 657 2155 722 Καὶ
2177 656 2286 740 ἐμὲ

272 755 526 835 τοίνυν,
552 748 587 818 6
610 752 940 821 Γλαύκων
959 759 1110 842 ἔφη,
1148 750 1483 823 κοινωνὸν
1509 762 1625 840 τῆς
1646 755 1880 841 ψήφου
1914 752 2156 839 ταύτης
2188 757 2287 819 τί-

271 855 450 913 θετε.
482 845 748 934 Ἀμέλει,
775 853 900 937 ἔφη
925 846 960 916 6
987 851 1445 938 Θρασύμαχος,
1482 857 1645 918 πᾶσι
1677 856 1886 918 ταῦτα
1921 850 2285 934 δεδογμένα

248 939 430 1029 ἡμῖν
455 943 694 1030 νόμιζε,
719 937 772 1013 ὦ
795 947 1169 1032 Σώκρατες.

442 1045 515 1108 11.
565 1037 749 1129 Οἷον,
773 1038 863 1132 ἦν
896 1044 965 1113 δ’
996 1046 1148 1134 ἐγώ,
1184 1047 1589 1135 εἰργάσασθε
1625 1046 2095 1134 ἐπιλαβόμενοί
2116 1051 2286 1132 μουΙ

270 1138 439 1207 ὅσον
461 1140 665 1226 λόγον
687 1141 890 1212 πάλιν
913 1143 1138 1232 ὥσπερ
1160 1150 1224 1227 ἐξ
1258 1143 1463 1233 ἀρχῆς
1490 1157 1728 1213 κινεῖτε
1765 1146 1915 1229 περὶ
1948 1151 2061 1229 τῆς
2094 1151 2284 1210 πολι-

272 1244 488 1316 velas!
523 1235 610 1325 ἢν
633 1239 723 1319 ὥς
744 1239 870 1327 ἤδη
909 1244 1323 1330 διεληλυθώς
1353 1248 1559 1330 ἔγωγε
1592 1247 1855 1328 ἔχαιρον
1887 1241 2189 1327 ἀγαπῶν,
2227 1249 2295 1308 εῖ

270 1360 370 1413 τις
413 1336 599 1404 ἐάσοι
639 1346 847 1406 ταῦτα
888 1337 1379 1429 ἀποδεξάμενος
1420 1338 1510 1420 ὥς
1546 1340 1693 1409 τότε
1730 1338 1984 1426 ἐρρήθη
2003 1364 2019 1378 ·
2064 1334 2110 1404 δι’
2150 1343 2285 1405 νῦν

272 1429 460 1517 ὑμεῖς
480 1444 1013 1524 παρακαλοῦντες
1034 1435 1161 1506 οὐκ
1184 1449 1323 1509 ἴστε
1345 1439 1512 1508 ὅσον
1543 1435 1752 1526 ἐσμὸν
1785 1436 2005 1523 λόγων
2030 1439 2286 1522 ἐπεγεί-
2318 1461 2357 1511 Β

272 1554 419 1612 ρετε
437 1558 451 1569 ·
478 1527 558 1619 δν
581 1530 761 1618 ὀρῶν
781 1532 909 1620 ἐγώ
924 1543 1190 1624 παρῆκα
1210 1538 1381 1623 τότε,
1393 1535 1482 1624 μὴ
1499 1537 1826 1623 παράσχοι
1837 1533 2053 1604 πολύν
2065 1533 2284 1621 ὄχλον.

281 1632 365 1693 Τί
382 1631 460 1694 δέ
467 1657 483 1707 ;
526 1622 571 1716 ἦ
593 1628 659 1696 δ’
683 1626 757 1709 ὃς
778 1629 815 1700 6
832 1633 1297 1721 Θρασύμαχος·
1320 1633 1892 1720 χρυσοχοήσοντας
1907 1641 2032 1700 οἴει
2044 1631 2286 1699 τούσδε

273 1732 406 1794 ’νύν
427 1727 678 1796 ἐνθάδε
699 1726 1001 1815 ἀφῖχθαι,
1028 1726 1176 1799 ἀλλ’
1202 1730 1287 1798 ού
1309 1729 1531 1816 λόγων
1563 1726 2090 1817 ἀκουσομένουςς
2122 1735 2282 1815 Ναί,

270 1827 480 1908 εἶπον,
514 1833 798 1912 μετρίων
831 1853 923 1911 γε.
970 1831 1245 1914 Μέτρον
1291 1832 1371 1898 δέ
1404 1826 1493 1914 γ’,
1540 1833 1688 1915 ἔφη,
1734 1820 1787 1895 ὦ
1829 1825 2204 1912 Σώκρατες,
2247 1822 2283 1895 6

271 1924 623 2010 Γλαύκων,
637 1925 960 1994 τοιούτων
972 1926 1194 2013 λόγων
1215 1925 1486 1996 ἀκούειν
1503 1926 1656 2006 ὅλος
1678 1922 1713 1994 ὁ
1735 1932 1879 2014 βίος
1901 1931 2069 1994 νοῦν
2092 1929 2284 2011 ἔχου-

275 2044 403 2091 σιν.
445 2020 612 2091 ἀλλά
656 2020 730 2093 τό
768 2024 890 2109 μὲν
927 2022 1242 2111 ἡμέτερον
1265 2032 1373 2094 ἔα·
1396 2024 1483 2094 σὺ
1520 2024 1592 2094 δὲ
1626 2027 1776 2109 περὶ
1812 2015 1906 2092 ὧν
1939 2027 2285 2110 έρωτωμεν

271 2124 589 2207 μηδαμῶς
622 2117 963 2209 ἀποκάμῃς
1001 2114 1046 2209 ᾖ
1087 2144 1195 2191 σοι
1230 2128 1417 2192 δοκεῖ
1446 2122 1725 2207 διεξιών,
1761 2128 1858 2201 τίς
1888 2118 1929 2208 ἡ
1966 2127 2284 2190 κοινωνία
2324 2144 2362 2195 c

271 2231 410 2296 τοῖς
431 2217 720 2302 φύλαξιν
739 2214 898 2304 ἡμῖν
919 2224 1175 2287 παίδων
1196 2246 1266 2289 τε
1289 2223 1440 2307 πέρι
1465 2222 1577 2288 καὶ
1601 2224 1947 2304 γυναικῶν
1969 2223 2149 2285 ἔσται
2171 2218 2283 2285 καὶ

272 2321 526 2402 τροφῆς
552 2318 726 2382 νέων
746 2318 841 2384 ἔτι
866 2314 1086 2384 ὄντων
1109 2324 1221 2403 τῆς
1240 2320 1317 2385 έν
1338 2321 1432 2406 τῷ
1456 2314 1698 2402 μεταξὺ
1720 2315 1939 2406 χρόνῳ
1972 2317 2284 2401 γιγνομέ-

271 2438 395 2498 νης
436 2411 756 2496 γενέσεώς
795 2440 866 2482 τε
908 2417 1018 2481 καὶ
1060 2419 1376 2501 παιδείας,
1414 2413 1458 2502 ἢ
1493 2413 1573 2502 δὴ
1611 2413 2066 2499 ἐπιπονωτάτη
2104 2417 2290 2480 δοκεῖ

272 2508 460 2577 εἶναι.
504 2516 714 2595 πειρω
738 2504 863 2580 οὖν
888 2518 1096 2580 εἰπεῖν
1118 2518 1263 2579 τίνα
1284 2511 1538 2596 τρόπον
1557 2515 1662 2578 δεῖ
1679 2518 2029 2596 γίγνεσθαι
2049 2508 2282 2596 αὐτήν.

279 2602 383 2675 Οὐ
407 2606 664 2695 ῥᾴδιον,
696 2600 749 2674 ὦ
775 2608 1113 2696 εὔδαιμον,
1135 2602 1223 2695 ἦν
1244 2608 1308 2676 δ’
1332 2607 1481 2695 ἐγώ,
1507 2614 1799 2676 διελθεῖν
1821 2633 1835 2647 ·
1881 2607 2127 2685 πολλᾶς
2151 2606 2282 2693 γὰρ

271 2703 572 2783 ἀπιστίας
608 2712 736 2791 ἔχει
772 2711 1152 2795 ἐτίμάλλον
1186 2712 1322 2774 τεὸν
1350 2712 1730 2792 ἔμπροσθεν
1766 2696 1861 2773 ὦν
1895 2705 2281 2793 διήλθομεν.

271 2806 385 2870 καὶ
415 2800 542 2888 γάρ
570 2800 658 2883 ὡς
680 2802 934 2872 δυνατοὶ
958 2809 1233 2889 λέγεται,
1262 2800 1583 2871 ἀπιστοῖτ’
1610 2803 1719 2888 ἀν,
1758 2804 1869 2869 καὶ
1903 2809 1962 2870 εί
1982 2800 2021 2869 ὅ
2055 2829 2117 2869 τι
2151 2801 2282 2889 μά-

271 2908 462 2967 λιστα
485 2906 763 2986 γένοιτο,
790 2899 877 2981 ὡς
899 2899 1118 2987 ἄριστ’
1144 2901 1354 2988 ἀνείη
1379 2910 1607 2986 ταῦτα,
1630 2903 1740 2967 καὶ
1768 2898 1976 2987 ταύτῃ
2000 2896 2281 2988 ἀπιστή-
2314 2933 2359 2983 ῃ

271 3017 474 3064 σεται.
504 2995 606 3078 διὸ
635 2997 715 3085 δὴ
738 3000 850 3068 καὶ
872 2998 1072 3079 ὄκνος
1091 3026 1188 3077 τις
1208 2995 1434 3066 αὐτῶν
1454 2996 1803 3082 ἅπτεσθαι,
1820 2995 1908 3083 μὴ
1936 2994 2088 3084 εὐχὴ
2116 3002 2284 3086 δοκῇ

272 3093 442 3161 εἶναι
466 3090 502 3161 6
525 3096 743 3181 λόγος,
770 3088 826 3163 οἷ
849 3104 999 3181 φίλε
1022 3098 1251 3182 ἑταῖρε.
1305 3099 1562 3183 Μηδέν,
1598 3087 1643 3182 ἦ
1663 3092 1725 3163 δ’
1753 3094 1847 3178 ὃς,
1873 3094 2087 3164 ὄκνει·
2128 3094 2279 3162 οὔτε

269 3189 400 3276 γάρ
424 3188 810 3277 ἀγνώμονες
834 3191 989 3260 οὔτε
1010 3192 1275 3261 ἄπιστοι
1299 3192 1454 3261 οὔτε
1479 3194 1716 3261 δύσνοι
1735 3197 1806 3260 οἱ
1820 3189 2281 3279 ἀκουσόμενοι.

271 3291 383 3355 καὶ
404 3287 532 3372 ἐγω
556 3281 1148 3377 εἷπονὨάριστε,ἦ
1169 3316 1301 3359 που
1324 3290 1736 3378 βουλόμενός
1746 3317 1826 3377 με
1841 3287 2286 3380 παραθαρρύ-

273 3410 417 3453 νειν
440 3391 680 3471 λέγεις;
719 3386 1166 3477 Ἕγωγᾏέφη.
1230 3396 1388 3457 Πάν
1423 3395 1675 3475 τοίνυν,
1711 3380 1799 3474 ἦν
1834 3384 1899 3453 δ’
1939 3388 2089 3472 ἐγώ,
2128 3380 2285 3451 τού-
