<?xml version="1.0" encoding="UTF-8"?>
<!DOCTYPE html PUBLIC "-//W3C//DTD XHTML 1.0 Transitional//EN"
    "http://www.w3.org/TR/xhtml1/DTD/xhtml1-transitional.dtd">
<html xmlns="http://www.w3.org/1999/xhtml" xml:lang="en" lang="en">
 <head>
  <title>
</title>
<meta http-equiv="Content-Type" content="text/html;charset=utf-8" />
  <meta name='ocr-system' content='tesseract 3.04.00' />
  <meta name='ocr-capabilities' content='ocr_page ocr_carea ocr_par ocr_line ocrx_word'/>
</head>
<body>
  <div class='ocr_page' id='page_1' title='image "./dialogisecundum07platgoog_0142.png"; bbox 0 0 2602 3928; ppageno 0'>
   <div class='ocr_carea' id='block_1_1' title="bbox 380 195 1702 258">
    <p class='ocr_par' dir='ltr' id='par_1_1' title="bbox 380 195 1702 258">
     <span class='ocr_line' id='line_1_1' title="bbox 380 195 1702 258; baseline -0.004 0"><span class='ocrx_word' id='word_1_1' title='bbox 380 196 502 258; x_wconf 84' lang='grc'><strong><em>106</em></strong></span> <span class='ocrx_word' id='word_1_2' title='bbox 1131 195 1702 255; x_wconf 76' lang='grc' dir='ltr'><em>ΠΛΑΤΩΝΟΣ</em></span> 
     </span>
    </p>
   </div>
   <div class='ocr_carea' id='block_1_2' title="bbox 292 353 2593 3482">
    <p class='ocr_par' dir='ltr' id='par_1_2' title="bbox 375 353 2382 541">
     <span class='ocr_line' id='line_1_2' title="bbox 375 353 2382 445; baseline 0 -21"><span class='ocrx_word' id='word_1_3' title='bbox 375 357 671 445; x_wconf 75' lang='grc' dir='ltr'><em>μεγάλην</em></span> <span class='ocrx_word' id='word_1_4' title='bbox 703 384 773 424; x_wconf 88' lang='grc' dir='ltr'><strong><em>τε</em></strong></span> <span class='ocrx_word' id='word_1_5' title='bbox 806 358 915 424; x_wconf 90' lang='grc' dir='ltr'><strong><em>καὶ</em></strong></span> <span class='ocrx_word' id='word_1_6' title='bbox 952 361 1279 424; x_wconf 88' lang='grc' dir='ltr'><strong><em>πλουσίαν</em></strong></span> <span class='ocrx_word' id='word_1_7' title='bbox 1315 353 1712 442; x_wconf 77' lang='grc' dir='ltr'><strong><em>ἀναγκασθῇ</em></strong></span> <span class='ocrx_word' id='word_1_8' title='bbox 1743 363 2069 441; x_wconf 79' lang='grc' dir='ltr'><em>πολεμεῖν.</em></span> <span class='ocrx_word' id='word_1_9' title='bbox 2129 363 2382 442; x_wconf 81' lang='grc' dir='ltr'><strong><em>Δῆλον,</em></strong></span> 
     </span>
     <span class='ocr_line' id='line_1_3' title="bbox 377 447 2382 541; baseline -0 -20"><span class='ocrx_word' id='word_1_10' title='bbox 377 447 464 541; x_wconf 81' lang='grc' dir='ltr'><strong><em>ἦν</em></strong></span> <span class='ocrx_word' id='word_1_11' title='bbox 486 451 552 521; x_wconf 75' lang='grc' dir='ltr'><strong><em>δ’</em></strong></span> <span class='ocrx_word' id='word_1_12' title='bbox 580 454 730 540; x_wconf 73' lang='grc' dir='ltr'><strong><em>ἐγώ,</em></strong></span> <span class='ocrx_word' id='word_1_13' title='bbox 756 451 858 522; x_wconf 80' lang='grc' dir='ltr'><strong><em>ὅτι</em></strong></span> <span class='ocrx_word' id='word_1_14' title='bbox 893 451 1064 541; x_wconf 79' lang='grc' dir='ltr'><strong><em>πρὸς</em></strong></span> <span class='ocrx_word' id='word_1_15' title='bbox 1094 455 1216 540; x_wconf 75' lang='grc' dir='ltr'><strong><em>μὲν</em></strong></span> <span class='ocrx_word' id='word_1_16' title='bbox 1247 460 1409 538; x_wconf 87' lang='grc' dir='ltr'><strong><em>μίαν</em></strong></span> <span class='ocrx_word' id='word_1_17' title='bbox 1438 452 1919 538; x_wconf 68' lang='grc' dir='ltr'><strong><em>χαλεπώτερον,</em></strong></span> <span class='ocrx_word' id='word_1_18' title='bbox 1954 451 2122 538; x_wconf 89' lang='grc' dir='ltr'><strong><em>πρός</em></strong></span> <span class='ocrx_word' id='word_1_19' title='bbox 2156 454 2227 522; x_wconf 70' lang='grc' dir='ltr'><strong><em>δὲ</em></strong></span> <span class='ocrx_word' id='word_1_20' title='bbox 2260 451 2382 520; x_wconf 76' lang='grc' dir='ltr'><strong><em>δύο</em></strong></span> 
     </span>
    </p>

    <p class='ocr_par' dir='ltr' id='par_1_3' title="bbox 312 544 2386 1324">
     <span class='ocr_line' id='line_1_4' title="bbox 312 544 2382 640; baseline 0.003 -25"><span class='ocrx_word' id='word_1_21' title='bbox 312 566 350 615; x_wconf 88' lang='grc' dir='ltr'><strong>Β</strong></span> <span class='ocrx_word' id='word_1_22' title='bbox 376 553 684 632; x_wconf 79' lang='grc' dir='ltr'><strong><em>τοιαύτας</em></strong></span> <span class='ocrx_word' id='word_1_23' title='bbox 724 556 909 640; x_wconf 75' lang='grc' dir='ltr'><strong><em>ῥᾷον.</em></strong></span> <span class='ocrx_word' id='word_1_24' title='bbox 953 559 1114 630; x_wconf 70' lang='grc' dir='ltr'><strong><em>Πῶς</em></strong></span> <span class='ocrx_word' id='word_1_25' title='bbox 1154 550 1361 631; x_wconf 84' lang='grc' dir='ltr'><strong><em>εἶπες;</em></strong></span> <span class='ocrx_word' id='word_1_26' title='bbox 1403 544 1446 637; x_wconf 82' lang='grc' dir='ltr'><strong><em>ἦ</em></strong></span> <span class='ocrx_word' id='word_1_27' title='bbox 1490 548 1553 618; x_wconf 78' lang='grc' dir='ltr'><strong><em>δ’</em></strong></span> <span class='ocrx_word' id='word_1_28' title='bbox 1601 550 1693 630; x_wconf 83' lang='grc' dir='ltr'><strong><em>ὅς.</em></strong></span> <span class='ocrx_word' id='word_1_29' title='bbox 1749 559 2036 635; x_wconf 75' lang='grc' dir='ltr'><strong><em>Πρῶτον</em></strong></span> <span class='ocrx_word' id='word_1_30' title='bbox 2068 556 2192 640; x_wconf 87' lang='grc' dir='ltr'><strong><em>μέν</em></strong></span> <span class='ocrx_word' id='word_1_31' title='bbox 2227 578 2382 640; x_wconf 88' lang='grc' dir='ltr'><strong><em>που,</em></strong></span> 
     </span>
     <span class='ocr_line' id='line_1_5' title="bbox 376 643 2382 739; baseline -0 -20"><span class='ocrx_word' id='word_1_32' title='bbox 376 651 585 736; x_wconf 82' lang='grc' dir='ltr'><strong><em>εἶπον,</em></strong></span> <span class='ocrx_word' id='word_1_33' title='bbox 611 650 731 719; x_wconf 78' lang='grc' dir='ltr'><strong><em>ἐὰν</em></strong></span> <span class='ocrx_word' id='word_1_34' title='bbox 754 653 870 739; x_wconf 78' lang='grc' dir='ltr'><strong><em>δέῃ</em></strong></span> <span class='ocrx_word' id='word_1_35' title='bbox 892 651 1242 736; x_wconf 78' lang='grc' dir='ltr'><strong><em>μάχεσθαι,</em></strong></span> <span class='ocrx_word' id='word_1_36' title='bbox 1278 643 1410 731; x_wconf 79' lang='grc' dir='ltr'><strong><em>ἆρα</em></strong></span> <span class='ocrx_word' id='word_1_37' title='bbox 1446 647 1530 716; x_wconf 84' lang='grc' dir='ltr'><strong><em>ού</em></strong></span> <span class='ocrx_word' id='word_1_38' title='bbox 1563 657 1904 729; x_wconf 84' lang='grc' dir='ltr'><strong><em>πλουσίοις</em></strong></span> <span class='ocrx_word' id='word_1_39' title='bbox 1939 647 2221 737; x_wconf 77' lang='grc' dir='ltr'><em>ἀνδράσι</em></span> <span class='ocrx_word' id='word_1_40' title='bbox 2254 679 2382 737; x_wconf 80' lang='grc' dir='ltr'><strong><em>μα-</em></strong></span> 
     </span>
     <span class='ocr_line' id='line_1_6' title="bbox 375 745 2383 836; baseline 0 -20"><span class='ocrx_word' id='word_1_41' title='bbox 375 757 649 836; x_wconf 85' lang='grc' dir='ltr'><strong><em>χοῦνται</em></strong></span> <span class='ocrx_word' id='word_1_42' title='bbox 692 747 885 816; x_wconf 77' lang='grc' dir='ltr'><strong><em>αὐτοὶ</em></strong></span> <span class='ocrx_word' id='word_1_43' title='bbox 926 746 1113 825; x_wconf 84' lang='grc' dir='ltr'><strong><em>ὅντες</em></strong></span> <span class='ocrx_word' id='word_1_44' title='bbox 1154 751 1450 832; x_wconf 87' lang='grc' dir='ltr'><strong><em>πολέμου</em></strong></span> <span class='ocrx_word' id='word_1_45' title='bbox 1492 745 1806 832; x_wconf 52' lang='lat' dir='ltr'><strong><em>daimon-&#39;3</em></strong></span> <span class='ocrx_word' id='word_1_46' title='bbox 1860 750 1995 815; x_wconf 84' lang='grc' dir='ltr'><strong><em>Ναὶ</em></strong></span> <span class='ocrx_word' id='word_1_47' title='bbox 2037 746 2235 816; x_wconf 84' lang='grc' dir='ltr'><strong><em>τοῦτό</em></strong></span> <span class='ocrx_word' id='word_1_48' title='bbox 2283 774 2383 833; x_wconf 86' lang='grc' dir='ltr'><strong><em>γε,</em></strong></span> 
     </span>
     <span class='ocr_line' id='line_1_7' title="bbox 377 836 2386 931; baseline 0.001 -19"><span class='ocrx_word' id='word_1_49' title='bbox 377 850 521 931; x_wconf 78' lang='grc' dir='ltr'><strong><em>ἔφη.</em></strong></span> <span class='ocrx_word' id='word_1_50' title='bbox 573 851 657 914; x_wconf 91' lang='grc' dir='ltr'><strong><em>Τί</em></strong></span> <span class='ocrx_word' id='word_1_51' title='bbox 669 837 817 928; x_wconf 77' lang='grc' dir='ltr'><strong><em>οὖν,</em></strong></span> <span class='ocrx_word' id='word_1_52' title='bbox 838 836 927 930; x_wconf 77' lang='grc' dir='ltr'><strong><em>ἦν</em></strong></span> <span class='ocrx_word' id='word_1_53' title='bbox 949 840 1014 911; x_wconf 77' lang='grc' dir='ltr'><strong><em>δ’</em></strong></span> <span class='ocrx_word' id='word_1_54' title='bbox 1038 843 1190 928; x_wconf 72' lang='grc' dir='ltr'><strong><em>ἐγώ,</em></strong></span> <span class='ocrx_word' id='word_1_55' title='bbox 1219 870 1269 911; x_wconf 89' lang='grc' dir='ltr'><strong><em>ω</em></strong></span> <span class='ocrx_word' id='word_1_56' title='bbox 1300 841 1705 929; x_wconf 80' lang='grc' dir='ltr'><strong><em>Ἀδείμαντε;</em></strong></span> <span class='ocrx_word' id='word_1_57' title='bbox 1745 840 1837 922; x_wconf 84' lang='grc' dir='ltr'><strong><em>εἷς</em></strong></span> <span class='ocrx_word' id='word_1_58' title='bbox 1857 845 2109 931; x_wconf 83' lang='grc' dir='ltr'><strong><em>πύκτης</em></strong></span> <span class='ocrx_word' id='word_1_59' title='bbox 2129 842 2217 923; x_wconf 77' lang='grc' dir='ltr'><strong><em>ὥς</em></strong></span> <span class='ocrx_word' id='word_1_60' title='bbox 2237 840 2386 914; x_wconf 83' lang='grc' dir='ltr'><strong><em>οἶόν</em></strong></span> 
     </span>
     <span class='ocr_line' id='line_1_8' title="bbox 376 942 2383 1030; baseline 0 -19"><span class='ocrx_word' id='word_1_61' title='bbox 376 968 448 1011; x_wconf 88' lang='grc' dir='ltr'><strong><em>τε</em></strong></span> <span class='ocrx_word' id='word_1_62' title='bbox 481 942 797 1011; x_wconf 72' lang='grc' dir='ltr'><strong><em>κάλλιστα</em></strong></span> <span class='ocrx_word' id='word_1_63' title='bbox 833 943 937 1009; x_wconf 80' lang='grc' dir='ltr'><strong><em>ἐπὶ</em></strong></span> <span class='ocrx_word' id='word_1_64' title='bbox 969 950 1166 1009; x_wconf 76' lang='grc' dir='ltr'><strong><em>τοῦτο</em></strong></span> <span class='ocrx_word' id='word_1_65' title='bbox 1214 947 1833 1027; x_wconf 78' lang='grc' dir='ltr'><strong><em>παρεσκευασμένος</em></strong></span> <span class='ocrx_word' id='word_1_66' title='bbox 1878 948 2070 1013; x_wconf 79' lang='grc' dir='ltr'><strong><em>δυοῖν</em></strong></span> <span class='ocrx_word' id='word_1_67' title='bbox 2114 944 2206 1030; x_wconf 84' lang='grc' dir='ltr'><strong><em>μὴ</em></strong></span> <span class='ocrx_word' id='word_1_68' title='bbox 2252 942 2383 1011; x_wconf 74' lang='grc' dir='ltr'><strong><em>πύ·</em></strong></span> 
     </span>
     <span class='ocr_line' id='line_1_9' title="bbox 379 1039 2386 1162; baseline 0.001 -55"><span class='ocrx_word' id='word_1_69' title='bbox 379 1067 589 1126; x_wconf 81' lang='grc' dir='ltr'><strong><em>κταιν,</em></strong></span> <span class='ocrx_word' id='word_1_70' title='bbox 617 1046 966 1109; x_wconf 82' lang='grc' dir='ltr'><strong><em>πλουσίοιν</em></strong></span> <span class='ocrx_word' id='word_1_71' title='bbox 988 1039 1060 1109; x_wconf 72' lang='grc' dir='ltr'><strong><em>δὲ</em></strong></span> <span class='ocrx_word' id='word_1_72' title='bbox 1080 1042 1192 1109; x_wconf 85' lang='grc' dir='ltr'><strong><em>καὶ</em></strong></span> <span class='ocrx_word' id='word_1_73' title='bbox 1211 1040 1497 1127; x_wconf 83' lang='grc' dir='ltr'><strong><em>πιόνοιν,</em></strong></span> <span class='ocrx_word' id='word_1_74' title='bbox 1523 1041 1648 1109; x_wconf 78' lang='grc' dir='ltr'><strong><em>οὐκ</em></strong></span> <span class='ocrx_word' id='word_1_75' title='bbox 1670 1069 1758 1110; x_wconf 90' lang='grc' dir='ltr'><strong><em>αν</em></strong></span> <span class='ocrx_word' id='word_1_76' title='bbox 1787 1047 1975 1110; x_wconf 76' lang='grc' dir='ltr'><strong><em>δοκεῖ</em></strong></span> <span class='ocrx_word' id='word_1_77' title='bbox 2003 1064 2110 1110; x_wconf 90' lang='grc' dir='ltr'><strong><em>σοι</em></strong></span> <span class='ocrx_word' id='word_1_78' title='bbox 2141 1047 2386 1162; x_wconf 76' lang='grc' dir='ltr'><strong><em>ῥᾳδίως</em></strong></span> 
     </span>
     <span class='ocr_line' id='line_1_10' title="bbox 376 1132 2383 1226; baseline 0.001 -21"><span class='ocrx_word' id='word_1_79' title='bbox 376 1139 737 1225; x_wconf 75' lang='grc' dir='ltr'><strong><em>μάχεσθαις</em></strong></span> <span class='ocrx_word' id='word_1_80' title='bbox 783 1134 929 1205; x_wconf 80' lang='grc' dir='ltr'><strong><em>Οὐκ</em></strong></span> <span class='ocrx_word' id='word_1_81' title='bbox 960 1132 1047 1205; x_wconf 80' lang='grc' dir='ltr'><strong><em>ὅίν</em></strong></span> <span class='ocrx_word' id='word_1_82' title='bbox 1080 1147 1257 1223; x_wconf 90' lang='grc' dir='ltr'><strong><em>ἴσως,</em></strong></span> <span class='ocrx_word' id='word_1_83' title='bbox 1295 1144 1445 1225; x_wconf 81' lang='grc' dir='ltr'><strong><em>ἔφη,</em></strong></span> <span class='ocrx_word' id='word_1_84' title='bbox 1482 1138 1619 1225; x_wconf 75' lang='grc' dir='ltr'><strong><em>ἅμα</em></strong></span> <span class='ocrx_word' id='word_1_85' title='bbox 1654 1164 1748 1225; x_wconf 90' lang='grc' dir='ltr'><strong><em>γε.</em></strong></span> <span class='ocrx_word' id='word_1_86' title='bbox 1796 1136 1966 1207; x_wconf 79' lang='grc' dir='ltr'><em>Οὐδ’</em></span> <span class='ocrx_word' id='word_1_87' title='bbox 1989 1145 2053 1208; x_wconf 87' lang='grc' dir='ltr'><strong><em>εί</em></strong></span> <span class='ocrx_word' id='word_1_88' title='bbox 2066 1144 2255 1226; x_wconf 81' lang='grc' dir='ltr'><strong><em>ἐξείη,</em></strong></span> <span class='ocrx_word' id='word_1_89' title='bbox 2295 1132 2383 1226; x_wconf 86' lang='grc' dir='ltr'><strong><em>ἦν</em></strong></span> 
     </span>
     <span class='ocr_line' id='line_1_11' title="bbox 377 1231 2385 1333; baseline 0 -30"><span class='ocrx_word' id='word_1_90' title='bbox 377 1233 442 1303; x_wconf 80' lang='grc' dir='ltr'><strong><em>δ’</em></strong></span> <span class='ocrx_word' id='word_1_91' title='bbox 480 1234 629 1319; x_wconf 85' lang='grc' dir='ltr'><strong><em>ἐγω,</em></strong></span> <span class='ocrx_word' id='word_1_92' title='bbox 678 1231 1132 1321; x_wconf 79' lang='grc' dir='ltr'><strong><em>ὑποφεύγοντι</em></strong></span> <span class='ocrx_word' id='word_1_93' title='bbox 1176 1236 1299 1303; x_wconf 83' lang='grc' dir='ltr'><strong><em>τὸν</em></strong></span> <span class='ocrx_word' id='word_1_94' title='bbox 1339 1237 1667 1322; x_wconf 86' lang='grc' dir='ltr'><strong><em>πρότερον</em></strong></span> <span class='ocrx_word' id='word_1_95' title='bbox 1699 1235 1802 1305; x_wconf 71' lang='grc' dir='ltr'><strong><em>ἀεὶ</em></strong></span> <span class='ocrx_word' id='word_1_96' title='bbox 1832 1238 2385 1333; x_wconf 84' lang='grc' dir='ltr'><strong><em>προσφερόμενον</em></strong></span> 
     </span>
    </p>

    <p class='ocr_par' dir='ltr' id='par_1_4' title="bbox 299 1331 2593 2009">
     <span class='ocr_line' id='line_1_12' title="bbox 299 1331 2381 1425; baseline 0.002 -26"><span class='ocrx_word' id='word_1_97' title='bbox 299 1355 338 1407; x_wconf 86' lang='lat' dir='ltr'>c</span> <span class='ocrx_word' id='word_1_98' title='bbox 374 1331 876 1421; x_wconf 76' lang='grc' dir='ltr'><strong><em>ἀναστρέφοντα</em></strong></span> <span class='ocrx_word' id='word_1_99' title='bbox 898 1332 1189 1419; x_wconf 72' lang='grc' dir='ltr'><strong><em>κρούειν,</em></strong></span> <span class='ocrx_word' id='word_1_100' title='bbox 1215 1335 1327 1402; x_wconf 82' lang='grc' dir='ltr'><strong><em>καὶ</em></strong></span> <span class='ocrx_word' id='word_1_101' title='bbox 1346 1343 1541 1402; x_wconf 84' lang='grc' dir='ltr'><strong><em>τοῦτο</em></strong></span> <span class='ocrx_word' id='word_1_102' title='bbox 1575 1350 1757 1403; x_wconf 77' lang='grc' dir='ltr'><strong><em>ποιοῖ</em></strong></span> <span class='ocrx_word' id='word_1_103' title='bbox 1775 1336 2089 1415; x_wconf 72' lang='grc' dir='ltr'><strong><em>πολλάκις</em></strong></span> <span class='ocrx_word' id='word_1_104' title='bbox 2122 1338 2196 1403; x_wconf 83' lang='grc' dir='ltr'><strong><em>έν</em></strong></span> <span class='ocrx_word' id='word_1_105' title='bbox 2215 1333 2381 1425; x_wconf 75' lang='grc' dir='ltr'><strong><em>ἡλίῳ</em></strong></span> 
     </span>
     <span class='ocr_line' id='line_1_13' title="bbox 375 1423 2383 1520; baseline 0.001 -22"><span class='ocrx_word' id='word_1_106' title='bbox 375 1457 444 1498; x_wconf 89' lang='grc' dir='ltr'><strong><em>τε</em></strong></span> <span class='ocrx_word' id='word_1_107' title='bbox 467 1434 575 1499; x_wconf 87' lang='grc' dir='ltr'><strong><em>καὶ</em></strong></span> <span class='ocrx_word' id='word_1_108' title='bbox 601 1437 848 1517; x_wconf 70' lang='grc' dir='ltr'><strong><em>πνίγεις</em></strong></span> <span class='ocrx_word' id='word_1_109' title='bbox 873 1423 1002 1516; x_wconf 77' lang='grc' dir='ltr'><strong><em>ἆρα</em></strong></span> <span class='ocrx_word' id='word_1_110' title='bbox 1033 1458 1108 1517; x_wconf 92' lang='grc' dir='ltr'><strong><em>γε</em></strong></span> <span class='ocrx_word' id='word_1_111' title='bbox 1131 1458 1214 1499; x_wconf 89' lang='grc' dir='ltr'><strong><em>ου</em></strong></span> <span class='ocrx_word' id='word_1_112' title='bbox 1194 1429 1346 1500; x_wconf 84' lang='grc' dir='ltr'><strong><em>’καὶ</em></strong></span> <span class='ocrx_word' id='word_1_113' title='bbox 1366 1435 1610 1511; x_wconf 89' lang='grc' dir='ltr'><strong><em>πλέους</em></strong></span> <span class='ocrx_word' id='word_1_114' title='bbox 1629 1430 2000 1520; x_wconf 75' lang='grc' dir='ltr'><strong><em>χειρώσαιτ’</em></strong></span> <span class='ocrx_word' id='word_1_115' title='bbox 2037 1462 2124 1502; x_wconf 88' lang='grc' dir='ltr'><strong><em>αν</em></strong></span> <span class='ocrx_word' id='word_1_116' title='bbox 2156 1433 2383 1501; x_wconf 89' lang='grc' dir='ltr'><strong><em>τοιού-</em></strong></span> 
     </span>
     <span class='ocr_line' id='line_1_14' title="bbox 375 1525 2384 1617; baseline 0 -21"><span class='ocrx_word' id='word_1_117' title='bbox 375 1554 531 1608; x_wconf 88' lang='grc' dir='ltr'><strong><em>τους</em></strong></span> <span class='ocrx_word' id='word_1_118' title='bbox 553 1525 590 1596; x_wconf 85' lang='grc' dir='ltr'>ὁ</span> <span class='ocrx_word' id='word_1_119' title='bbox 611 1537 941 1610; x_wconf 80' lang='grc' dir='ltr'><strong><em>τοιοῦτος;</em></strong></span> <span class='ocrx_word' id='word_1_120' title='bbox 973 1528 1241 1617; x_wconf 81' lang='grc' dir='ltr'><strong><em>Ἀμέλει,</em></strong></span> <span class='ocrx_word' id='word_1_121' title='bbox 1277 1535 1427 1617; x_wconf 81' lang='grc' dir='ltr'><strong><em>ἔφη,</em></strong></span> <span class='ocrx_word' id='word_1_122' title='bbox 1442 1527 1743 1600; x_wconf 71' lang='grc' dir='ltr'><strong><em>ούδὲν”</em></strong></span> <span class='ocrx_word' id='word_1_123' title='bbox 1698 1557 1788 1598; x_wconf 92' lang='grc' dir='ltr'><strong><em>αν</em></strong></span> <span class='ocrx_word' id='word_1_124' title='bbox 1819 1535 2077 1616; x_wconf 84' lang='grc' dir='ltr'><strong><em>γένοιτο</em></strong></span> <span class='ocrx_word' id='word_1_125' title='bbox 2111 1541 2384 1617; x_wconf 78' lang='grc' dir='ltr'><strong><em>θαυμα-</em></strong></span> 
     </span>
     <span class='ocr_line' id='line_1_15' title="bbox 378 1625 2382 1716; baseline 0 -22"><span class='ocrx_word' id='word_1_126' title='bbox 378 1627 556 1694; x_wconf 89' lang='grc' dir='ltr'><strong><em>στόν.</em></strong></span> <span class='ocrx_word' id='word_1_127' title='bbox 598 1625 770 1696; x_wconf 81' lang='grc' dir='ltr'><strong><em>Ἀλλ’</em></strong></span> <span class='ocrx_word' id='word_1_128' title='bbox 795 1626 920 1695; x_wconf 80' lang='grc' dir='ltr'><strong><em>οὐκ</em></strong></span> <span class='ocrx_word' id='word_1_129' title='bbox 945 1638 1067 1696; x_wconf 90' lang='grc' dir='ltr'><strong><em>οἴει</em></strong></span> <span class='ocrx_word' id='word_1_130' title='bbox 1093 1636 1414 1716; x_wconf 86' lang='grc' dir='ltr'><strong><em>πυκτικῆς</em></strong></span> <span class='ocrx_word' id='word_1_131' title='bbox 1436 1636 1638 1698; x_wconf 85' lang='grc' dir='ltr'><strong><em>πλέον</em></strong></span> <span class='ocrx_word' id='word_1_132' title='bbox 1659 1634 1949 1715; x_wconf 81' lang='grc' dir='ltr'><strong><em>μετέχειν</em></strong></span> <span class='ocrx_word' id='word_1_133' title='bbox 1982 1626 2139 1707; x_wconf 77' lang='grc' dir='ltr'><strong><em>τοὺς</em></strong></span> <span class='ocrx_word' id='word_1_134' title='bbox 2170 1637 2382 1697; x_wconf 90' lang='grc' dir='ltr'><strong><em>πλου-</em></strong></span> 
     </span>
     <span class='ocr_line' id='line_1_16' title="bbox 375 1723 2593 1832; baseline 0.002 -43"><span class='ocrx_word' id='word_1_135' title='bbox 375 1731 560 1803; x_wconf 88' lang='grc' dir='ltr'><strong><em>σίους</em></strong></span> <span class='ocrx_word' id='word_1_136' title='bbox 579 1724 897 1814; x_wconf 76' lang='grc' dir='ltr'><strong><em>ἐπιστήμῃ</em></strong></span> <span class='ocrx_word' id='word_1_137' title='bbox 918 1751 988 1792; x_wconf 89' lang='grc' dir='ltr'><strong><em>τε</em></strong></span> <span class='ocrx_word' id='word_1_138' title='bbox 1008 1728 1118 1793; x_wconf 83' lang='grc' dir='ltr'><strong><em>καὶ</em></strong></span> <span class='ocrx_word' id='word_1_139' title='bbox 1141 1723 1499 1813; x_wconf 72' lang='grc' dir='ltr'><strong><em>ἐμπειρίᾳῆ</em></strong></span> <span class='ocrx_word' id='word_1_140' title='bbox 1521 1734 1910 1812; x_wconf 83' lang='grc' dir='ltr'><strong><em>πολεμικῆς;</em></strong></span> <span class='ocrx_word' id='word_1_141' title='bbox 1935 1723 2151 1811; x_wconf 81' lang='grc' dir='ltr'><strong><em>Ἔγωγ</em></strong></span> <span class='ocrx_word' id='word_1_142' title='bbox 2164 1724 2203 1812; x_wconf 82' lang='grc'><strong><em>’,</em></strong></span> <span class='ocrx_word' id='word_1_143' title='bbox 2228 1731 2377 1811; x_wconf 77' lang='grc' dir='ltr'><strong><em>ἔφη.</em></strong></span> <span class='ocrx_word' id='word_1_144' title='bbox 2581 1764 2593 1832; x_wconf 46' lang='lat'>5</span> 
     </span>
     <span class='ocr_line' id='line_1_17' title="bbox 363 1819 2377 1911; baseline 0.001 -23"><span class='ocrx_word' id='word_1_145' title='bbox 363 1820 626 1911; x_wconf 77' lang='grc' dir='ltr'><strong><em>Ῥᾳδίως</em></strong></span> <span class='ocrx_word' id='word_1_146' title='bbox 648 1819 780 1906; x_wconf 72' lang='grc' dir='ltr'><strong><em>ἄρα</em></strong></span> <span class='ocrx_word' id='word_1_147' title='bbox 799 1819 960 1909; x_wconf 78' lang='grc' dir='ltr'><strong><em>ἡμῖν</em></strong></span> <span class='ocrx_word' id='word_1_148' title='bbox 982 1827 1050 1890; x_wconf 77' lang='grc' dir='ltr'><strong><em>οἴ</em></strong></span> <span class='ocrx_word' id='word_1_149' title='bbox 1067 1821 1354 1908; x_wconf 79' lang='grc' dir='ltr'><strong><em>ἀθληταὶ</em></strong></span> <span class='ocrx_word' id='word_1_150' title='bbox 1375 1825 1448 1890; x_wconf 82' lang='grc' dir='ltr'><strong><em>ἐκ</em></strong></span> <span class='ocrx_word' id='word_1_151' title='bbox 1473 1830 1609 1890; x_wconf 78' lang='grc' dir='ltr'><strong><em>τῶν</em></strong></span> <span class='ocrx_word' id='word_1_152' title='bbox 1632 1824 1910 1891; x_wconf 80' lang='grc' dir='ltr'><strong><em>εἰκότων</em></strong></span> <span class='ocrx_word' id='word_1_153' title='bbox 1923 1828 2287 1902; x_wconf 78' lang='grc' dir='ltr'><strong><em>διπλασίοις</em></strong></span> <span class='ocrx_word' id='word_1_154' title='bbox 2308 1849 2377 1891; x_wconf 85' lang='grc' dir='ltr'><strong><em>τε</em></strong></span> 
     </span>
     <span class='ocr_line' id='line_1_18' title="bbox 371 1917 2380 2009; baseline 0.001 -21"><span class='ocrx_word' id='word_1_155' title='bbox 371 1921 481 1988; x_wconf 87' lang='grc' dir='ltr'><strong><em>καὶ</em></strong></span> <span class='ocrx_word' id='word_1_156' title='bbox 523 1926 929 2004; x_wconf 88' lang='grc' dir='ltr'><strong><em>τριπλασίοις</em></strong></span> <span class='ocrx_word' id='word_1_157' title='bbox 971 1917 1196 1988; x_wconf 77' lang='grc' dir='ltr'><strong><em>αὐτῶν</em></strong></span> <span class='ocrx_word' id='word_1_158' title='bbox 1228 1927 1611 2006; x_wconf 82' lang='grc' dir='ltr'><strong><em>μαχοῦνται.</em></strong></span> <span class='ocrx_word' id='word_1_159' title='bbox 1681 1922 2218 2009; x_wconf 86' lang='grc' dir='ltr'><strong><em>Συγχωρήσομαί</em></strong></span> <span class='ocrx_word' id='word_1_160' title='bbox 2253 1942 2380 2007; x_wconf 79' lang='grc' dir='ltr'><strong><em>σοι,</em></strong></span> 
     </span>
    </p>

    <p class='ocr_par' dir='ltr' id='par_1_5' title="bbox 300 2014 2470 2797">
     <span class='ocr_line' id='line_1_19' title="bbox 300 2014 2381 2107; baseline 0.002 -23"><span class='ocrx_word' id='word_1_161' title='bbox 300 2032 344 2084; x_wconf 90' lang='lat' dir='ltr'>D</span> <span class='ocrx_word' id='word_1_162' title='bbox 383 2023 544 2102; x_wconf 81' lang='grc' dir='ltr'><strong><em>ἔφη·</em></strong></span> <span class='ocrx_word' id='word_1_163' title='bbox 580 2021 794 2097; x_wconf 76' lang='grc' dir='ltr'><strong><em>δοκεῖς</em></strong></span> <span class='ocrx_word' id='word_1_164' title='bbox 824 2018 954 2103; x_wconf 76' lang='grc' dir='ltr'><strong><em>γάρ</em></strong></span> <span class='ocrx_word' id='word_1_165' title='bbox 978 2044 1089 2102; x_wconf 89' lang='grc' dir='ltr'><strong><em>μοι</em></strong></span> <span class='ocrx_word' id='word_1_166' title='bbox 1118 2014 1344 2104; x_wconf 79' lang='grc' dir='ltr'><strong><em>ὀρθῶς</em></strong></span> <span class='ocrx_word' id='word_1_167' title='bbox 1379 2021 1611 2104; x_wconf 88' lang='grc' dir='ltr'><strong><em>λέγειν.</em></strong></span> <span class='ocrx_word' id='word_1_168' title='bbox 1674 2027 1758 2087; x_wconf 92' lang='grc' dir='ltr'><strong><em>Τί</em></strong></span> <span class='ocrx_word' id='word_1_169' title='bbox 1786 2019 1871 2106; x_wconf 78' lang='grc' dir='ltr'><strong><em>δ’,</em></strong></span> <span class='ocrx_word' id='word_1_170' title='bbox 1910 2016 1997 2088; x_wconf 72' lang='grc' dir='ltr'><strong><em>ἂν</em></strong></span> <span class='ocrx_word' id='word_1_171' title='bbox 2024 2026 2381 2107; x_wconf 84' lang='grc' dir='ltr'><strong><em>πρεσβείαν</em></strong></span> 
     </span>
     <span class='ocr_line' id='line_1_20' title="bbox 375 2116 2379 2208; baseline 0 -22"><span class='ocrx_word' id='word_1_172' title='bbox 375 2123 749 2205; x_wconf 79' lang='grc' dir='ltr'><strong><em>πέμψαντες</em></strong></span> <span class='ocrx_word' id='word_1_173' title='bbox 796 2125 888 2198; x_wconf 87' lang='grc' dir='ltr'><strong><em>είς</em></strong></span> <span class='ocrx_word' id='word_1_174' title='bbox 928 2116 1054 2205; x_wconf 87' lang='grc' dir='ltr'><strong><em>τὴν</em></strong></span> <span class='ocrx_word' id='word_1_175' title='bbox 1107 2120 1337 2204; x_wconf 79' lang='grc' dir='ltr'><strong><em>ἑτέραν</em></strong></span> <span class='ocrx_word' id='word_1_176' title='bbox 1391 2118 1587 2190; x_wconf 82' lang='grc' dir='ltr'><strong><em>πόλιν</em></strong></span> <span class='ocrx_word' id='word_1_177' title='bbox 1626 2119 1888 2208; x_wconf 75' lang='grc' dir='ltr'><strong><em>τάληθῆ</em></strong></span> <span class='ocrx_word' id='word_1_178' title='bbox 1940 2131 2233 2207; x_wconf 78' lang='grc' dir='ltr'><strong><em>εἴπωσιν,</em></strong></span> <span class='ocrx_word' id='word_1_179' title='bbox 2280 2118 2379 2187; x_wconf 80' lang='grc' dir='ltr'><strong><em>ὅτι</em></strong></span> 
     </span>
     <span class='ocr_line' id='line_1_21' title="bbox 373 2213 2380 2307; baseline 0 -23"><span class='ocrx_word' id='word_1_180' title='bbox 373 2216 558 2304; x_wconf 80' lang='grc' dir='ltr'><strong><em>ἡμεῖς</em></strong></span> <span class='ocrx_word' id='word_1_181' title='bbox 578 2216 700 2304; x_wconf 79' lang='grc' dir='ltr'><strong><em>μὲν</em></strong></span> <span class='ocrx_word' id='word_1_182' title='bbox 714 2215 915 2285; x_wconf 75' lang='grc' dir='ltr'><strong><em>οὐδὲν</em></strong></span> <span class='ocrx_word' id='word_1_183' title='bbox 924 2222 1173 2305; x_wconf 83' lang='grc' dir='ltr'><strong><em>χρυσίω</em></strong></span> <span class='ocrx_word' id='word_1_184' title='bbox 1195 2213 1345 2284; x_wconf 78' lang='grc' dir='ltr'><strong><em>οὐδ’</em></strong></span> <span class='ocrx_word' id='word_1_185' title='bbox 1376 2215 1670 2307; x_wconf 72' lang='grc' dir='ltr'><strong><em>ἄργυρίςο</em></strong></span> <span class='ocrx_word' id='word_1_186' title='bbox 1690 2219 2027 2305; x_wconf 75' lang='grc' dir='ltr'><strong><em>χρώμεθα,</em></strong></span> <span class='ocrx_word' id='word_1_187' title='bbox 2058 2216 2200 2286; x_wconf 78' lang='grc' dir='ltr'><strong><em>οὐδ’</em></strong></span> <span class='ocrx_word' id='word_1_188' title='bbox 2221 2216 2380 2307; x_wconf 79' lang='grc' dir='ltr'><strong><em>ἡμῖν</em></strong></span> 
     </span>
     <span class='ocr_line' id='line_1_22' title="bbox 372 2311 2381 2406; baseline -0.001 -20"><span class='ocrx_word' id='word_1_189' title='bbox 372 2323 587 2405; x_wconf 86' lang='grc' dir='ltr'><strong><em>θέμις,</em></strong></span> <span class='ocrx_word' id='word_1_190' title='bbox 611 2316 769 2404; x_wconf 73' lang='grc' dir='ltr'><strong><em>ὑμῖν</em></strong></span> <span class='ocrx_word' id='word_1_191' title='bbox 792 2321 890 2387; x_wconf 78' lang='grc' dir='ltr'><strong><em>δέ·</em></strong></span> <span class='ocrx_word' id='word_1_192' title='bbox 930 2318 1542 2404; x_wconf 82' lang='grc' dir='ltr'><strong><em>ξυμπολεμήσαντες</em></strong></span> <span class='ocrx_word' id='word_1_193' title='bbox 1564 2311 1693 2386; x_wconf 84' lang='grc' dir='ltr'><strong><em>οὖν</em></strong></span> <span class='ocrx_word' id='word_1_194' title='bbox 1713 2316 1871 2406; x_wconf 87' lang='grc' dir='ltr'><strong><em>μεθ’</em></strong></span> <span class='ocrx_word' id='word_1_195' title='bbox 1901 2315 2091 2404; x_wconf 77' lang='grc' dir='ltr'><strong><em>ἡμῶν</em></strong></span> <span class='ocrx_word' id='word_1_196' title='bbox 2114 2324 2284 2404; x_wconf 82' lang='grc' dir='ltr'><strong><em>ἔχετε</em></strong></span> <span class='ocrx_word' id='word_1_197' title='bbox 2301 2316 2381 2385; x_wconf 82' lang='grc' dir='ltr'>τά</span> 
     </span>
     <span class='ocr_line' id='line_1_23' title="bbox 375 2414 2380 2502; baseline -0.002 -17"><span class='ocrx_word' id='word_1_198' title='bbox 375 2425 511 2485; x_wconf 76' lang='grc' dir='ltr'><strong><em>τῶν</em></strong></span> <span class='ocrx_word' id='word_1_199' title='bbox 553 2419 795 2502; x_wconf 78' lang='grc' dir='ltr'><strong><em>ἑτέρων</em></strong></span> <span class='ocrx_word' id='word_1_200' title='bbox 814 2443 827 2456; x_wconf 95' lang='grc'>·</span> <span class='ocrx_word' id='word_1_201' title='bbox 882 2426 1009 2485; x_wconf 82' lang='grc' dir='ltr'><strong><em>οἴει</em></strong></span> <span class='ocrx_word' id='word_1_202' title='bbox 1047 2414 1231 2495; x_wconf 81' lang='grc' dir='ltr'><strong><em>τινάς</em></strong></span> <span class='ocrx_word' id='word_1_203' title='bbox 1277 2414 1696 2494; x_wconf 79' lang='grc' dir='ltr'><strong><em>ἀκούσαντας</em></strong></span> <span class='ocrx_word' id='word_1_204' title='bbox 1733 2424 1941 2483; x_wconf 82' lang='grc' dir='ltr'><strong><em>ταῦτα</em></strong></span> <span class='ocrx_word' id='word_1_205' title='bbox 1984 2415 2380 2501; x_wconf 73' lang='grc' dir='ltr'><strong><em>αἱρήσεσθαι</em></strong></span> 
     </span>
     <span class='ocr_line' id='line_1_24' title="bbox 371 2509 2470 2600; baseline -0.001 -19"><span class='ocrx_word' id='word_1_206' title='bbox 371 2515 524 2582; x_wconf 79' lang='grc' dir='ltr'><strong><em>κυσὶ</em></strong></span> <span class='ocrx_word' id='word_1_207' title='bbox 548 2521 859 2599; x_wconf 81' lang='grc' dir='ltr'><strong><em>πολεμεῖν</em></strong></span> <span class='ocrx_word' id='word_1_208' title='bbox 880 2529 1169 2600; x_wconf 71' lang='grc' dir='ltr'><strong><em>στερεοῖς</em></strong></span> <span class='ocrx_word' id='word_1_209' title='bbox 1189 2539 1260 2581; x_wconf 86' lang='grc' dir='ltr'><strong><em>τε</em></strong></span> <span class='ocrx_word' id='word_1_210' title='bbox 1280 2516 1391 2582; x_wconf 79' lang='grc' dir='ltr'><strong><em>καὶ</em></strong></span> <span class='ocrx_word' id='word_1_211' title='bbox 1416 2519 1662 2600; x_wconf 74' lang='grc' dir='ltr'><strong><em>ἰσχνοῖς</em></strong></span> <span class='ocrx_word' id='word_1_212' title='bbox 1691 2521 1945 2598; x_wconf 78' lang='grc' dir='ltr'><strong><em>μᾶλλον</em></strong></span> <span class='ocrx_word' id='word_1_213' title='bbox 1977 2509 2021 2598; x_wconf 74' lang='grc' dir='ltr'><em>ἢ</em></span> <span class='ocrx_word' id='word_1_214' title='bbox 2055 2511 2216 2599; x_wconf 81' lang='grc' dir='ltr'><strong><em>μετὰ</em></strong></span> <span class='ocrx_word' id='word_1_215' title='bbox 2250 2538 2380 2580; x_wconf 89' lang='grc' dir='ltr'><strong><em>κυ-</em></strong></span> <span class='ocrx_word' id='word_1_216' title='bbox 2463 2565 2470 2572; x_wconf 79' lang='lat'><em>.</em></span> 
     </span>
     <span class='ocr_line' id='line_1_25' title="bbox 370 2606 2377 2699; baseline -0.001 -20"><span class='ocrx_word' id='word_1_217' title='bbox 370 2619 513 2679; x_wconf 78' lang='grc' dir='ltr'><strong><em>νῶν</em></strong></span> <span class='ocrx_word' id='word_1_218' title='bbox 535 2612 893 2699; x_wconf 82' lang='grc' dir='ltr'><strong><em>προβάτοις</em></strong></span> <span class='ocrx_word' id='word_1_219' title='bbox 910 2619 1099 2680; x_wconf 66' lang='grc' dir='ltr'><strong><em>πίοσί</em></strong></span> <span class='ocrx_word' id='word_1_220' title='bbox 1111 2638 1183 2680; x_wconf 89' lang='grc' dir='ltr'><strong><em>τε</em></strong></span> <span class='ocrx_word' id='word_1_221' title='bbox 1205 2614 1314 2679; x_wconf 85' lang='grc' dir='ltr'><strong><em>καὶ</em></strong></span> <span class='ocrx_word' id='word_1_222' title='bbox 1334 2608 1642 2692; x_wconf 70' lang='grc' dir='ltr'><strong><em>ἁπαλοῖςς</em></strong></span> <span class='ocrx_word' id='word_1_223' title='bbox 1694 2609 1801 2677; x_wconf 77' lang='grc' dir='ltr'><strong><em>Οὔ</em></strong></span> <span class='ocrx_word' id='word_1_224' title='bbox 1832 2637 1946 2696; x_wconf 90' lang='grc' dir='ltr'><strong><em>μοι</em></strong></span> <span class='ocrx_word' id='word_1_225' title='bbox 1983 2615 2181 2678; x_wconf 80' lang='grc' dir='ltr'><strong><em>δοκεῖ.</em></strong></span> <span class='ocrx_word' id='word_1_226' title='bbox 2222 2606 2377 2677; x_wconf 81' lang='grc' dir='ltr'><strong><em>ἀλλ’</em></strong></span> 
     </span>
     <span class='ocr_line' id='line_1_26' title="bbox 370 2705 2378 2797; baseline -0.003 -18"><span class='ocrx_word' id='word_1_227' title='bbox 370 2710 492 2779; x_wconf 80' lang='grc' dir='ltr'><strong><em>ἐὰν</em></strong></span> <span class='ocrx_word' id='word_1_228' title='bbox 515 2715 606 2788; x_wconf 87' lang='grc' dir='ltr'><strong><em>είς</em></strong></span> <span class='ocrx_word' id='word_1_229' title='bbox 625 2716 805 2795; x_wconf 87' lang='grc' dir='ltr'><strong><em>μίαν,</em></strong></span> <span class='ocrx_word' id='word_1_230' title='bbox 830 2716 979 2797; x_wconf 79' lang='grc' dir='ltr'><strong><em>ἔφη,</em></strong></span> <span class='ocrx_word' id='word_1_231' title='bbox 1003 2710 1199 2779; x_wconf 87' lang='grc' dir='ltr'><strong><em>πόλιν</em></strong></span> <span class='ocrx_word' id='word_1_232' title='bbox 1221 2714 1687 2795; x_wconf 79' lang='grc' dir='ltr'><strong><em>ξυναθροισθῇ</em></strong></span> <span class='ocrx_word' id='word_1_233' title='bbox 1708 2706 1787 2775; x_wconf 80' lang='grc' dir='ltr'><strong><em>τὰ</em></strong></span> <span class='ocrx_word' id='word_1_234' title='bbox 1809 2716 1949 2775; x_wconf 78' lang='grc' dir='ltr'><strong><em>τῶν</em></strong></span> <span class='ocrx_word' id='word_1_235' title='bbox 1971 2707 2193 2775; x_wconf 75' lang='grc' dir='ltr'><strong><em>ἄλλων</em></strong></span> <span class='ocrx_word' id='word_1_236' title='bbox 2215 2705 2378 2793; x_wconf 84' lang='grc' dir='ltr'><strong><em>χρή-</em></strong></span> 
     </span>
    </p>

    <p class='ocr_par' dir='ltr' id='par_1_6' title="bbox 292 2802 2585 3482">
     <span class='ocr_line' id='line_1_27' title="bbox 292 2802 2378 2894; baseline -0.002 -21"><span class='ocrx_word' id='word_1_237' title='bbox 292 2836 333 2887; x_wconf 80' lang='lat' dir='ltr'><strong>E</strong></span> <span class='ocrx_word' id='word_1_238' title='bbox 368 2833 559 2894; x_wconf 88' lang='grc' dir='ltr'><strong><em>ματα,</em></strong></span> <span class='ocrx_word' id='word_1_239' title='bbox 597 2804 726 2890; x_wconf 81' lang='grc' dir='ltr'><strong><em>ὅρα</em></strong></span> <span class='ocrx_word' id='word_1_240' title='bbox 760 2805 849 2892; x_wconf 80' lang='grc' dir='ltr'><strong><em>μὴ</em></strong></span> <span class='ocrx_word' id='word_1_241' title='bbox 885 2812 1206 2875; x_wconf 80' lang='grc' dir='ltr'><strong><em>κίνδυνον</em></strong></span> <span class='ocrx_word' id='word_1_242' title='bbox 1240 2810 1415 2894; x_wconf 82' lang='grc' dir='ltr'><strong><em>φέρῃ</em></strong></span> <span class='ocrx_word' id='word_1_243' title='bbox 1446 2814 1531 2894; x_wconf 83' lang='grc' dir='ltr'><strong><em>τῇ</em></strong></span> <span class='ocrx_word' id='word_1_244' title='bbox 1559 2805 1646 2892; x_wconf 71' lang='grc' dir='ltr'><strong><em>μὴ</em></strong></span> <span class='ocrx_word' id='word_1_245' title='bbox 1682 2805 2081 2893; x_wconf 79' lang='grc' dir='ltr'><strong><em>πλοντούσῃ.</em></strong></span> <span class='ocrx_word' id='word_1_246' title='bbox 2127 2802 2378 2872; x_wconf 79' lang='grc' dir='ltr'><strong><em>Εὐδαί-</em></strong></span> 
     </span>
     <span class='ocr_line' id='line_1_28' title="bbox 368 2897 2378 2992; baseline -0.002 -20"><span class='ocrx_word' id='word_1_247' title='bbox 368 2931 515 2992; x_wconf 89' lang='grc' dir='ltr'><strong><em>μων</em></strong></span> <span class='ocrx_word' id='word_1_248' title='bbox 538 2903 616 2989; x_wconf 79' lang='grc' dir='ltr'><strong><em>εἶ,</em></strong></span> <span class='ocrx_word' id='word_1_249' title='bbox 645 2897 736 2989; x_wconf 80' lang='grc' dir='ltr'><strong><em>ἦν</em></strong></span> <span class='ocrx_word' id='word_1_250' title='bbox 756 2901 820 2970; x_wconf 75' lang='grc' dir='ltr'><strong><em>δ’</em></strong></span> <span class='ocrx_word' id='word_1_251' title='bbox 848 2904 999 2990; x_wconf 75' lang='grc' dir='ltr'><strong><em>ἐγώ,</em></strong></span> <span class='ocrx_word' id='word_1_252' title='bbox 1037 2902 1141 2972; x_wconf 81' lang='grc' dir='ltr'><strong><em>ὅτι</em></strong></span> <span class='ocrx_word' id='word_1_253' title='bbox 1173 2914 1296 2973; x_wconf 83' lang='grc' dir='ltr'><strong><em>οἴει</em></strong></span> <span class='ocrx_word' id='word_1_254' title='bbox 1332 2904 1520 2984; x_wconf 79' lang='grc' dir='ltr'><strong><em>ἄξιον</em></strong></span> <span class='ocrx_word' id='word_1_255' title='bbox 1551 2904 1719 2971; x_wconf 79' lang='grc' dir='ltr'><strong><em>εἶναι</em></strong></span> <span class='ocrx_word' id='word_1_256' title='bbox 1750 2902 1961 2989; x_wconf 80' lang='grc' dir='ltr'><strong><em>ἄλλην</em></strong></span> <span class='ocrx_word' id='word_1_257' title='bbox 1991 2900 2138 2969; x_wconf 77' lang='grc' dir='ltr'><strong><em>τινὰ</em></strong></span> <span class='ocrx_word' id='word_1_258' title='bbox 2176 2924 2378 2981; x_wconf 85' lang='grc' dir='ltr'><strong><em>προς-</em></strong></span> 
     </span>
     <span class='ocr_line' id='line_1_29' title="bbox 369 2985 2585 3118; baseline -0.002 -49"><span class='ocrx_word' id='word_1_259' title='bbox 369 3015 578 3070; x_wconf 82' lang='grc' dir='ltr'><strong><em>ειπεῑν</em></strong></span> <span class='ocrx_word' id='word_1_260' title='bbox 599 3001 797 3069; x_wconf 87' lang='grc' dir='ltr'><strong><em>πόλιν</em></strong></span> <span class='ocrx_word' id='word_1_261' title='bbox 817 2997 861 3087; x_wconf 78' lang='grc' dir='ltr'><strong><em>ἦ</em></strong></span> <span class='ocrx_word' id='word_1_262' title='bbox 888 3001 1014 3088; x_wconf 84' lang='grc' dir='ltr'><strong><em>τὴν</em></strong></span> <span class='ocrx_word' id='word_1_263' title='bbox 1047 3004 1365 3088; x_wconf 90' lang='grc' dir='ltr'><strong><em>τοιαύτην</em></strong></span> <span class='ocrx_word' id='word_1_264' title='bbox 1397 3006 1547 3071; x_wconf 78' lang='grc' dir='ltr'><strong><em>οἵαν</em></strong></span> <span class='ocrx_word' id='word_1_265' title='bbox 1576 3000 1758 3089; x_wconf 75' lang='grc' dir='ltr'><strong><em>ἡμεῖς</em></strong></span> <span class='ocrx_word' id='word_1_266' title='bbox 1792 2999 2371 3086; x_wconf 78' lang='grc' dir='ltr'><strong><em>κατεσκευάζομεν.</em></strong></span> <span class='ocrx_word' id='word_1_267' title='bbox 2581 2985 2585 3118; x_wconf 52' lang='lat'><strong>1</strong></span> 
     </span>
     <span class='ocr_line' id='line_1_30' title="bbox 364 3091 2510 3194; baseline -0.002 -27"><span class='ocrx_word' id='word_1_268' title='bbox 364 3097 555 3167; x_wconf 79' lang='grc' dir='ltr'><strong><em>Ἀλλά</em></strong></span> <span class='ocrx_word' id='word_1_269' title='bbox 578 3106 648 3166; x_wconf 86' lang='grc' dir='ltr'><strong><em>τί</em></strong></span> <span class='ocrx_word' id='word_1_270' title='bbox 665 3100 832 3186; x_wconf 79' lang='grc' dir='ltr'><strong><em>μήν;</em></strong></span> <span class='ocrx_word' id='word_1_271' title='bbox 880 3106 1025 3186; x_wconf 77' lang='grc' dir='ltr'><strong><em>ἔφη.</em></strong></span> <span class='ocrx_word' id='word_1_272' title='bbox 1114 3101 1477 3182; x_wconf 80' lang='grc' dir='ltr'><strong><em>Μειζόνως,</em></strong></span> <span class='ocrx_word' id='word_1_273' title='bbox 1500 3091 1587 3186; x_wconf 81' lang='grc' dir='ltr'><strong><em>ἦν</em></strong></span> <span class='ocrx_word' id='word_1_274' title='bbox 1610 3098 1673 3166; x_wconf 80' lang='grc' dir='ltr'><strong><em>δ’</em></strong></span> <span class='ocrx_word' id='word_1_275' title='bbox 1697 3098 1849 3185; x_wconf 72' lang='grc' dir='ltr'><strong><em>ἐγώ,</em></strong></span> <span class='ocrx_word' id='word_1_276' title='bbox 1883 3095 2007 3184; x_wconf 83' lang='grc' dir='ltr'><strong><em>χρὴ</em></strong></span> <span class='ocrx_word' id='word_1_277' title='bbox 2041 3117 2376 3181; x_wconf 85' lang='grc' dir='ltr'><strong><em>προσαγο-</em></strong></span> <span class='ocrx_word' id='word_1_278' title='bbox 2505 3188 2510 3194; x_wconf 13' lang='grc' dir='ltr'>ἡ</span> 
     </span>
     <span class='ocr_line' id='line_1_31' title="bbox 367 3194 2582 3284; baseline -0.001 -21"><span class='ocrx_word' id='word_1_279' title='bbox 367 3197 595 3280; x_wconf 86' lang='grc' dir='ltr'><strong><em>ρεύειν</em></strong></span> <span class='ocrx_word' id='word_1_280' title='bbox 613 3194 731 3276; x_wconf 78' lang='grc' dir='ltr'><strong><em>τοὶς</em></strong></span> <span class='ocrx_word' id='word_1_281' title='bbox 752 3196 954 3277; x_wconf 73' lang='grc' dir='ltr'><strong><em>ἄλλας</em></strong></span> <span class='ocrx_word' id='word_1_282' title='bbox 967 3224 982 3238; x_wconf 91' lang='grc'><em>·</em></span> <span class='ocrx_word' id='word_1_283' title='bbox 1018 3197 1261 3284; x_wconf 80' lang='grc' dir='ltr'><strong><em>ἑκάστη</em></strong></span> <span class='ocrx_word' id='word_1_284' title='bbox 1282 3197 1409 3283; x_wconf 79' lang='grc' dir='ltr'><strong><em>γὰρ</em></strong></span> <span class='ocrx_word' id='word_1_285' title='bbox 1431 3198 1657 3265; x_wconf 73' lang='grc' dir='ltr'><strong><em>αὐτῶν</em></strong></span> <span class='ocrx_word' id='word_1_286' title='bbox 1680 3196 1906 3276; x_wconf 89' lang='grc' dir='ltr'><strong><em>πόλεις</em></strong></span> <span class='ocrx_word' id='word_1_287' title='bbox 1928 3197 2051 3263; x_wconf 84' lang='grc' dir='ltr'><strong><em>εἰσὶ</em></strong></span> <span class='ocrx_word' id='word_1_288' title='bbox 2069 3195 2375 3280; x_wconf 75' lang='grc' dir='ltr'><strong><em>πάμπολ-</em></strong></span> <span class='ocrx_word' id='word_1_289' title='bbox 2581 3203 2582 3206; x_wconf 74' lang='grc'>’</span> 
     </span>
     <span class='ocr_line' id='line_1_32' title="bbox 366 3286 2498 3382; baseline -0.001 -21"><span class='ocrx_word' id='word_1_290' title='bbox 366 3301 494 3382; x_wconf 89' lang='grc' dir='ltr'><strong><em>λαι,</em></strong></span> <span class='ocrx_word' id='word_1_291' title='bbox 542 3292 690 3364; x_wconf 77' lang='grc' dir='ltr'><strong><em>ἀλλ’</em></strong></span> <span class='ocrx_word' id='word_1_292' title='bbox 741 3294 825 3363; x_wconf 82' lang='grc' dir='ltr'><strong><em>οὐ</em></strong></span> <span class='ocrx_word' id='word_1_293' title='bbox 867 3297 1080 3379; x_wconf 86' lang='grc' dir='ltr'><strong><em>πόλις,</em></strong></span> <span class='ocrx_word' id='word_1_294' title='bbox 1129 3295 1203 3364; x_wconf 84' lang='grc' dir='ltr'><strong><em>τὸ</em></strong></span> <span class='ocrx_word' id='word_1_295' title='bbox 1254 3304 1394 3364; x_wconf 74' lang='grc' dir='ltr'><strong><em>τῶν</em></strong></span> <span class='ocrx_word' id='word_1_296' title='bbox 1439 3297 1825 3376; x_wconf 79' lang='grc' dir='ltr'><strong><em>παιζόντων.</em></strong></span> <span class='ocrx_word' id='word_1_297' title='bbox 1891 3294 2014 3361; x_wconf 79' lang='grc' dir='ltr'><strong><em>δύο</em></strong></span> <span class='ocrx_word' id='word_1_298' title='bbox 2056 3295 2199 3380; x_wconf 89' lang='grc' dir='ltr'><strong><em>μέν,</em></strong></span> <span class='ocrx_word' id='word_1_299' title='bbox 2245 3286 2373 3359; x_wconf 70' lang='grc' dir='ltr'><strong><em>κᾶν</em></strong></span> <span class='ocrx_word' id='word_1_300' title='bbox 2493 3304 2498 3308; x_wconf 78' lang='grc'><strong>’</strong></span> 
     </span>
     <span class='ocr_line' id='line_1_33' title="bbox 364 3385 2339 3482; baseline -0.002 -24"><span class='ocrx_word' id='word_1_301' title='bbox 364 3388 592 3461; x_wconf 82' lang='grc' dir='ltr'><strong><em>ὁτιοῦν</em></strong></span> <span class='ocrx_word' id='word_1_302' title='bbox 612 3385 677 3482; x_wconf 77' lang='grc' dir='ltr'><strong><em>ᾖ,</em></strong></span> <span class='ocrx_word' id='word_1_303' title='bbox 704 3401 983 3480; x_wconf 89' lang='grc' dir='ltr'><strong><em>πολεμία</em></strong></span> <span class='ocrx_word' id='word_1_304' title='bbox 1018 3393 1349 3480; x_wconf 82' lang='grc' dir='ltr'><strong><em>ἀλλήλαις,</em></strong></span> <span class='ocrx_word' id='word_1_305' title='bbox 1385 3390 1427 3481; x_wconf 79' lang='grc' dir='ltr'><em>ἡ</em></span> <span class='ocrx_word' id='word_1_306' title='bbox 1463 3392 1586 3479; x_wconf 67' lang='grc' dir='ltr'><strong><em>μὲν</em></strong></span> <span class='ocrx_word' id='word_1_307' title='bbox 1620 3393 1944 3479; x_wconf 85' lang='grc' dir='ltr'><strong><em>πενήτων,</em></strong></span> <span class='ocrx_word' id='word_1_308' title='bbox 1983 3390 2024 3478; x_wconf 84' lang='grc' dir='ltr'><strong><em>ἡ</em></strong></span> <span class='ocrx_word' id='word_1_309' title='bbox 2060 3392 2131 3459; x_wconf 72' lang='grc' dir='ltr'><strong><em>δὲ</em></strong></span> <span class='ocrx_word' id='word_1_310' title='bbox 2165 3398 2339 3456; x_wconf 87' lang='grc' dir='ltr'><strong><em>πλον</em></strong></span> 
     </span>
    </p>
   </div>
   <div class='ocr_carea' id='block_1_3' title="bbox 2587 1838 2594 2496">
    <p class='ocr_par' dir='ltr' id='par_1_7' title="bbox 2587 1838 2594 2496">
     <span class='ocr_line' id='line_1_34' title="bbox 2587 1838 2594 2496; baseline 0 0"><span class='ocrx_word' id='word_1_311' title='bbox 2587 1838 2594 2496; x_wconf 95' lang='lat' dir='ltr'><strong><em> </em></strong></span> 
     </span>
    </p>
   </div>
  </div>
 </body>
</html>
