2602 3928
374 224 504 291 354
1116 227 1688 286 ΠΛΑΤΩΝΟΣ
2327 234 2405 290 36

277 401 347 456 49
386 390 554 458 κατὰ
575 387 781 458 ταύτὰ
803 388 903 474 ὄν,
927 396 1180 474 μίμημα
1204 388 1278 453 δὲ
1297 390 1823 473 παραδείγματος
1843 387 2180 473 δεύτερον,
2203 391 2405 473 γένε-

376 505 485 553 σιν
517 492 669 572 ἔχον
699 489 810 556 καὶ
846 483 1089 570 ὁρατόν
1104 511 1118 525 ·
1155 490 1381 570 τρίτον
1418 485 1489 551 δὲ
1521 483 1669 553 τότε
1714 485 1837 570 μὲν
1871 483 1955 551 οὐ
1987 482 2401 572 διειλόμεθα,

374 591 763 671 νομίσαντες
782 581 864 652 τὰ
910 584 1034 652 δύο
1076 585 1247 664 ἕξειν
1288 587 1554 667 ἱκαναῖς,
1590 589 1722 651 νῦν
1757 585 1830 650 δὲ
1864 580 1901 650 ὁ
1946 583 2141 667 λόγος
2180 588 2404 653 ἔοικεν

373 684 869 768 εἰσαναγκάζειν
903 682 1193 768 χαλεπὸν
1223 683 1335 749 καὶ
1368 679 1673 768 ἀμυδρὸν
1705 678 1876 760 εἶδος
1909 683 2256 768 ἐπιχειρεῖν
2279 682 2404 751 λό-

304 835 314 842 .
370 807 513 866 γοις
533 783 908 868 ἐμφανίσαι.
961 777 1089 847 τίν’
1119 771 1247 847 οὖν
1278 783 1431 863 ἔχον
1463 777 1753 864 δύναμιν
1786 777 1955 846 κατὰ
1986 778 2198 865 φύσιν
2230 778 2401 846 αὐτὸ

373 876 831 965 ὑποληπτέονς
850 876 1117 946 τοιάνδε
1139 874 1445 962 μάλιστα,
1461 874 1676 962 πάσης
1700 874 1868 944 εἶναι
1882 880 2204 964 γενέσεως
2223 875 2403 945 ὑπο-

379 975 582 1062 δοχὴν
620 973 834 1063 αὐτὴν
857 970 1001 1044 οἷον
1021 973 1328 1061 τιθήνην.
1376 983 1630 1059 εἴρηται
1664 976 1788 1059 μὲν
1831 967 1960 1043 οὖν
1997 973 2267 1062 ἀληθές,
2301 979 2410 1043 δεῖ

303 1095 344 1144 Β
378 1074 450 1142 δὲ
472 1073 947 1160 ἐναργέστερον
968 1079 1175 1142 είπεῑν
1200 1073 1353 1157 περὶ
1379 1068 1591 1140 αὐτοῦ
1604 1094 1621 1113 ·
1674 1071 1966 1157 χαλεπὸν
1988 1076 2061 1142 δὲ
2081 1073 2297 1153 ἄλλως
2325 1098 2402 1140 τε

374 1175 488 1241 καὶ
510 1172 681 1240 διότι
701 1180 1263 1259 προαπορηθῆναι
1278 1174 1428 1256 περὶ
1449 1169 1662 1257 πυρὸς
1683 1174 1795 1239 καὶ
1828 1179 1967 1240 τῶν
1986 1169 2148 1258 μετὰ
2183 1167 2402 1257 πυρὸς

376 1269 744 1355 ἀναγκαῖον
785 1271 1031 1338 τούτου
1067 1268 1262 1356 χάριν
1280 1295 1294 1308 ·
1356 1267 1618 1337 τούτων
1657 1266 1789 1356 γὰρ
1834 1275 2043 1341 εἰπεῖν
2091 1270 2408 1355 ἕκαστον,

377 1366 615 1441 ,ὁποῖον
636 1365 845 1448 ὅντως
867 1367 1053 1454 ὕδωρ
1075 1366 1199 1454 χρὴ
1223 1370 1441 1452 λέγειν
1473 1376 1728 1454 μᾶλλον
1760 1363 1805 1453 ἦ
1841 1375 1978 1454 πῦρ
2012 1371 2125 1438 καὶ
2159 1356 2398 1437 ὅποῖον

380 1463 608 1535 ὁτιοῦν
618 1474 876 1553 μᾶλλον
895 1462 940 1554 ἢ
960 1469 1071 1535 καὶ
1092 1466 1356 1536 ἅπαντα
1375 1465 1541 1535 καθ’
1569 1467 1854 1535 ἕκαστόν
1874 1494 1966 1553 τε,
1989 1467 2202 1547 οὕτως
2225 1467 2396 1536 ὥστε

377 1566 507 1635 τινὶ
540 1573 751 1651 πιστῷ
781 1568 891 1635 καὶ
932 1570 1178 1655 βεβαίῳ
1225 1564 1602 1651 χρήσασθαι
1643 1565 1845 1656 λόγῳ,
1886 1565 2201 1651 χαλεπόν.
2257 1574 2401 1644 πῶς

381 1656 507 1732 οὖν
531 1663 611 1749 δὴ
633 1662 821 1732 τοῦτ’
849 1662 1012 1732 αὐτὸ
1035 1665 1147 1732 καὶ
1167 1672 1261 1750 πῇ
1283 1667 1399 1732 καὶ
1415 1670 1484 1732 τί
1497 1667 1649 1750 περὶ
1681 1663 1907 1733 αὐτῶν
1943 1666 2212 1745 εἰκότως
2247 1670 2396 1734 δια-

379 1765 788 1848 πορηθέντες
828 1758 918 1830 ὅὶν
960 1766 1297 1849 λέγοιμεν;
1332 1770 1600 1848 πρῶτον
1638 1765 1781 1848 με’ν,
1824 1761 1864 1831 ὃ
1907 1760 1988 1850 δὴ
2034 1772 2168 1831 νῦν
2209 1763 2395 1849 ὕδωρ

308 1877 346 1927 C
385 1859 848 1947 ὠνομάκαμεν,
885 1861 1320 1947 πηγνύμενον
1351 1857 1439 1940 ὥς
1480 1865 1815 1948 δοκοῦμεν
1846 1868 2086 1940 λίθους
2119 1864 2231 1930 καὶ
2266 1870 2398 1947 γῆν

376 1960 779 2046 γιγνόμενον
800 1955 1083 2046 ὁρῶμεν,
1105 1958 1477 2045 τηκόμενον
1504 1958 1576 2028 δὲ
1611 1962 1720 2030 καὶ
1754 1959 2267 2047 διακρινόμενον
2306 1950 2398 2028 αὖ

376 2056 626 2126 ταύτὸν
637 2064 837 2126 τοῦτο
862 2066 1124 2143 πνεῦμα
1143 2059 1257 2125 καὶ
1278 2054 1462 2143 άέρα,
1488 2062 1951 2142 ξυγκαυθέντα
1973 2061 2047 2127 δὲ
2058 2055 2221 2145 άέρα
2235 2065 2398 2144 πῦρ,

378 2152 712 2244 ἀνάπαλιν
735 2152 807 2223 δὲ
827 2161 967 2239 πῦρ
991 2154 1360 2242 συγκρνθὲν
1382 2155 1494 2222 καὶ
1512 2159 1971 2243 κατασβεσθὲν
2000 2161 2093 2234 εἰς
2120 2160 2306 2224 ἰδέαν
2326 2182 2399 2223 τε

379 2250 582 2320 ἀπιὸν
615 2246 818 2331 αὖθις
850 2253 1063 2338 ἀέρος,
1099 2257 1210 2322 καὶ
1231 2252 1432 2321 πάλιν
1451 2250 1612 2339 άέρα
1634 2252 1945 2334 ξυνιόντα
1967 2256 2079 2322 καὶ
2090 2255 2400 2322 πυκνού-

379 2375 585 2437 μενον
606 2354 812 2435 νέφος
834 2352 944 2419 καὶ
964 2346 1260 2437 ὁμίχλην,
1296 2354 1370 2417 ἐκ
1411 2352 1485 2419 δὲ
1513 2351 1774 2419 τούτων
1808 2357 1904 2420 ἔτι
1936 2359 2191 2438 μᾶλλον
2229 2357 2401 2437 ξυμ-

379 2451 801 2533 πιλουμένων
822 2450 979 2533 ῥέον
1008 2446 1218 2533 ὕδωρ,
1245 2451 1313 2528 ἐξ
1336 2446 1581 2527 ὕδατος
1601 2450 1673 2516 δὲ
1692 2457 1823 2536 γῆν
1857 2453 1969 2518 καὶ
1999 2457 2235 2528 λίθους
2268 2442 2400 2518 αῦ-

379 2556 512 2633 θις,
536 2544 789 2616 κύκλον
809 2572 881 2615 τε
907 2544 1085 2614 οὕτω
1110 2546 1494 2615 διαδιδόντα
1515 2552 1607 2625 είς
1636 2545 1912 2633 ἄλληλα,
1950 2544 2038 2625 ὥς
2067 2554 2399 2634 φαίνεται,

302 2664 345 2715 D
379 2641 504 2732 τὴν
525 2644 819 2729 γε’νεσιν·
864 2641 1040 2712 οὕτω
1065 2644 1146 2732 δὴ
1178 2643 1436 2711 τούτων
1456 2642 1778 2712 οὐδέποτε
1805 2651 1945 2711 τῶν
1981 2642 2205 2713 αὐτῶν
2239 2647 2401 2713 ἑκά-

380 2766 557 2811 στων
579 2747 1113 2831 φανταζομένων,
1138 2756 1332 2810 ποῖον
1355 2740 1580 2812 αὐτῶν
1595 2740 1682 2821 ὥς
1704 2738 1787 2810 ὂν
1804 2740 2040 2813 ,ὁτιοῦν
2061 2750 2258 2810 τοῦτο
2284 2748 2402 2812 καὶ

381 2840 507 2909 οὐκ
551 2839 714 2910 ἄλλο
757 2846 1012 2926 παγίως
1067 2840 1625 2927 διισχυριζόμενος
1679 2839 1806 2909 οὐκ
1851 2847 2259 2927 αἰσχυνεῖταί
2297 2867 2402 2921 τις

295 3000 299 3006 .
382 2941 652 3023 ἑαυτόν;
695 2938 821 3010 ούκ
862 2945 1060 3026 ἔστιν,
1098 2935 1245 3008 ἀλλ’
1294 2936 1753 3025 ἀσφαλέστατα
1790 2947 2026 3029 μακρῷ
2057 2940 2207 3024 περὶ
2236 2939 2398 3005 τού-

381 3063 517 3105 των
528 3042 919 3123 τιθεμένους
942 3028 1072 3104 ὧδε
1094 3039 1313 3123 λέγειν
1327 3064 1340 3077 ·
1367 3034 1471 3105 άεὶ
1490 3034 1530 3105 δ’
1553 3044 1955 3124 καθορῶμεν
1977 3038 2210 3105 ἄλλοτε
2230 3038 2402 3125 ἄλλῃ

381 3136 803 3222 γιγνόμενον,
830 3133 918 3215 ὥς
940 3142 1100 3220 πῦρ,
1127 3135 1214 3222 μὴ
1240 3142 1438 3203 τοῦτο
1463 3132 1630 3203 ἀλλὰ
1652 3133 1726 3204 τὸ
1761 3143 2066 3203 τοιοῦτον
2089 3133 2401 3203 ἑκάστοτε

383 3232 908 3320 προσαγορεύειν
928 3242 1088 3320 πῦρ,
1127 3232 1293 3320 μηδὲ
1328 3233 1514 3318 ὕδωρ
1546 3242 1745 3302 τοῦτο
1782 3231 1947 3301 ἀλλὰ
1982 3231 2058 3299 τὸ
2090 3240 2402 3301 τοιοῦτον

312 3357 352 3406 E
385 3330 509 3416 ἀεί,
531 3330 696 3417 μηδὲ
726 3332 890 3401 ἄλλο
913 3332 1071 3403 ποτε
1101 3336 1307 3419 μηδὲν
1340 3331 1429 3412 ὥς
1461 3358 1613 3401 τινα
1650 3338 1802 3420 ἔχον
1838 3328 2250 3419 βεβαιότητα,
2272 3329 2403 3399 ὅσα

385 3428 762 3508 δεικνύντες
796 3437 892 3520 τῷ
931 3430 1172 3518 ρ’ήματι
1202 3440 1296 3521 τῷ
1330 3432 1482 3500 τόδε
1519 3434 1628 3501 καὶ
1661 3439 1857 3499 τοῦτο
1895 3428 2401 3517 προσχρώμενοι
