2602 3928
932 239 1520 296 ΠΟΛΙΤΕΙΑΣ
1552 230 1622 314 y'.
2185 235 2269 298 99

251 402 434 468 παισὶ
465 402 575 467 καὶ
607 405 978 475 νεανίσκοις
1019 400 1129 465 καὶ
1168 400 1241 464 ἐν
1274 395 1561 483 ἀνδράσι
1590 398 2114 484 βασανιζόμενον
2156 400 2268 466 καὶ

252 496 587 584 ἀκήρατον
617 499 1010 582 ἐκβαίνοντα
1047 496 1493 562 καταστατέον
1538 491 1826 579 ἄρχοντα
1862 502 1978 579 τῆς
2013 495 2267 576 πόλεως
2302 493 2406 551 4¹4

251 599 361 663 καὶ
383 594 672 681 φύλακα,
697 595 807 662 καὶ
822 619 1020 677 τιμας
1043 593 1274 659 δοτέον
1295 590 1412 658 καῖ
1431 595 1626 671 ζῶντι
1652 593 1761 659 καὶ
1784 591 2270 677 τελευτήσαντι,

249 718 486 778 ταφων
507 717 578 760 τε
604 694 872 759 καὶτῶν
896 689 1121 757 ἄλλων
1156 696 1498 779 μνημείων
1526 697 1801 775 μέγιστα
1833 692 1996 774 γέρα
2028 688 2273 776 λαγχά-

250 817 487 858 νοντα·
508 786 656 856 ”τόν
679 788 751 856 δὲ
783 788 873 875 μὴ
905 794 1215 855 τοιοῦτον
1250 785 1663 872 ἀποκριτέον.
1723 789 1996 874 τοιαύτη
2031 814 2147 872 τις,
2183 781 2268 874 ἦν

254 887 317 957 δ’
344 887 493 973 ἐγώ,
520 892 706 956 δοκεῖ
734 913 868 974 μοι,
907 912 958 952 ω
935 878 1331 969 Γλαύκων,
1368 882 1408 970 ἡ
1444 883 1681 971 ἐκλογὴ
1720 886 1888 953 εἶναι
1917 888 2028 954 καὶ
2065 885 2272 953 κατοί-

254 1005 479 1064 στασις
499 1012 634 1053 των
653 982 1000 1070 ἀρχόντων
1022 1008 1093 1049 τε
1125 984 1232 1049 καὶ
1257 983 1606 1069 φυλάκων,
1635 981 1723 1062 ὡς
1743 986 1819 1051 ἐν
1839 983 2051 1074 τύπω,
2075 984 2163 1069 μὴ
2191 982 2267 1050 δι’

254 1080 609 1170 ἀκριβείας,
636 1087 960 1203 εἰρῆσθαι.
1004 1083 1135 1148 Καὶ
1159 1083 1319 1167 ἐμοί,
1341 1073 1388 1167 ἦ
1413 1077 1477 1147 δ’
1502 1079 1597 1164 ὅς,
1622 1079 1800 1149 οὕτω
1823 1106 1916 1170 πῃ
1941 1089 2267 1168 φαίνεται.

245 1173 390 1269 Αρ’
413 1173 542 1248 οὖν
569 1177 660 1259 ὥς
681 1166 952 1268 ἄληθως
981 1174 1360 1262 ὀρθότατον
1393 1187 1620 1247 καλεῖν
1651 1179 1931 1259 τούτους
1961 1181 2085 1267 μὲν
2128 1179 2341 1266 φύ-Β

254 1289 460 1359 λακας
493 1286 838 1357 παντελεῖς
863 1303 1002 1344 των
1035 1302 1106 1343 τε
1141 1279 1396 1355 ἔξωθεν
1442 1285 1776 1365 πολεμίων
1802 1304 1940 1349 των
1971 1304 2043 1347 τε
2086 1276 2273 1357 ἐντὸς

259 1375 588 1464 φιλίων,”
546 1390 727 1457 οπως
753 1378 961 1495 οἱμὲν
982 1373 1068 1462 μὴ
1096 1374 1558 1495 βουλήσονται,
1584 1381 1653 1445 οἷ
1665 1378 1736 1444 δὲ
1757 1378 1846 1464 μὴ
1865 1382 2271 1464 δυνήσονται

253 1489 675 1563 κακουργεῖν,
697 1500 856 1553 τους
858 1450 950 1542 δὲ
970 1476 1182 1557 νέους,
1208 1499 1329 1552 ους
1359 1482 1491 1542 νῦν
1526 1472 1610 1561 δὴ
1643 1476 1951 1560 φύλακας
1985 1478 2269 1543 ἐκαλοῦ-

254 1598 398 1660 μεν,
433 1570 832 1656 ἐπικούρους
863 1586 935 1639 τε
968 1572 1080 1638 καὶ
1102 1568 1403 1657 βοηθοὺς
1422 1586 1558 1649 τοῖς
1578 1598 1715 1639 των
1735 1571 2080 1658 ἀρχόντων
2106 1572 2268 1657 δόγ-

254 1688 488 1757 μασιν;
513 1669 776 1756 Ἔμοιγε
798 1674 1001 1751 δοκεῖ,
1027 1673 1171 1754 ἔφη.

427 1771 582 1834 XXI.
634 1773 748 1845 Τίς
780 1762 869 1834 ἂν
902 1759 1030 1834 οὖν
1064 1765 1245 1852 ἡμῖν,
1290 1758 1380 1852 ἦν
1428 1764 1490 1834 δ’
1536 1766 1686 1852 ἐγώ,
1695 1792 1976 1886 τμηχανη
2011 1768 2267 1850 γένοιτο

253 1873 391 1932 τῶν
417 1870 692 1986 ψευδῶν
712 1891 847 1932 των
867 1867 944 1933 ἐν
966 1867 1181 1932 δέοντι
1203 1869 1642 1951 γιγνομὲνων,
1670 1854 1763 1931 ὦν
1786 1863 1864 1951 δὴ
1894 1872 2022 1931 νῦν
2046 1867 2269 1949 ἐλέγο-

257 1989 399 2049 ιιεν,
422 1962 745 2085 γενναῖόν
756 1990 820 2031 τι
855 1966 930 2031 ἓν
952 1968 1407 2059 ψευδομένους
1439 1979 1657 2033 πεῖσαι
1688 1964 1968 2049 μάλιστα
2001 1963 2126 2051 μὲν
2156 1964 2269 2033 καὶ
2304 1969 2345 2024 0

256 2058 501 2141 αὐτους
521 2087 681 2140 τους
700 2086 1044 2147 αρχοντας,
1079 2068 1141 2129 εἰ
1164 2062 1237 2129 δὲ
1264 2063 1379 2149 μή,
1401 2061 1524 2150 τὴν
1544 2063 1758 2149 α’λλην
1784 2063 2014 2144 πόλιν;
2057 2061 2270 2131 Ποῖόν

255 2186 351 2241 τις
386 2165 534 2245 ἔφη.
600 2159 845 2246 Μηδὲν
864 2157 1121 2243 καινόν,
1158 2152 1247 2245 ἦν
1280 2158 1349 2227 δ’
1383 2161 1537 2246 ἐγώ,
1574 2158 1739 2228 ἄλλα
1765 2161 2155 2229 Φοινικικόν
2186 2189 2267 2245 τι,

256 2259 587 2342 πρότερον
604 2259 730 2344 μὲν
749 2257 878 2345 ἤδη
907 2266 1243 2344 πολλαχοῦ
1265 2260 1563 2345 γεγονός,
1602 2287 1690 2338 ως
1724 2283 1932 2346 φασιν
1970 2263 2041 2328 οἱ
2072 2285 2269 2346 ποιη-

255 2357 363 2423 ταὶ
384 2357 493 2424 καὶ
512 2361 920 2442 πεπείκασιν,
961 2354 1071 2441 ἐφ’
1109 2354 1300 2442 ἡμῶν
1333 2358 1404 2425 δὲ
1438 2356 1523 2425 οὐ
1544 2358 1821 2444 γεγονὸς
1841 2355 1994 2426 οὐδ’
2034 2358 2179 2428 οἶδα
2211 2363 2272 2426 εἰ

256 2456 624 2541 γενόμενον
645 2454 752 2539 ἅν,
778 2470 996 2526 πεῖσαι
1020 2457 1092 2526 δὲ
1114 2467 1359 2546 συχνῆς
1381 2466 1680 2537 πειθοῦς.
1721 2455 1834 2538 Ὡς
1855 2465 2090 2543 ἔοικας,
2115 2465 2265 2546 ἔφη,

256 2555 570 2625 ὀκνοῦντι
590 2556 824 2641 λέγειν.
867 2555 1062 2636 Δόξω
1087 2558 1163 2625 δέ
1187 2579 1312 2640 σοι,
1346 2551 1435 2644 ἦν
1474 2554 1542 2624 δ’
1580 2557 1731 2642 ἐγώ,
1765 2558 1874 2625 καὶ
1897 2555 2055 2643 μάλ’
2088 2556 2268 2625 εἰκό-

170 2737 175 2740 A
255 2683 384 2735 τως
409 2652 653 2741 ὀκνεῖν,
676 2654 946 2723 ἐπειδᾶν
969 2666 1148 2727 εἴπω.
1191 2653 1379 2743 Λέγ’,
1403 2662 1553 2742 ἔφη,
1577 2657 1685 2723 καὶ
1708 2652 1795 2741 μὴ
1811 2662 2050 2741 φοβοῦ.
2073 2658 2266 2742 Λέγω

259 2754 343 2841 δή
356 2780 371 2793 ·
408 2751 758 2822 καίτοιούκ
781 2752 928 2821 οἶδα
953 2751 1149 2842 ὁποίᾳ
1170 2753 1376 2842 τόλμῃ
1397 2749 1441 2839 ἢ
1463 2758 1674 2831 ποίοις
1695 2752 1914 2839 λόγοις
1932 2752 2269 2838 χρώμενος
2298 2774 2341 2825 1>

258 2856 419 2938 ἐρῶ·
463 2853 575 2920 καὶ
608 2853 992 2939 ἐπιχειρήσω
1029 2859 1296 2938 πρῶτον
1328 2852 1449 2938 μὲν
1485 2849 1730 2931 αὐτοὺς
1759 2851 1916 2928 τοὺς
1947 2850 2269 2935 ἄρχοντας

259 2956 522 3017 πείθειν
542 2951 650 3018 καὶ
671 2976 829 3029 τους
852 2951 1269 3037 στρατιώτας,
1292 2957 1513 3018 ἔπειτα
1538 2952 1608 3018 δὲ
1629 2953 1738 3017 καὶ
1762 2947 1884 3035 τὴν
1908 2948 2119 3035 ἄλλην
2141 2950 2271 3017 πό-

261 3143 483 3230 ωσπερ
528 3141 836 3230 ὀνείρατα
886 3146 1168 3216 ἐδόκουν
1211 3155 1419 3215 ταῦτα
1464 3171 1681 3215 παντα
1727 3148 2005 3232 πάσχειν
2045 3173 2117 3214 τε
2160 3150 2271 3214 καὶ

260 3249 611 3328 γίγνεσθαι
633 3246 780 3327 περὶ
803 3242 1070 3332 αὐτούς,
1107 3238 1283 3330 ἦσαν
1314 3247 1386 3311 δὲ
1413 3243 1561 3312 τότε
1584 3252 1661 3331 τῇ
1685 3241 1967 3331 αληθεία
1989 3242 2120 3311 ὑπὸ
2148 3251 2270 3330 γῆς

260 3335 446 3418 ἐντὸς
467 3338 906 3426 πλαττόμενοι
927 3344 1038 3412 καὶ
1063 3343 1462 3429 τρεφόμενοι
1483 3344 1592 3410 καὶ
1624 3340 1813 3409 αὐτοὶ
1840 3345 1947 3409 καὶ
1983 3339 2065 3408 τὰ
2094 3338 2269 3407 όπλα

261 3435 485 3506 αύτων
506 3436 682 3505 καὶ*
644 3465 685 3525 η
708 3436 872 3526 αλλη
897 3440 1100 3528 σκευὴ
1124 3445 1717 3528 δημιουργουμένη,
1748 3437 1968 3592 έπειξὴ
2003 3438 2074 3507 δὲ
2096 3459 2343 3509 παν-Ε
