2602 3928
904 216 1487 276 ΠΟΛΙΤΕΙΑΣ
1521 211 1592 298 y'.
2182 218 2262 283 75

256 367 454 453 οὗτός
484 400 552 441 τε
587 375 696 444 καὶ
730 378 800 442 οἰ
816 348 1006 442 ἄλλοι
1029 377 1291 459 ποιηταὶ
1326 377 1436 442 διὰ
1456 376 1787 462 μιμήσεως
1809 377 1933 465 τὴν
1955 379 2261 500 διήγησιν

254 479 619 540 ποιοῦνται.
663 470 862 540 Πάνυ
884 471 1007 557 μὲν
1029 461 1173 538 οὖν.
1197 475 1286 538 Εἰ
1308 472 1384 538 δέ
1399 497 1477 556 γε
1500 477 1809 559 μηδαμοῦ
1828 473 2131 543 ἕαυτὸν’
2089 501 2259 545 απο-

254 569 609 655 κρύπτοιτο
654 567 690 637 ὁ
732 568 1006 655 ποιητής
1019 618 1038 651 ,
1082 576 1263 635 πᾶσα
1314 595 1402 636 αν
1446 567 1627 659 αὐτῷ
1666 569 1833 639 ἄνευ
1864 572 2195 658 μιμήσεως
2214 571 2257 658 ἡ

255 673 511 753 ποίησίς
535 693 604 734 τε
623 669 733 736 καὶ
755 666 1050 753 διήγησις
1069 679 1385 751 γεγονυῖα
1407 676 1525 754 εἴη.
1583 671 1696 734 ἵνα
1718 669 1791 737 δὲ
1812 667 1900 755 μὴ
1927 669 2198 757 εἴπῃς,”
2156 697 2259 737 οτι
2315 692 2359 742 D

255 762 380 832 οὐκ
400 790 487 831 αυ
507 764 909 851 μανθάνεις,
946 760 1127 842 ὅπως
1161 789 1249 830 αν
1273 770 1470 831 τοῦτο
1457 767 1787 885 γένοιτο,
1831 763 1957 850 ἐγω
1999 766 2254 852 φράσω.

192 887 199 891 ·
257 867 317 930 εἰ
345 860 474 948 γάρ
479 861 765 950 Ὅμηρος
786 860 1026 947 εἰπών,
1073 858 1174 928 ὅτι
1204 852 1475 948 ἦλθεν“
1442 888 1477 929 ο
1500 862 1773 950 Χρύσης
1806 872 1925 951 τῆς
1943 889 2013 932 τε
2034 874 2258 951 θυγα-

252 957 409 1043 τρὸς
440 958 649 1045 λύτρα
683 961 910 1045 φέρων
957 959 1068 1025 καὶ
1102 960 1317 1044 ἱκέτης
1357 985 1491 1027 των
1519 955 1840 1046 Ἀχαιῶν,
1884 962 2164 1054 μάλιστα
2187 963 2257 1030 δὲ

251 1085 389 1126 των
409 1059 770 1145 βασιλέων,
815 1055 977 1142 μετά
999 1063 1196 1124 τοῦτο
1220 1054 1308 1142 μή
1336 1083 1423 1136 ως
1442 1059 1714 1145 Χρύσης
1734 1058 2091 1147 γενόμενος
2112 1065 2254 1128 ἔλε-

251 1182 404 1242 γεν,
430 1152 567 1222 ἀλλ’
592 1159 687 1222 ἔτι
707 1151 796 1232 ὥς
800 1150 1108 1239 Ὅμηρος,
1145 1150 1367 1221 οἷσθ”’
1340 1152 1443 1221 ότι
1465 1152 1591 1223 οὐκ
1611 1182 1699 1222 αν
1720 1148 2050 1243 μίμησιςς
2004 1183 2095 1243 ην
2116 1152 2252 1224 ἀλλ’

254 1250 429 1339 ἁπλῆ
445 1252 759 1338 διήγησις.
788 1249 916 1337 εἶχε
942 1246 1053 1318 δ”
1010 1277 1097 1317 αν
1120 1241 1253 1318 ωδέ
1268 1276 1425 1330 πως·
1452 1254 1689 1338 φράσω
1713 1252 1849 1321 BN
1804 1280 1969 1322 ανευ
1990 1257 2254 1340 μέτρου·

254 1346 338 1416 ού
359 1349 488 1434 γάρ
512 1354 642 1434 εἰμι
662 1348 1014 1435 ποιητικός
1043 1346 1320 1416 ἐλθών
1286 1375 1322 1416 ο
1349 1348 1562 1432 ἱερεὺς
1581 1376 1803 1437 ευχετο
1827 1355 2102 1431 ἐκείνοις
2133 1350 2257 1438 μὲν
2319 1372 2362 1422 Ε

236 1443 412 1526 ’τοὺς
431 1444 638 1525 θεοὺς
661 1450 900 1513 δοῦναι
920 1444 1190 1524 ἑλόντας
1216 1444 1341 1532 τὴν
1371 1453 1617 1532 Τροίαν
1648 1445 1896 1528 αὐτούς
1930 1455 2257 1534 σωθῆναι,

252 1542 377 1629 τὴν
391 1546 461 1611 δὲ
473 1544 811 1630 θυγατέρα
835 1546 904 1610 οἶ
917 1550 1117 1610 λῦσαι
1138 1546 1535 1629 δεξαμένους
1556 1542 1800 1612 ἄποινα
1813 1546 1923 1613 καὶ
1952 1542 2069 1611 τὸν
2089 1542 2259 1612 θεὸν

257 1644 712 1719 αἰδεσθέντας.
738 1646 944 1708 ταῦτα
958 1639 1030 1708 δὲ
1043 1639 1345 1719 εἰπόντος
1355 1638 1566 1707 αὐτου
1542 1645 1650 1708 oc
1659 1643 1783 1726 μὲν
1796 1639 1985 1709 ἄλλοι
2000 1643 2257 1729 έσέβον·

257 1764 331 1806 το
348 1738 460 1805 καὶ
480 1736 840 1826 συνῄνουν,
864 1733 900 1803 6
923 1734 1019 1804 δὲ’
1004 1742 1423 1824 Αγαμέμνων
1446 1734 1786 1825 ἠγρίαινεν
1797 1737 2260 1824 ἐντελλόμενος

258 1841 388 1902 νῦν
408 1859 479 1901 τε
499 1831 761 1902 απιέναι
779 1838 888 1901 καὶ
911 1825 1112 1911 αὖθις
1145 1859 1233 1918 μη
1272 1836 1529 1919 ἐλθεῖν,
1577 1837 1668 1920 μὴ
1697 1832 1880 1924 αὐτῷ
1901 1834 1975 1902 τό
1996 1859 2067 1902 τε
2092 1843 2258 1918 σκῆ-

255 1959 468 2019 πτρον
489 1935 600 2002 καὶ
622 1960 701 2001 τα
722 1939 845 2001 τοῦ
863 1938 1034 2002 θεοῦ
1058 1935 1388 2019 στέμματα
1414 1929 1539 2000 ούκ
1575 1935 1953 2018 ἐπαρκέσοι·
2000 1933 2158 2020 πρὶν
2187 1933 2259 2002 δὲ

255 2039 550 2117 λυθῆναι
561 2028 772 2097 αὐτοῦ
783 2029 906 2115 τὴν
918 2031 1279 2114 θυγατέρα,
1297 2028 1401 2097 ἐν’
1396 2030 1605 2117 Αργει
1617 2034 1745 2118 ἔφη
1767 2031 2085 2117 γηράσειν
2095 2030 2256 2117 μετὰ

255 2120 358 2196 οὗ·
373 2126 633 2197 ἀπιέναι
654 2125 708 2195 δ’
732 2130 991 2210 ἐκέλευε
1004 2127 1113 2194 καὶ
1131 2124 1219 2213 μὴ
1244 2129 1579 2212 ἐρεθίζειν,
1614 2130 1726 2195 ἵνα
1751 2137 1881 2207 σῶς
1903 2133 2127 2197 οἶκαδε
2148 2134 2254 2197 ἔλ-
2291 2148 2396 2208 394

255 2236 386 2293 θοι.
412 2222 448 2294 ὁ
470 2225 542 2294 δὲ
565 2224 937 2312 πρεσβύτης
957 2222 1251 2303 ἀκούσας
1270 2228 1482 2291 ἔδεισέ
1491 2250 1561 2291 τε
1574 2228 1683 2293 καὶ
1697 2222 1890 2315 ἀπῄει
1903 2234 2075 2313 σιγῇ,
2099 2226 2257 2295 άπο-

255 2325 556 2409 χωρήσας
579 2326 650 2390 δὲ
671 2325 741 2390 ἐκ
756 2329 875 2404 τοῦ
892 2325 1340 2407 στρατοπέδου
1359 2321 1570 2391 πολλὰ
1595 2332 1687 2412 τςὸ
1699 2320 2064 2392 Ἀπόλλωνι
2080 2323 2257 2412 εὔχε-

255 2448 363 2505 το,
398 2421 514 2499 τάς
538 2445 608 2487 τε
634 2423 1008 2504 ἐπωνυμίας
1039 2426 1159 2487 τοῦ
1180 2427 1352 2487 θεοῦ
1374 2417 1728 2489 ἀνακαλων
1750 2418 1918 2492 καὶ’
1882 2422 2259 2509 υπομιμνή-

257 2540 439 2586 σκων
459 2515 629 2586 καὶ’
590 2524 911 2602 απαιταῖν,
937 2525 1003 2585 εί
1015 2542 1077 2584 τι
1099 2516 1363 2584 πώποτε
1378 2513 1423 2603 ἦ
1448 2521 1521 2586 ἐν
1543 2545 1730 2585 ναων
1751 2520 2257 2640 οἰκοδομήσεσιν

254 2644 296 2702 η
268 2613 392 2684 ”dv
415 2619 616 2699 ιἐρων
646 2620 913 2692 θυσίαις
925 2617 1399 2701 κεχαρισμένον
1434 2615 1818 2702 δωρήσαιτο·
1845 2642 1944 2684 ων
1956 2615 2036 2703 δη
2066 2617 2260 2704 χάριν

258 2713 606 2799 κατεύχετο
621 2725 794 2780 τῖσαι
805 2708 962 2790 τοὺς
979 2709 1268 2797 Ἀχαιοὺς
1279 2711 1361 2780 τά
1375 2709 1420 2778 ἃ
1443 2712 1701 2799 δάκρυα
1721 2726 1858 2792 τοῖς
1878 2716 2138 2782 ἐκείνου
2158 2718 2261 2802 βέ-

260 2819 474 2879 λεσιν.
521 2808 764 2894 οὕτως,
786 2802 874 2895 ἦν
894 2807 963 2876 δ’
985 2809 1116 2895 ἐγώ
1132 2860 1150 2894 ,
1197 2836 1248 2878 ω
1275 2812 1518 2895 ἑταῖρε,
1543 2808 1708 2879 άνευ
1729 2811 2061 2897 μιμήσεως
2081 2808 2256 2900 απλῆ
2315 2834 2355 2884 Β

261 2908 556 2994 διήγησις
577 2914 886 2993 γίγνεται.
953 2908 1351 2993 Μανθάνω,
1398 2911 1543 2994 ἔφη.

425 3010 552 3072 vll.
594 3005 932 3072 Μάνθανε
971 3011 1236 3090 τοίνυν,
1280 2998 1327 3091 ἦ
1330 3032 1371 3071 ν
1414 3000 1471 3072 δ’
1521 3004 1652 3089 ἐγώ
1665 3053 1684 3090 ,
1742 3002 1844 3073 ὅτι
1884 3007 2127 3093 ταύτης
2170 3000 2262 3075 αὖ

259 3106 522 3170 ἐναντία
544 3107 836 3187 γίγνεται
850 3152 867 3185 ,
890 3099 1054 3169 ὅταν
1085 3128 1180 3180 τις
1199 3101 1281 3172 τὰ
1314 3109 1435 3168 τοῦ
1459 3108 1735 3187 ποιητοῦ
1758 3102 1837 3169 τὰ
1859 3102 2100 3189 μεταξύ
2122 3113 2261 3171 τῶν

257 3200 518 3289 ῥήσεων
540 3203 818 3284 ἐξαιρῶν
838 3195 918 3265 τὰ
941 3196 1250 3287 ἀμοιβαῖα
1272 3205 1650 3286 καταλείπῃ.
1704 3202 1834 3268 Καὶ
1856 3209 2050 3270 τοῦτο
2067 3252 2084 3285 ,
2108 3208 2259 3288 ἔφη,

258 3298 587 3385 μανθάνω
602 3347 621 3382 ,
666 3294 769 3363 ὅτι
791 3303 927 3365 ἔστι
945 3294 1021 3363 τὰ
1045 3302 1194 3384 περὶ
1215 3295 1334 3378 τὰς
1355 3302 1722 3387 τραγῳδίας
1742 3308 2065 3369 τοιοῦτον.
2114 3298 2261 3386 Ὀρ-

263 3398 512 3464 θότατα
526 3447 544 3480 ,
586 3400 792 3481 ἔφην,
840 3391 1161 3482 ὑπέλαβες
1177 3445 1194 3478 ,
1241 3397 1350 3464 καὶ
1384 3393 1567 3481 οἶμαί
1605 3416 1712 3462 σοι
1755 3394 1882 3481 ήδη
1923 3400 2175 3483 δηλοῦν
2222 3392 2261 3460 ὃ
