2602 3928
1055 262 1527 313 PRAEFATIO.
2213 278 2363 317 xxm

214 411 309 462 pto
343 386 704 460 ἐξαγαγόντες
740 404 791 445 et
824 381 969 528 ιῗτα
1004 395 1041 447 δ
1074 393 1316 463 {vavrae
1357 400 1717 466 amplecterer,
1760 415 2050 464 quanquam
2083 402 2223 453 haud
2254 405 2360 454 scio

211 480 278 514 an
309 466 470 530 priori
504 465 618 515 loco
654 466 823 530 aptius
1128 482 1252 525 ντες
1289 470 1609 535 conjecerim.

351 602 410 652 In
445 603 691 667 epitome,
728 618 858 666 quae
892 604 1086 656 Timaei
1120 606 1266 656 Locri
1295 619 1484 656 nemen
1517 607 1757 657 mentitur
1771 641 1786 667 ,
1818 607 2055 669 quoniam
2086 609 2198 661 Par.
2239 611 2359 661 sub-

209 671 345 721 sidio
379 685 636 731 caremus,
683 673 919 724 omnibus
952 675 1049 724 rite
1083 674 1351 740 pensitatis
1383 675 1683 740 plerumque
1726 675 1795 725 ad
1832 675 1963 730 Ven.
1997 673 2053 730 Ξ
2086 677 2254 727 redire
2284 680 2359 728 vi-

210 754 324 789 sum
361 747 465 799 est,
501 740 746 793 adhibitis
773 742 998 793 seeundo
1030 743 1142 794 leco
1165 742 1412 793 Parisinis
1447 745 1485 794 Ι
1515 750 1567 794 et
1597 743 1685 805 M,
1723 743 1911 807 quibus
1953 744 2106 795 ettam
2136 747 2187 798 J.
2214 747 2261 797 J.
2296 747 2361 797 de

210 806 399 859 Gelder
424 808 477 858 in
507 809 731 860 editione
749 810 1085 877 Lugdunensi
1120 811 1258 865 1836
1291 814 1538 864 non'sine
1567 812 1739 864 fructu
1772 826 1898 862 nens
1930 819 2033 873 est3
2070 814 2160 877 qni
2191 821 2360 866 tamen

209 877 351 939 quod
373 878 583 928 eosdem
611 878 773 930 literis
799 878 841 930 B
868 887 921 931 et
947 878 988 931 Ο
1018 882 1301 949 insignivit,
1338 883 1498 948 probe
1527 882 1839 933 monendum
1871 890 1968 942 cst,
1998 896 2066 932 ne
2092 898 2210 933 cum
2232 883 2359 934 Bek-

208 946 435 995 kerianis
470 946 511 996 B
548 955 598 997 et
644 945 685 998 0
731 948 1133 1010 confundantur,
1181 951 1370 1012 quibus
1410 951 1510 1001 etsi
1554 950 1816 1002 Bckkcrus
1862 951 2080 1001 muitum
2122 953 2360 1003 tribuisse

208 1015 443 1074 videtur,
492 1017 729 1079 equidem
777 1031 843 1068 ne
883 1025 1076 1069 tantam
1118 1020 1329 1082 quidem
1374 1027 1615 1082 quantem
1647 1021 1845 1071 Veneto
1892 1018 1942 1069 Φ
1986 1018 2142 1070 fidem
2180 1020 2356 1072 habui.

207 1083 283 1133 De
324 1083 541 1134 dialecto
575 1092 777 1135 tantum
808 1100 989 1151 presse
1021 1087 1307 1139 Bekkcrum
1340 1095 1544 1139 secutus
1580 1104 1725 1148 sum;
1761 1090 1912 1154 cujus
1948 1104 2105 1151 quum
2138 1089 2370 1155 locuple«.

205 1154 437 1202 tissimus
466 1152 729 1217 hujusrci
759 1153 947 1206 arbiter
977 1155 1261 1207 Ahrensins
1295 1157 1354 1206 Τ.
1385 1157 1450 1207 11.
1483 1171 1535 1222 p.
1569 1158 1637 1209 23
1672 1172 1844 1208 curam
1875 1158 2181 1222 probaverit,
2218 1159 2358 1209 nolui

206 1222 435 1286 argutari
468 1223 521 1271 in
558 1223 762 1285 formis,
798 1224 864 1274 de
898 1225 1082 1287 quibus
1118 1225 1260 1276 haud
1294 1227 1401 1276 scio
1433 1240 1500 1277 an
1535 1240 1599 1276 ne
1644 1227 1747 1292 ipsi
1780 1227 1988 1289 quidem
2028 1227 2190 1278 libelli
2233 1230 2357 1278 scri-

206 1290 345 1356 ptori
379 1290 576 1353 liquido
611 1292 920 1352 constiterit3
957 1292 1182 1358 relique,
1207 1295 1306 1345 ubi
1340 1301 1429 1345 aut
1462 1294 1708 1346 librorum
1735 1293 1891 1346 fldem
1913 1301 2002 1345 ant
2033 1295 2357 1361 conjecturae

205 1358 461 1409 medelam
490 1361 742 1424 potiorem
762 1360 942 1420 habui,
978 1361 1109 1414 haec
1137 1363 1250 1415 fere
1275 1372 1423 1413 sunt:
1459 1364 1518 1419 Ρ.
1547 1363 1617 1416 93
1642 1365 1693 1415 Δ
1720 1355 1875 1424 ὄντα,
1910 1364 2051 1427 quod
2086 1380 2151 1417 ex
2184 1363 2359 1417 <wau

206 1426 369 1484 Bekk.
411 1428 625 1493 adjerit,
660 1429 842 1480 sustuli
859 1465 874 1490 ,
911 1437 1163 1482 structure
1197 1447 1428 1495 quoquc,
1460 1441 1516 1482 ut
1547 1433 1759 1498 opinor,
1797 1431 2027 1494 favente,
2063 1448 2197 1496 quac
2228 1447 2357 1483 συν-

206 1495 361 1547 αίτια
395 1499 820 1562 praecedentibus
861 1498 1058 1564 copulis
1090 1502 1160 1551 ad
1188 1501 1468 1566 praedicati
1503 1501 1672 1552 locum
1699 1502 1919 1566 deprimi
1951 1516 2105 1568 segre
2135 1504 2355 1568 petitum

204 1573 364 1629 utque
395 1581 519 1616 mox
550 1558 642 1617 αἐὶ
675 1574 794 1632 post
826 1561 982 1632 εἶμεν
1014 1570 1351 1634 plurimorum
1382 1569 1625 1621 librorum
1651 1584 1904 1622 consensu
1938 1570 2166 1621 oblatum
2194 1570 2353 1623 liben-

203 1644 283 1685 ter
315 1636 525 1699 recepi,
570 1636 642 1687 ite
675 1644 893 1699 quatuor
930 1636 1036 1688 illis
1078 1653 1182 1690 non
1213 1653 1331 1688 sum
1366 1639 1668 1699 deterritus,
1706 1654 1771 1691 nc
1806 1647 1894 1689 aut
1925 1653 1981 1704 p.
2020 1638 2091 1690 94
2130 1642 2179 1690 A
2211 1640 2353 1705 vulg.

203 1694 470 1767 ἄμορφον
510 1718 606 1769 pro
651 1695 995 1770 οἷμόοφωτον
1034 1722 1326 1758 revocarem
1367 1715 1457 1757 eut
1500 1722 1558 1772 p.
1597 1706 1669 1759 94
1700 1708 1743 1758 Β
1786 1698 1903 1757 ἐντὶ
1949 1715 2069 1772 post
2108 1698 2280 1773 ἀρχαὶ
2324 1724 2357 1760 a

203 1774 366 1824 tribus
390 1774 598 1838 optimis
626 1776 1030 1827 commendatum
1049 1791 1146 1842 pro
1169 1767 1423 1825 ἐναντίαι
1451 1777 1828 1837 substituerem,
1865 1777 2169 1841 praesertim
2199 1793 2357 1841 quum

206 1844 321 1907 ipsa
356 1841 445 1893 illa
477 1843 762 1910 principia,
813 1847 1051 1908 quamvis
1085 1845 1337 1897 contraria
1377 1845 1509 1897 inter
1542 1859 1600 1895 se
1634 1845 1762 1904 sint,
1795 1855 1965 1897 tamen
1998 1859 2101 1895 non
2133 1845 2232 1897 hoc
2265 1862 2356 1897 no-

204 1912 369 1972 mine,
419 1912 514 1961 sed
557 1913 628 1962 ita
673 1914 844 1979 potius
881 1922 1359 1975 commemorentur,
1406 1922 1464 1963 ut
1481 1914 1852 1982 ,conjunctione
1895 1926 1991 1964 sue
2029 1915 2199 1966 omnia
2241 1915 2355 1967 effl-

203 1983 360 2035 cient.
399 2007 473 2019 -
513 1982 570 2036 P.
606 1981 676 2032 94
713 1982 751 2033 G
791 1978 884 2033 ταὶ
918 1999 1013 2050 pro
1047 1979 1145 2034 καὶ
1181 1980 1489 2047 &sanctonae
1524 2000 1592 2034 ex
1632 1984 1767 2049 conj.
1808 1984 1993 2049 scripsi
2027 1999 2127 2034 nou
2164 1986 2353 2045 minus,

204 2067 235 2102 ο
276 2051 420 2109 inor,
469 2053 754 2101 necessaria
787 2067 940 2115 qnam
987 2054 1123 2104 facili
1171 2054 1240 2104 ad
1286 2054 1424 2104 idem
1472 2053 1791 2119 exemplum,
1839 2067 1941 2115 quo
1985 2052 2080 2103 inf.
2116 2067 2171 2118 p.
2208 2052 2278 2105 98
2312 2053 2353 2103 Β

202 2065 308 2182 pgr
348 2113 449 2168 καὶ
488 2134 586 2184 pro
615 2112 717 2183 μὲν
755 2116 850 2171 ταὶ
891 2123 944 2173 in
982 2123 1096 2176 cod.
1133 2124 1171 2172 I
1202 2123 1445 2186 scriptum
1483 2131 1592 2182 est3
1632 2137 1754 2173 mox
1791 2129 1961 2172 autem
1994 2117 2212 2185 δέχοιτο
2257 2137 2352 2189 pro

202 2184 459 2268 δέῃοιντο
490 2189 559 2239 ad
598 2180 826 2252 σώματα
859 2191 1183 2242 referendum
1217 2205 1283 2243 ex
1314 2189 1477 2246 ,ΕἸΜ
1508 2200 1559 2242 et
1591 2191 1732 2241 Mon.
1756 2190 1801 2239 B
1836 2192 2025 2255 recepi,
2062 2191 2354 2256 ibidemque

219 2272 393 2307 ταντα
429 2243 602 2308 τᾶλλα
633 2274 724 2323 pro
756 2245 929 2310 τᾶλλα
962 2252 1152 2310 πάντα
1181 2268 1231 2312 et
1264 2254 1362 2310 καὶ
1396 2267 1513 2310 ante
1546 2251 1902 2324 σφαιροειδὲς
1937 2274 1970 2310 a
1998 2260 2158 2315 Bekk.
2197 2262 2353 2311 omis-

201 2343 321 2379 eum
347 2328 578 2386 restitui;
616 2328 836 2391 denique
859 2322 1041 2393 ὁρμᾶν
1067 2331 1132 2380 ab
1161 2329 1343 2380 eodem
1373 2344 1441 2379 ex
1470 2327 1614 2381 080
1638 2332 1691 2380 in
1715 2320 1861 2392 ὁρμαὶ
1885 2337 2131 2380 mutatum
2154 2330 2353 2389 reduxi,

200 2397 322 2460 quia
353 2397 724 2448 substantivum
747 2405 837 2448 aut
865 2399 1131 2450 articulum
1156 2389 1196 2447 ἀ
1222 2404 1311 2447 aut
1335 2398 1722 2463 praecedentem
1748 2398 1975 2448 dativum
2004 2413 2097 2463 pro
2127 2399 2351 2465 genitivo

202 2467 436 2531 flagitare
469 2465 750 2519 videbatur.
785 2493 853 2505 ·-
883 2469 943 2521 P.
972 2467 1040 2520 95
1066 2466 1107 2519 0
1135 2457 1454 2517 κοῒνᾶπαλιν
1479 2482 1576 2533 pro
1610 2453 1719 2518 κᾶν
1749 2460 1921 2516 πάλιν
1955 2465 2200 2518 Gelderus
2233 2482 2349 2519 con·

196 2536 324 2598 jecit
360 2550 560 2600 egoque
597 2534 810 2586 libenter
836 2538 1034 2603 recepi,
1071 2551 1363 2600 quanquam
1397 2536 1539 2587 haud
1563 2538 1671 2588 scio
1696 2550 1764 2587 an
1786 2536 1938 2586 etiam
1969 2536 2130 2586 lenior
2153 2537 2353 2588 medela

202 2593 507 2682 κᾶμπαλιν,
531 2603 711 2663 fuerin
756 2620 877 2656 mox
916 2614 1086 2656 autem
1121 2596 1401 2655 οἷπολιπὲν
1439 2606 1611 2672 potius
1645 2620 1800 2668 qnam
1834 2595 2163 2655 ἀπολείπειν
2199 2606 2349 2657 scribi

201 2673 444 2726 librorum
467 2672 772 2723 απολιπεῖν
800 2674 1146 2727 exhibentium
1166 2675 1390 2740 vestigia
1412 2674 1703 2739 jusserunt,
1730 2674 1814 2724 cui
1845 2689 1911 2724 ne
1942 2688 2184 2738 praesens
2217 2674 2346 2739 λαμ·

201 2734 373 2809 βᾶνεν
405 2743 607 2792 obstare
639 2751 789 2807 putes
804 2780 818 2802 ,
856 2744 925 2794 cf.
963 2743 1115 2810 Spec.
1153 2743 1284 2795 Plnt.
1321 2758 1375 2809 p.
1417 2742 1485 2794 18
1518 2751 1567 2793 et
1600 2744 1807 2798 Weber.
1842 2744 1909 2793 ed
1937 2743 2202 2795 Demosth.
2236 2746 2351 2794 Ari-

200 2820 352 2862 stocr.
388 2826 444 2877 p.
474 2809 594 2866 134.
633 2836 704 2848 -
737 2813 797 2866 P.
834 2811 904 2866 96
936 2813 977 2863 Β
1012 2797 1191 2863 οὖσαν
1221 2813 1363 2872 libri,
1397 2803 1575 2862 οὖσᾶν
1604 2810 1756 2874 Bs‘r;
1793 2818 1848 2863 et
1880 2813 2077 2876 primus
2110 2828 2349 2864 numerus

201 2890 280 2932 est
325 2879 704 2931 CCCLXXXIV
747 2888 987 2934 constans
1024 2898 1092 2932 ex
1133 2889 1353 2963 quatuor
1385 2882 1665 2962 unitatibus
1710 2896 1826 2963 cigm
1870 2887 1985 2931 octo
2015 2883 2254 2961 'denariis
2301 2892 2350 2933 et

199 2951 360 3001 tribue
391 2950 725 3008 centenariis;
761 2958 898 3002 recte
932 2951 1093 3016 igitur
1123 2965 1162 2999 α
1188 2943 1377 3011 ’.τοέτα
1407 2947 1677 3015 μοναδων
1706 2961 1850 2999 ovea
1876 2962 2148 3015 τεττορων
2174 2952 2351 3017 appel·

199 3020 348 3069 latur.
372 3043 446 3055 —
465 3018 596 3068 Ibid.
638 3019 843 3084 optione
876 3020 1014 3081 date,
1051 3027 1220 3071 utrum
1255 3019 1514 3085 vulgatam
1549 3009 1879 3084 πληοοὸμασι
1911 3033 1977 3069 an
2012 3020 2150 3083 quod
2184 3021 2346 3071 Bekk.

199 3102 264 3137 ex
306 3085 489 3139 BGDI
519 3087 700 3137 ascivit
743 3079 1183 3153 συμπληροᾶμασι
1221 3088 1576 3153 amplecterer,
1626 3090 1683 3139 id
1714 3087 1963 3154 praetuli,
2006 3089 2146 3151 quod
2183 3091 2347 3140 mino·

196 3169 303 3205 rem
339 3162 657 3205 correcturae
693 3159 918 3223 speciem
952 3166 1175 3224 gereret3
1211 3160 1266 3207 in
1301 3158 1511 3221 reliquis
1539 3166 1708 3209 autem
1722 3193 1737 3218 ‚
1776 3171 2063 3221 quanquam
2098 3152 2194 3209 καὶ
2232 3168 2349 3210 ante

202 3213 494 3288 ἐπογδόοις
534 3225 661 3275 mihi
694 3242 797 3279 non
828 3227 997 3293 magis
1021 3227 1641 3278 tolerandum=videbatur
1675 3242 1825 3290 quem
1860 3226 2014 3276 unius
2050 3228 2167 3281 cod.
2198 3227 2345 3278 lectio

196 3308 229 3342 a
263 3293 480 3346 Geldero
513 3302 719 3359 recepta
755 3288 1003 3361 λήμμασι
1026 3297 1236 3360 -ipsa
1271 3297 1405 3346 enim
1440 3287 1686 3360 ἐπόγδοα
1721 3302 1839 3346 sunt
1872 3289 2220 3359 πληρώματα
2255 3323 2343 3357 -,

198 3361 326 3414 illud
355 3369 551 3413 tantum
586 3363 713 3414 mihi
743 3365 958 3429 indulsi,
998 3372 1054 3415 ut
1086 3354 1366 3429 μυριάδας
1399 3366 1513 3429 ipsa
1548 3372 1799 3416 structura
1827 3364 2040 3429 jubente
2075 3380 2192 3416 cum
2226 3364 2338 3415 cod.

197 3429 313 3484 Vat.
346 3433 400 3482 in
438 3423 736 3497 μυριάδων
777 3441 1026 3484 mutarem
1063 3448 1123 3484 ac
1159 3434 1400 3503 deinceps
1434 3448 1550 3484 cum
1587 3432 1801 3485 Geldero
1836 3440 1982 3483 vetus
2024 3434 2344 3499 diagramma
