2602 3928
214 224 286 283 79
332 255 349 270 „
1046 222 1509 281 ΤιΜΑΙοΣ.
2081 185 2233 291 ’397

214 379 257 469 ἢ
286 380 362 450 τὸ
388 388 733 468 προσῆκον
754 387 1016 466 πνεῦμα
1043 379 1251 448 εἰσιόν
1272 378 1353 448 τά
1376 381 1500 467 μὲν
1521 379 1604 448 ού
1625 384 2038 468 τυγχάνοντα
2066 385 2234 455 άνα-

213 487 430 567 ψυχῆς
451 480 666 566 σήπει,
686 479 766 548 τιὶ
791 480 864 548 δὲ
888 486 1025 546 τῶν
1057 485 1329 566 φλεβῶν
1365 480 1867 566 διαβιαζόμενον
1898 486 2007 551 καὶ
2042 488 2235 564 ξυνε-

213 578 583 663 πιστρέφον
605 575 774 645 αὐτὰ
796 577 1004 664 τῆκόν
1022 602 1092 645 τε
1106 573 1179 643 τό
1198 583 1388 663 σῶμα
1412 583 1504 657 εἰς
1523 575 1597 646 τό
1622 582 1829 665 μέσον
1850 580 2061 648 αὐτοῦ
2084 583 2233 650 διά-

215 677 493 762 φραγμά
528 674 589 743 τ’
623 685 809 761 ἴσχον
843 674 1475 762 ἐναπολαμβάνεται,
1512 678 1623 744 καὶ
1659 683 1864 764 μυρία
1906 678 1986 765 δὴ
2024 679 2229 766 νοσή-
2258 702 2307 751 Ἐ

213 799 389 860 ματα
412 778 484 842 ἐκ
505 775 767 844 τούτων
786 769 1059 858 άλγεινᾶ
1084 772 1244 858 μετὰ
1281 773 1588 858 πλήθους
1612 778 1886 859 ἱδρῶτος
1916 773 2232 862 ἀπείργα-

214 891 386 938 σται.
447 871 764 950 πολλάκις
823 867 886 936 δ’
941 872 1016 937 ἐν
1051 876 1147 958 τῷ
1189 868 1443 955 σώματι
1490 874 1942 959 διακριθείσης
1990 872 2234 959 σαρκὸς

215 974 480 1054 πνεῦμα
504 968 945 1054 ἐγγενόμενον
966 968 1078 1034 καὶ
1108 964 1490 1034 ἀδυνατοῦν
1520 971 1639 1048 ἔξω
1677 978 2097 1056 πορευθῆναι
2116 970 2234 1051 τὰς

217 1063 424 1144 αὐτὰς
464 1077 621 1142 τοϊςχ
643 1064 1236 1149 ἐπεισεληλυθόσιν
1288 1060 1527 1143 ὠδῖνας
1573 1066 1877 1152 παρέσχε,
1928 1074 2234 1158 μεγίστας

218 1166 313 1248 δέ,
379 1160 542 1230 ὅταν
586 1164 735 1246 περὶ
767 1160 848 1230 τὰ
882 1168 1092 1248 νεῦρα
1136 1162 1247 1230 καὶ
1280 1159 1362 1227 τὰ
1398 1162 1606 1250 ταύτῃ
1644 1167 1881 1250 φλέβια
1913 1163 2234 1252 περιστάν

223 1263 336 1329 καὶ
377 1259 740 1345 άνοιδῆσαν
784 1258 944 1336 τούς
982 1283 1052 1325 τε
1097 1257 1444 1337 ἐπιτόνους
1483 1262 1593 1327 καὶ
1635 1260 1717 1327 τὰ
1756 1264 1994 1347 ξυνεχῆ
2028 1269 2234 1344 νεῦρα

220 1357 434 1437 οὕτως
457 1362 550 1436 εἰς
568 1354 643 1425 τό
670 1356 1025 1436 ἐξόπισθεν
1055 1362 1407 1443 κατατείνῃ
1439 1355 1730 1436 τούτοις·
1771 1354 1818 1424 δι’
1853 1356 1933 1445 δὴ
1967 1361 2077 1427 καὶ
2114 1356 2232 1425 ἀπ’

219 1452 432 1523 αὐτοῦ
463 1461 580 1541 τῆς
616 1460 971 1531 συντονίας
991 1459 1115 1521 τοῦ
1140 1453 1531 1540 παθήματος
1563 1452 1645 1520 τοὶ
1682 1455 2022 1542 νοσήματα
2049 1459 2236 1524 τέτα-

221 1558 333 1623 νοί
348 1579 418 1621 τε
441 1554 551 1621 καὶ
574 1551 1006 1621 ὄπισθ’ότονοι
1039 1551 1621 1639 προσερρήθησαν.
1670 1544 1768 1619 οὖν
1799 1554 1909 1620 καὶ
1946 1551 2019 1622 τὸ
2058 1555 2238 1640 φάρ-

220 1676 438 1737 μακον
456 1651 775 1737 χαλεπόν·
820 1651 1090 1737 πυρετοὶ
1110 1650 1239 1734 γὰρ
1263 1642 1392 1716 οὖν
1422 1647 1500 1735 δὴ
1526 1647 1605 1715 τὰ
1626 1658 1898 1717 τοιαῦτα
1931 1652 2238 1736 ἐγγιγνό·

221 1774 410 1835 μενοι
445 1750 727 1834 μάλιστα
760 1748 1012 1816 λύουσι.
1050 1747 1124 1814 τὰ
1162 1751 1236 1814 δὲ
1265 1746 1513 1815 λευκὸν
1548 1750 1807 1833 φλέγμα
1843 1745 1951 1815 δια
1987 1748 2062 1815 τό
2098 1757 2236 1817 τῶν
2265 1764 2332 1819 85

222 1846 681 1932 πομφολύγων
734 1852 998 1931 πνεῦμα
1040 1842 1331 1931 χαλεπὸν
1375 1843 1792 1931 άποληφθέν,
1836 1849 1958 1926 ἔξω
2002 1848 2075 1913 δὲ
2115 1854 2238 1914 τοῦ

223 1945 529 2031 σώματος
549 1941 890 2023 ἀναπνοὰς
913 1952 1121 2030 ἴσχον,
1152 1941 1528 2030 ἠπιώτερον
1565 1945 1707 2029 με’ν,
1746 1950 2237 2013 καταποικίλλει

226 2046 297 2110 δὲ
315 2041 390 2109 τὸ
414 2049 602 2127 σῶμα
625 2041 866 2121 λεύκας
890 2039 1149 2127 άλφούς
1169 2068 1240 2109 τε
1261 2044 1373 2109 καὶ
1408 2039 1490 2109 τὰ
1523 2042 1781 2109 τούτων
1814 2045 2098 2128 ξυγγενῆ
2121 2069 2240 2110 νο-

228 2139 485 2225 σήματα
509 2136 863 2207 ἄποτίκτον
878 2166 892 2180 ·
939 2138 1102 2225 μετὰ
1122 2148 1321 2226 χολῆς
1343 2137 1416 2207 δὲ
1451 2147 1761 2226 μελαίνης
1782 2139 2117 2223 κερασθὲν
2138 2143 2238 2208 ἐπὶ

224 2235 346 2315 τὰς
366 2236 719 2323 περιόδους
739 2260 810 2305 τε
832 2234 950 2315 τὰς
971 2239 1044 2303 ἐν
1073 2243 1155 2323 τῇ
1183 2243 1446 2324 κεφαλῇ
1476 2237 1827 2317 θειοτάτας
1860 2237 2066 2316 οὔσας
2101 2241 2243 2304 ἐπι-

222 2334 768 2419 σκεδαννύμενον
800 2335 911 2402 καὶ
933 2335 1379 2421 ξυνταράττον
1412 2332 1636 2421 αὐτάς,
1670 2331 1833 2403 καθ’
1869 2334 2090 2404 ὕπνον
2121 2339 2243 2421 μὲν

229 2430 337 2500 ι’ὁν
358 2431 749 2517 πραότερον,
776 2430 1168 2518 ἐγρηγορόσι
1201 2432 1273 2500 δὲ
1315 2430 1777 2517 ἐπιτνθέμενον
1819 2435 2245 2499 δυσαπαλλα-
2284 2457 2318 2506 Β
2403 2479 2416 2501 x

226 2529 568 2613 κτότερον·
613 2527 870 2615 νόσημα
908 2533 982 2596 δὲ
1016 2532 1199 2617 ίεροῖς
1231 2524 1314 2597 ὂν
1348 2526 1616 2615 φύσεως
1634 2528 2035 2598 ένδικιότατα
2063 2529 2247 2613 ἱερὸν

233 2631 501 2713 λέγεται.
548 2627 809 2712 φλέγμα
833 2627 900 2693 δ’
929 2625 1051 2707 ὀξὺ
1073 2630 1184 2696 καὶ
1206 2624 1509 2714 ἁλμυρὰν
1533 2625 1709 2714 πηγὴ
1733 2627 2007 2695 πάντων
2040 2646 2244 2713 νοση-

231 2724 481 2811 μάτων,
506 2721 633 2791 ὅσα
652 2729 946 2809 γίγνεται
962 2725 1365 2809 καταρροϊκά
1384 2750 1397 2764 ·
1443 2721 1552 2792 δια
1578 2727 1650 2792 δὲ
1669 2722 1829 2803 τοὺς
1859 2725 2126 2810 τόπους,
2152 2729 2244 2804 εἰς

232 2819 348 2900 οὓς
391 2823 510 2907 ῥεῖ,
547 2819 1015 2900 παντοδαπούς
1048 2821 1246 2901 ὄντας
1282 2836 1563 2890 παντοῖα
1594 2819 1890 2909 ὀνόματα
1936 2831 2238 2909 εἴληφεν·

228 2916 355 2986 ὅσα
376 2918 447 2986 δὲ
467 2924 896 3005 φλεγμαίνειν
917 2921 1171 3003 λέγεται
1189 2929 1315 2988 τοῦ
1335 2921 1654 3008 σώματος,
1670 2917 1799 2987 άπὸ
1814 2927 1938 2989 τοῦ
1958 2920 2249 2989 κάεσθαί

228 3043 300 3085 τε
333 3020 444 3085 καὶ
483 3018 850 3102 φλέγεσθαι
884 3016 992 3084 διὰ
1028 3016 1234 3105 χολὴν
1255 3021 1491 3105 γέγονε
1527 3021 1759 3088 πάντα.
1805 3026 2241 3108 λαμβανουσα

229 3112 348 3201 μὲν
362 3106 489 3182 οὖν
503 3111 850 3202 ἀναπνοὴν
871 3119 994 3196 ἔξω
1008 3131 1286 3185 παντοῖα
1300 3114 1671 3205 ἀναπέμπει
1691 3119 1964 3205 φύματα
1985 3123 2239 3203 ζεουσα,
2281 3142 2315 3193 c

231 3215 766 3300 καθειργνυμένη
798 3211 862 3281 δ’
888 3212 1077 3293 ἐντὸς
1110 3222 1484 3302 πυρίκαυτα
1518 3215 1859 3303 νοσήματα
1883 3213 2094 3283 πολλα
2128 3217 2246 3300 ἐμ·-

230 3324 417 3394 ποιετ,
468 3317 779 3397 μέγιστον
822 3313 916 3397 δέ,
953 3311 1117 3381 ὅταν
1151 3317 1373 3398 αἵματι
1405 3322 1689 3404 καθαρῷ
1720 3318 2243 3399 ξυγκερασθεῐσα

224 3407 299 3474 τὰ
322 3414 461 3475 τοῖν
482 3413 651 3477 ἰνῶν
673 3411 865 3495 γένος
885 3412 958 3478 ἐκ
979 3418 1095 3496 τῆς
1111 3412 1373 3479 ἑαυτῶν
1394 3416 1685 3499 διαφορῇ
1704 3410 1964 3495 τάξεως,
2001 3416 2073 3477 αἲ
2104 3414 2238 3477 διε-
