2602 3928
898 245 1486 304 ΠΟΛΙΤΕΙΑΣ
1525 237 1592 316 ς’.
2142 244 2267 309 179

237 405 452 493 φύσιν
473 408 547 473 έν
573 359 1056 492 ἀλλοτριωτέρᾳ
1088 395 1300 471 οὖσαν
1326 411 1544 492 τροφῇ
1568 403 1802 473 κάκιον
1830 402 2270 475 ἀπαλλάττειν

238 511 354 591 τῆς
375 490 654 591 φαύλης.
684 503 878 591 ”Εχ.ει
925 501 1223 588 Οὐκοῦν,
1261 497 1348 590 ἦν
1371 503 1436 575 δ’
1468 505 1620 591 ἐγώ,
1648 531 1696 571 ω
1729 503 2128 594 Ἀδείμαντε,
2153 511 2262 576 καὶ
2298 518 2340 569 Ε

239 600 372 680 τὰς·
375 600 596 689 ψυχὰς
615 600 793 669 οὕτω
816 627 1058 688 φωμεν
1069 598 1187 680 τάς
1205 600 1660 687 εὐφυεστάτας
1693 609 1901 689 κακῆς
1921 607 2266 691 παιδαγω-

238 706 385 786 γίας
409 700 738 786 τυχούσας
774 700 1231 788 διαφερόντως
1266 698 1491 781 κακὰς
1513 708 1900 788 γίγνεσθαι;
1947 697 1992 788 ἢ
2028 711 2150 769 οἰει
2185 729 2265 770 τα

237 797 488 885 μεγάλα
511 796 886 886 ἀδικήματα
910 801 1020 867 καὶ
1039 799 1166 885 τήν
1189 797 1488 884 ἄκρατον
1510 806 1842 887 πονηρίαν
1869 804 1944 868 έκ
1980 800 2264 891 φαύλης,

238 893 385 964 ἀλλ’
426 893 553 963 οὐκ
596 899 668 965 ἐκ
715 906 1026 984 νεανικῆς
1061 898 1330 983 φύσεως
1360 907 1581 986 τροφῇ
1624 902 2009 985 διολομένης
2042 906 2268 985 γίγνε-

240 1002 425 1078 σθαι,
461 990 721 1082 ἀσθενῆ
742 995 814 1063 δὲ
852 994 1065 1081 φύσιν
1096 994 1409 1082 μεγάλων
1445 996 1599 1064 οὔτε
1633 996 1917 1083 ἀγαθῶν
1953 995 2107 1065 οὔτε
2143 1023 2228 1063 κα
2253 1037 2267 1044 -

239 1101 382 1161 κῶν
403 1098 622 1160 αἰτίαν
644 1093 804 1162 ποτὲ
828 1099 1135 1175 ἔσεσθαις
1181 1093 1351 1182 Οὔκ,
1376 1093 1570 1181 ἀλλά,
1595 1088 1640 1181 ἦ
1665 1092 1728 1163 δ’
1756 1094 1849 1182 ὅς,
1875 1093 2107 1174 οὕτως.
2137 1090 2267 1162 Ἳ-Ιν

237 1201 471 1262 τοίνυν
494 1199 739 1278 ἔθεμεν
760 1200 883 1261 τοῦ
907 1192 1287 1280 φιλοσόφου
1323 1193 1555 1281 φύσιν,
1592 1190 1680 1260 ἀν
1708 1196 1851 1280 μέν,
1891 1193 2090 1280 οἶμαι,
2127 1220 2258 1280 μα·-
2300 1200 2406 1259 492

238 1291 502 1378 θήσεως
524 1291 993 1379 προσηκούσης
1008 1293 1193 1381 τύχῃ,
1220 1297 1312 1371 εἰς
1334 1296 1559 1360 πᾶσαν
1579 1289 1823 1379 ἀρετὴν
1853 1288 2112 1379 ἀνάγκη
2137 1290 2266 1359 αὐ-

239 1391 610 1476 ξανομένην
634 1387 1089 1477 ἀφικνεῖσθαι,
1128 1389 1248 1458 ἐὰν
1285 1391 1358 1459 δὲ
1384 1388 1474 1477 μὴ
1513 1394 1588 1459 έν
1627 1390 2060 1478 προσηκούσῃ
2094 1411 2262 1457 σπα·

238 1489 424 1575 ρετσά
464 1514 536 1556 τε
569 1489 678 1556 καὶ
712 1496 1128 1574 φυτευθεῖσα
1163 1494 1501 1576 τρέφηται,
1550 1494 1642 1568 εἰς
1685 1488 1901 1556 πάντα
1945 1486 2264 1557 τάναντιά

171 1658 174 1663 ,
236 1579 345 1673 αὖ,
372 1583 489 1654 έάν
516 1585 609 1673 μή
630 1612 727 1665 τις
748 1583 918 1674 αὐτῇ
941 1584 1283 1673 βοηθήσας
1305 1595 1492 1654 θεων
1525 1587 1707 1675 τύχῃ.
1750 1582 1797 1673 ἦ
1828 1588 1939 1655 καὶ
1975 1584 2062 1654 σύ
2096 1583 2262 1674 ἡγεῖ,

246 1683 466 1770 ὥσπερ
492 1688 560 1752 οί
577 1689 831 1769 πολλοί,
865 1686 1471 1769 διαφθειρομένους
1493 1682 1680 1762 τινὰς
1713 1682 1884 1751 εἶναι
1904 1680 2037 1752 ὑπὸ
2065 1705 2264 1770 σοφι-

234 1790 415 1851 στῶν
436 1786 652 1868 νέους,
678 1786 1199 1868 διαφθείροντας
1222 1786 1300 1849 δέ
1314 1808 1499 1861 τινας
1522 1780 1841 1867 σοφιστάς
1864 1782 2260 1866 ἰδιωτικούς,

195 1954 205 1963 ,
241 1879 277 1949 ὅ
299 1907 363 1949 τι
384 1881 494 1949 καὶ
524 1878 711 1959 ἄξιον
731 1881 961 1967 λόγου,
988 1878 1133 1949 ἀλλ’
1170 1878 1294 1948 ούκ
1321 1877 1566 1959 αὐτούς
1589 1879 1746 1959 τούς
1780 1887 1988 1948 ταῦτα
2021 1883 2260 1966 λέγον-

237 2006 353 2059 τας
374 1988 722 2068 μεγίστους
755 1980 880 2066 μὲν
915 1978 1084 2047 εἶναι
1128 1979 1470 2066 σοφιστάς,
1518 1977 1860 2048 παιδεύειν
1905 1982 1977 2049 δὲ
2018 1981 2258 2047 τελεώ-
2289 1997 2329 2047 Β

151 2111 162 2120 ·
239 2106 401 2148 τατα
437 2080 548 2147 καὶ
580 2077 1073 2165 ἀπεργάζεσθαι
1107 2083 1290 2158 οἴους
1325 2079 1687 2166 βούλονται
1720 2077 1892 2147 εἶναι
1925 2081 2034 2148 καὶ
2063 2082 2259 2159 νέους

238 2182 348 2247 καὶ
371 2181 862 2265 πρεσβυτέρους
894 2180 1002 2245 καὶ
1026 2175 1276 2261 ἄνδρας
1313 2181 1421 2246 καὶ
1443 2191 1798 2265 γυναῖκας;
1842 2178 2023 2246 Πότε
2059 2178 2143 2265 δή
2154 2207 2170 2257 ;
2214 2169 2262 2265 ἦ

152 2346 163 2355 ,
235 2276 302 2346 δ’
326 2275 417 2355 ὅς.
445 2274 671 2361 Ὅταν,
715 2275 926 2362 εἷπον,
966 2275 1528 2363 ξυγκαθεζόμενοι
1563 2274 1852 2363 ἀθρόοι*
1878 2280 1988 2343 oc*
2024 2279 2259 2345 πολλοὶ

215 2383 332 2454 εἰς
354 2378 702 2460 ἐκκλησίας
722 2372 766 2460 ἦ
790 2379 880 2453 εἰς
902 2372 1287 2460 δικαστήρια
1321 2372 1364 2461 ἦ
1394 2378 1648 2458 θέατρα
1682 2369 1726 2461 ἢ
1764 2377 2177 2461 στρατόπεδα
2214 2375 2259 2462 ἥ

220 2500 383 2554 ,τινα
407 2472 616 2541 ἄλλον
638 2471 875 2541 κοινὸν
898 2474 1208 2561 πλήθους
1230 2474 1558 2559 ξύλλογον
1579 2472 1702 2554 ξύν
1722 2482 1947 2564 πολλῷ
1971 2473 2254 2564 θορύβςο

230 2572 313 2640 τὰ
361 2574 482 2658 μὲν
526 2575 780 2657 ψέγωσι
820 2581 958 2640 τῶν
989 2574 1378 2658 ’λεγομένων
1419 2567 1466 2660 ἦ
1513 2574 2017 2659 πραττομένων,
2061 2571 2142 2639 τά
2186 2573 2261 2640 δὲ

231 2675 615 2755 έπαινωσιν,
651 2666 1205 2759 ὑπερβαλλόντως
1248 2670 1547 2756 ἑκάτερα,
1594 2672 1705 2738 καὶ
1748 2673 2108 2759 ἐκβοωντες
2149 2673 2263 2739 καὶ

782 2766 1279 2799 „„„„„

234 2864 321 2936 ἂν
370 2860 533 2936 ωσιν
578 2870 973 2956 ἐπηχοῦντες
1015 2867 1366 2936 διπλάσιον
1404 2866 1714 2952 θόρυβον
1761 2869 2092 2953 παρέχωσι
2134 2878 2256 2939 τοῦ

232 2965 453 3051 ψόγου
474 2968 585 3033 καὶ
606 2967 916 3034 ἐπαίνου·
966 2970 1039 3035 ἐν
1063 2965 1143 3054 δὴ
1167 2993 1259 3058 τω
1285 2965 1562 3056 τοιούτω
1586 2963 1707 3033 τὸν
1737 2968 1914 3054 νέον,
1948 2964 2022 3034 τὰ
2062 2968 2258 3055 λεγό-

231 3091 461 3154 μενον,
507 3071 655 3134 τίνα
690 3074 814 3135 οἴει
845 3071 1139 3150 καρδίαν
1173 3077 1409 3153 ἴσχειν;
1450 3059 1494 3151 ἢ
1537 3064 1737 3132 ποίαν
1768 3090 1854 3131 αν
1891 3062 2071 3156 αὐτῷ
2101 3092 2258 3135 παι-

234 3168 422 3233 δείαν
466 3164 808 3251 ἰδιωτικὴν
855 3162 1201 3251 ἀνθέξειν,
1244 3163 1333 3253 ἢν
1376 3162 1458 3231 οὐ
1502 3170 2080 3232 κατακλυσθεῖσαν
2123 3162 2253 3234 ὑπὸ

231 3270 355 3331 τοῦ
408 3262 716 3330 τοιούτου
759 3264 981 3349 ψόγου
1026 3291 1068 3352 η
1116 3267 1393 3331 ἐπαίνου
1444 3263 1832 3350 οἰχήσεσθαι
1876 3267 2258 3350 φερομένην

235 3388 403 3430 κατα
436 3364 626 3448 ῥοῦν,
651 3352 696 3450 ᾗ
725 3357 813 3430 ἀν
845 3355 1043 3442 οὗτος
1065 3364 1259 3451 φέρῃ,
1283 3364 1395 3432 καὶ
1418 3362 1662 3449 φήσειν
1691 3388 1762 3429 τε
1784 3359 1864 3429 τά
1891 3360 2059 3429 αὐτὰ
2095 3363 2258 3428 τού-

235 3487 371 3543 τοις
390 3458 558 3530 καλά
586 3461 955 3550 καὶαίσχρᾶ
981 3461 1168 3550 εἶναι,
1193 3468 1301 3531 καὶ
1327 3460 1782 3548 ἐπιτηδεύσειν
1804 3459 1974 3611 ὅπερ
2008 3454 2096 3525 ἀν
2130 3452 2251 3526 οὖ-
2289 3480 2331 3531 D
