2602 3928
914 171 1499 232 ΠΟΛΙΤΕΙΑΣ
1531 166 1593 246 ζ’.
2142 175 2266 242 211.

252 357 321 399 τε
340 329 472 417 γάρ
494 334 712 417 τέχναι
733 331 1064 418 βάναυσοί
1084 357 1218 399 πον
1251 329 1502 400 ἅπασαι
1524 335 1757 413 ἔδοξαν
1778 332 1962 408 εἶναι.
2008 344 2163 416 Πῶς
2198 337 2265 407 δ’

250 429 366 510 οὕς
408 430 518 496 καὶ
549 426 684 516 μὴν
716 436 785 497 τί
813 427 908 497 ἔτ’
945 428 1109 498 ἄλλο
1144 435 1433 498 λείπεται
1465 430 1765 554 μάθημα,
1800 441 2120 520 μουσικῆς
2155 438 2268 504 καὶ

224 529 701 613 γυμναστικῆς
720 529 831 595 καὶ
852 533 989 595 ταῖν
1009 552 1263 613 τεχνων
1283 533 1800 615 κεχωρισμένους
1848 534 2041 631 Φέρε,
2047 524 2162 650 ,ἦν
2199 530 2265 600 δ’

246 626 396 741 ἐγω,
444 632 507 694 εἰ
532 621 742 713 μηδὲν
775 631 868 694 ἔτι
902 625 1085 706 ἐκτὸς
1116 626 1378 695 τούτων
1413 632 1647 714 ἔχομεν
1689 636 1936 716 λαβεῖν,
1980 656 2119 697 των
2160 633 2267 700 ἐπὶ

250 725 468 792 πάντα
499 724 858 793 τεινόντων
888 752 950 792 τι
983 725 1449 812 λάβωμεν.Τὸ
1483 739 1710 809 ποῖονς
1755 721 1921 795 Οἶον
1954 734 2150 796 τοῦτο
2187 725 2261 797 τό
2307 737 2348 790 0

245 822 497 908 κοινόν,
528 814 583 912 ᾦ
605 829 814 890 πᾶσαι
838 831 1298 908 προσχρῶνται
1331 826 1547 910 τέχναι
1583 850 1655 892 τε
1690 827 1801 893 καὶ
1835 825 2124 895 διάνοιαι
2155 827 2268 895 καὶ

246 924 613 1007 ἐπιστῆμαι,
660 918 701 990 ὃ
742 923 854 989 καὶ
898 923 1095 989 παντὶ
1131 925 1204 988 ἐν
1246 922 1532 1007 πρώτοις
1566 919 1824 1009 ἀνάγκη
1868 922 2264 1009 μανθάνειν.

249 1023 487 1096 Ποῖονς
510 1022 656 1104 ἔφη.
708 1016 798 1086 Τὸ
826 1024 1097 1104 φαῦλον
1116 1023 1342 1103 τοῦτο,
1365 1010 1453 1103 ἦν
1478 1016 1540 1086 δ’
1566 1018 1717 1104 ἐγώ,
1753 1017 1829 1087 τὸ
1867 1022 1941 1088 ἕν
1962 1047 2034 1089 τε
2053 1018 2266 1090 καὶτὰ

249 1116 375 1183 δύο
406 1117 518 1185 καὶ
551 1117 632 1184 τὰ
666 1122 813 1201 τρία
848 1115 1387 1201 διαγιγνώσκειν·
1431 1119 1601 1201 λέγω
1637 1117 1708 1186 δὲ
1744 1115 1907 1186 αὐτὸ
1947 1121 2020 1186 ἐν
2054 1144 2269 1206 κεφα-

248 1221 407 1306 λαίω
432 1215 730 1303 ἀριθμόν
749 1241 820 1283 τε
853 1218 964 1283 καὶ
996 1214 1340 1302 λογισμόν.
1381 1212 1426 1302 ἢ
1457 1212 1580 1301 οὐχ
1612 1215 1790 1284 οὕτω
1823 1219 1974 1304 περὶ
2005 1217 2268 1286 τούτων

247 1317 394 1399 ἔχει,
419 1309 508 1393 ὥς
538 1319 720 1381 πᾶσα
742 1316 935 1401 τέχνη
969 1337 1041 1379 τε
1075 1314 1186 1380 καὶ
1217 1312 1537 1399 ἐπιστήμη
1571 1310 2001 1398 ἀναγκάζεται
2035 1312 2264 1383 αὐτῶν

244 1414 515 1498 μέτοχος
535 1417 921 1496 γίγνεσθαις
962 1413 1095 1477 Καὶ
1128 1409 1328 1495 μάλα,
1354 1415 1501 1496 ἔφη.
1552 1407 1851 1498 Οὐκοῦν,
1883 1404 1969 1498 ἦν
2008 1410 2069 1480 δ’
2111 1411 2264 1498 ἐγώ,

244 1512 353 1576 καὶ
374 1503 417 1594 ἡ
439 1507 796 1592 πολεμικής
839 1505 1089 1592 Πολλή,
1113 1512 1261 1593 ἔφη,
1289 1504 1567 1594 ἀνάγκη.
1623 1513 2038 1594 Παγγέλοιον
2070 1516 2264 1595 γοῦν,

252 1612 448 1691 ἔφην,
473 1604 846 1690 στρατηγὸν
863 1600 1319 1692 Ἀγαμέμνονα
1341 1607 1414 1671 ἐν
1436 1618 1576 1684 ταῖς
1609 1610 2002 1695 τραγῳδίαις
2041 1615 2269 1675 Παλα-
2304 1630 2347 1680 D

215 1705 223 1712 ’
252 1706 463 1791 μήδης
487 1703 794 1771 ἑκάστοτε
817 1700 1192 1789 ἀποφαίνει.
1237 1701 1281 1790 ἢ
1306 1704 1434 1772 οὐκ
1468 1704 1881 1791 ἐννενόηκας,
1918 1705 2022 1773 ὅτι
2064 1709 2270 1792 φησὶν

250 1799 551 1889 ἀριθμὸν
569 1798 790 1886 εὑρών
819 1802 936 1880 τάς
956 1827 1026 1870 τε
1047 1803 1259 1883 τάξεις
1280 1808 1379 1892 τῷ
1410 1805 1829 1892 στρατοπέδω
1863 1809 2270 1887 καταστῆσαι

249 1904 321 1969 ἐν
337 1898 501 1991 Ἰλίῳ
522 1901 634 1969 καὶ
656 1903 1094 1988 ἐξαριθμῆσαι
1113 1907 1283 1982 ναῦς
1303 1926 1376 1970 τε
1400 1902 1508 1969 καὶ
1528 1893 1737 1969 τᾶλλα
1761 1901 1999 1986 πάντα,
2027 1897 2113 1981 ὥς
2134 1898 2263 1984 πρὸ

245 2007 369 2071 τοῦ
395 1998 874 2087 ἀναριθμήτων
895 1999 1115 2069 ὄντων
1136 2003 1246 2068 καὶ
1265 2009 1390 2069 τοῦ
1406 1999 1907 2089 Ἀγαμέμνονος,
1926 1998 2015 2081 ὥς
2027 2006 2265 2088 ἔοικεν,

248 2096 395 2168 οὐδ’
428 2097 629 2177 ὅσους
653 2098 864 2177 πόδας
895 2095 1067 2184 εἶχεν
1101 2098 1373 2184 εἰδότος,
1410 2108 1593 2185 εἴπερ
1634 2095 1947 2185 ἀριθμεῖν
1986 2097 2076 2185 μὴ
2106 2096 2267 2185 ἠπί-

247 2217 444 2266 στατο
461 2226 478 2276 ς
500 2202 710 2265 καίτοι
730 2194 927 2265 ποῖόν
947 2194 1063 2263 τιν’
1092 2193 1304 2264 αὐτὸν
1324 2206 1447 2265 οἴει
1469 2194 1840 2282 στρατηγὸν
1865 2195 2032 2264 εἶναι
2049 2194 2269 2276 ς”Ατο-

253 2295 383 2362 πόν
410 2293 556 2381 τιν’,
581 2299 731 2380 ἔφη,
756 2299 981 2380 ἔγωγε,
1009 2299 1070 2361 εἰ
1083 2284 1170 2379 ἦν
1190 2292 1376 2362 τοῦτ’
1402 2292 1667 2379 ἀληθές.

418 2396 543 2459 vll.
567 2390 766 2460 ’Άλλο
790 2418 853 2459 τι
875 2383 1021 2478 οὖν,
1044 2384 1134 2478 ἦν
1155 2393 1223 2460 δ’
1248 2393 1400 2477 ε’γω’,
1423 2391 1706 2479 μάθημα
1739 2388 2105 2475 ἀναγκαῖον
2141 2414 2267 2457 πο-
2299 2408 2340 2458 Ε

245 2496 490 2582 λεμικῷ
536 2488 732 2573 ἀνδρὶ
768 2487 1072 2576 θήσομεν
1115 2492 1225 2558 καὶ
1270 2494 1653 2575 λογίζεσθαί
1691 2513 1763 2556 τε
1803 2490 1913 2555 καὶ
1956 2483 2271 2572 ἀριθμεῖν

249 2589 621 2669 δύνασθαις
656 2586 948 2659 Πάντων
967 2586 1062 2674 γ’,
1088 2594 1238 2676 ἔφη,
1261 2589 1562 2675 μάλιστα,
1588 2592 1652 2655 εἰ
1668 2588 1778 2655 καὶ
1801 2583 2032 2654 ὁτιοῦν
2052 2586 2273 2670 μέλλει

246 2686 498 2767 τάξεων
518 2690 791 2771 ἐπαΐειν,
814 2691 1071 2771 μᾶλλον
1094 2683 1162 2753 δ’
1189 2692 1248 2755 εἰ
1274 2687 1386 2753 καὶ
1407 2682 1768 2771 ἅνθρωπος
1789 2688 2079 2751 ἔσεσθαι.
2121 2680 2268 2750 Ἐν·-

248 2800 421 2864 νοεῖς
454 2776 602 2870 οὖν,
639 2781 850 2866 εἷπον,
886 2786 1038 2872 περὶ
1073 2790 1271 2852 τοῦτο
1310 2780 1385 2851 τό
1422 2782 1704 2869 μάθημα
1749 2780 1912 2864 ὅπερ
1957 2778 2117 2864 ἐγώς
2175 2776 2265 2847 Ta

248 2898 475 2960 ποῖονς
515 2880 921 2950 Κινδυνεύει
952 2889 1090 2950 τῶν
1114 2880 1279 2970 πρὸς
1301 2880 1429 2969 τὴν
1448 2880 1686 2968 νόησιν
1721 2877 2027 2966 ἀγόντων
2060 2879 2266 2965 φύσει
2304 2908 2409 2965 523

250 2982 420 3050 εἶναι
445 2972 543 3048 ὧν
564 2985 908 3068 ζητοῦμεν,
931 2989 1222 3069 χρῆσθαι
1244 2977 1307 3049 δ’
1333 2977 1553 3059 οὐδεὶς
1575 2976 1758 3069 αὐτῷ
1780 2974 2025 3067 ὀρθῶς,
2052 2978 2270 3047 ἑλκτι-

247 3086 348 3168 κῷ
368 3078 512 3147 ὄντι
534 3078 916 3147 παντάπασι
936 3077 1103 3164 πρὸς
1136 3075 1394 3147 οὐσίαν.
1445 3085 1622 3164 Πῶς,
1649 3083 1799 3165 ἔφη,
1824 3079 2066 3161 λέγειςς
2103 3072 2265 3160 Ἐγώ

248 3177 663 3262 πειράσομαι,
685 3169 773 3263 ἦν
795 3174 860 3245 δ’
896 3177 1050 3263 ἐγώ,
1075 3176 1149 3245 τό
1175 3175 1238 3262 γ’
1269 3178 1411 3263 ἐμοὶ
1437 3179 1688 3244 δοκοῦν
1714 3179 2022 3261 δηλῶσαι.
2071 3169 2116 3241 δι’
2136 3170 2265 3257 γὰρ

250 3280 633 3363 διαιροῦμαι
664 3272 826 3361 παρ’
862 3279 1126 3365 ἐμαυτω
1159 3271 1390 3361 ἀγωγά
1422 3300 1493 3344 τε
1527 3272 1695 3342 εἶναι
1736 3267 1808 3341 οἷ
1841 3275 2122 3357 λέγομεν
2155 3270 2268 3337 καὶ

252 3374 358 3462 μή,
377 3371 748 3459 ξυνθεατὴς
768 3375 1130 3461 γενόμενος
1144 3369 1513 3462 ξύμφαθι“
1471 3399 1512 3459 η
1530 3371 1788 3458 ἄπειπε,
1800 3373 1932 3521 ῗινόαήι
1936 3369 2046 3436 καὶ
2066 3373 2265 3434 τοῦτο
