2602 3928
308 233 443 271 xvm
1155 220 1616 272 PRAEFATIO·

310 363 518 422 propter
547 356 796 409 benorum
832 355 1068 406 codicum
1101 370 1402 406 consensum
1438 373 1555 407 cum
1586 357 1826 408 cancellis
1860 361 2087 424 restitui3
2130 375 2251 410 mox
2288 370 2456 415 autem

309 442 355 476 c.
389 424 451 477 19
479 438 580 475 non
612 423 779 477 solum
817 414 1075 490 ἐπιλείπῃ
1103 439 1198 490 pro
1233 416 1463 491 ἐπιλίπῃ
1498 441 1609 476 cum
1644 426 1760 481 Par.
1789 430 2051 490 revocavi,
2089 429 2184 480 sed
2211 432 2364 480 etiam
2394 422 2458 480 τὸ

306 509 402 560 pro
439 487 507 543 τὰ
539 489 652 543 τῶν
687 482 1059 558 ἀποδομένων
1096 509 1162 543 ex
1197 495 1331 560 conj.
1371 495 1555 561 scripsi
1592 496 1847 560 simulque
1881 497 2283 564 interpungendo
2324 501 2456 561 cavi,

307 578 373 613 ne
408 564 523 626 quis
555 578 707 627 porro
745 562 873 615 haec
901 563 1056 614 verba
1091 576 1185 627 pro
1214 564 1444 628 subiecto
1480 579 1594 614 cum
1623 554 1826 631 ἐξαρκῇ
1856 565 2112 632 jungeret.
2150 566 2283 617 Haec
2319 569 2457 619 enim

309 640 562 683 structura
597 639 647 682 et
692 645 846 683 sensu
890 639 1024 682 caret
1061 638 1110 680 et
1143 630 1404 695 prohibet,
1452 634 1721 697 quominus
1765 625 1970 701 ἐξαρκῇ
2006 636 2075 685 ad
2120 651 2293 687 verum
2334 639 2456 688 sub-

302 702 498 767 jectum
532 715 681 753 suum
721 691 845 764 ἱερὰ
878 690 1136 764 χρήματα
1183 700 1457 761 referatur;
1506 716 1639 752 nunc
1682 702 1919 755 absoluta
1964 706 2214 755 sententia
2250 713 2326 755 est
2343 742 2356 764 ,
2402 714 2457 756 ut

311 771 394 825 [V.
419 773 452 820 2
479 768 558 820 vel
591 769 681 821 IX.
709 769 742 821 3
771 760 834 819 τὸ
870 766 982 818 τῶν
1016 762 1345 831 παιζόντων,
1378 776 1672 835 spectatque
1697 758 2027 838 prodigorum
2057 775 2452 837 excusationem,

307 841 396 904 qui
431 839 478 889 si
516 841 648 889 bona
682 853 779 891 sua
810 838 1112 902 venderent,
1148 836 1247 918 hqc
1281 838 1422 888 velut
1460 840 1512 890 in
1545 838 1684 890 lucro
1725 841 2051 907 deputabant,
2089 842 2230 922 quod
2263 844 2454 895 tributa

306 909 530 975 pendere
576 922 680 958 non
716 910 824 973 jam
865 907 1131 966 deberent3
1176 905 1437 970 αφανοῦς
1473 909 1606 958 enim
1647 901 1842 966 οὐσίας
1875 904 2113 974 εἰσφορα
2145 911 2288 962 nulla
2319 921 2452 973 erat;

307 977 376 1030 cf.
408 976 666 1030 Staatsalt.
705 977 761 1040 5.
793 975 906 1037 162,
943 984 1046 1031 not.
1086 974 1169 1029 14.
1192 977 1406 1029 —Ibid
1446 967 1544 1026 ἐὰν
1576 970 1638 1027 δὲ
1665 979 1708 1028 Η
1745 994 1859 1031 cum
1893 995 1995 1037 sec.
2031 978 2204 1030 Stallb.
2242 980 2363 1035 edit.
2408 990 2455 1032 et

307 1046 420 1097 cod.
459 1047 594 1110 Aug.
624 1045 692 1109 B,
738 1035 837 1100 ἐάν
873 1059 928 1094 τι
963 1044 998 1095 S
1033 1060 1080 1095 c.
1118 1043 1255 1095 Mon.
1292 1045 1363 1110 B,
1406 1034 1509 1095 ἐάν
1550 1060 1609 1096 τε
1645 1047 1775 1097 VBT
1815 1055 1865 1098 et
1896 1046 2267 1115 Schneiderus,
2310 1049 2453 1101 nullo

304 1124 475 1167 tamen
512 1115 738 1169 membro
781 1113 835 1164 in
870 1115 1198 1177 sequentibus
1243 1115 1613 1180 respondente,
1650 1132 1805 1179 quare
1838 1117 1919 1169 vel
1966 1119 2074 1167 sine
2121 1117 2264 1167 libris
2311 1118 2454 1169 locus

308 1190 621 1235 correcturae
668 1190 803 1242 erat3
842 1183 1122 1247 codemque
1158 1184 1389 1249 exemplo
1439 1200 1560 1236 mox
1594 1200 1647 1250 p.
1686 1185 1788 1237 569
1830 1187 2064 1249 quamvis
2100 1200 2202 1237 uno
2242 1185 2380 1241 Mon.
2410 1187 2452 1236 B

305 1260 469 1303 tutum
507 1242 621 1303 ἀπὸ
658 1251 886 1312 servavi,
934 1253 1073 1315 quod
1105 1268 1261 1315 quum
1298 1255 1353 1304 in
1389 1253 1701 1319 superiorem
1744 1255 1866 1307 edit.
1907 1253 2086 1307 Stallb.
2133 1271 2250 1306 cum
2291 1255 2450 1307 Bekk.

305 1321 613 1403 recepisset,
652 1321 870 1373 cundem
902 1335 1036 1373 nunc
1071 1337 1186 1373 cum
1215 1322 1337 1376 Tur.
1375 1330 1424 1375 et
1461 1321 1772 1374 Schneidero
1814 1325 1882 1375 ad
1913 1324 2052 1391 vulg.
2090 1316 2202 1374 ὑπὸ
2239 1324 2455 1375 rediisse

305 1405 477 1442 miror.

446 1528 592 1591 Reip.
618 1526 668 1581 .1.
715 1527 808 1579 ix.
842 1542 896 1592 p.
927 1524 1029 1578 573
1063 1526 1105 1575 E
1140 1516 1397 1592 ἐπιλείπῃ
1435 1527 1499 1587 Ρ,
1538 1512 1767 1596 ἐπιλίπῃ
1805 1527 1970 1578 vsssr
2007 1537 2056 1580 et
2093 1520 2452 1591 sommariis,

305 1597 462 1647 iidem
494 1604 663 1649 tamen
695 1611 819 1649 mox
851 1610 905 1661 Ρ.
937 1596 1041 1647 574
1064 1594 1108 1644 D
1143 1598 1428 1661 praesentis
1458 1604 1692 1659 tenaces,
1729 1598 1877 1664 cujus
1905 1613 2008 1650 non
2042 1599 2192 1650 video
2229 1614 2318 1648 eur
2352 1599 2454 1649 illic

304 1666 482 1716 melior
519 1679 671 1728 quarn
701 1679 835 1717 nunc
867 1674 954 1715 aut
991 1679 1106 1730 sup.
1141 1679 1195 1730 Ρ.
1228 1665 1333 1731 5ῥὸ
1361 1666 1403 1715 Ε
1438 1680 1592 1716 causa
1627 1667 1717 1725 sit3
1753 1668 1909 1717 immo
1943 1675 2079 1718 recte
2105 1667 2372 1731 utrobique
2408 1669 2455 1718 si

303 1735 504 1798 deficiat
537 1748 640 1785 non
675 1736 724 1789 εἰ
755 1735 1013 1799 defecerit.
1051 1759 1124 1770 —-
1157 1735 1213 1784 P.
1254 1733 1358 1785 578
1391 1734 1433 1783 Ε
1469 1728 1625 1802 πόσῳ
1669 1735 1740 1798 Η,
1778 1728 1968 1802 ὁπόσῳ
2002 1736 2117 1787 libri
2158 1742 2208 1786 et
2242 1736 2367 1786 editi
2405 1745 2453 1786 et

303 1804 479 1869 scripti
522 1812 726 1868 praeter
760 1803 894 1854 Mon.
930 1803 973 1854 B
1011 1810 1060 1853 et
1096 1802 1229 1853 Flor.
1273 1803 1317 1854 U
1362 1818 1564 1863 omnes;
1605 1812 1656 1853 at
1692 1803 1758 1858 cf.
1793 1805 1859 1855 ad
1896 1803 2118 1870 Sophist.
2155 1820 2209 1871 p.
2244 1803 2347 1856 236
2381 1806 2447 1864 B;

302 1887 396 1923 nec
426 1887 477 1938 p.
511 1871 613 1924 579
644 1870 683 1922 0
710 1863 789 1936 μὴ
820 1862 896 1929 ὥς
927 1887 1043 1922 cum
1078 1869 1250 1922 Stallb.
1281 1887 1348 1922 ex
1379 1871 1492 1923 solo
1525 1888 1689 1938 paene
1720 1872 1938 1924 Stobaeo
1971 1872 2133 1929 Serm.
2168 1872 2347 1943 XLIX.
2385 1873 2452 1926 50

302 1942 530 2009 recipere
566 1942 792 1994 dubitavi
830 1956 923 2007 pro
961 1936 1037 2000 ὥς
1071 1933 1178 2005 μή,
1227 1941 1366 2005 quod
1405 1942 1502 1993 etsi
1537 1948 1838 1994 structuram
1872 1943 2025 2010 plane
2074 1943 2341 2009 pervertit,
2389 1943 2451 1995 li-

304 2012 497 2062 brarios
527 2019 696 2063 tamen
732 2010 838 2061 fere
870 2025 1046 2061 omnes
1082 2009 1225 2061 soliti
1247 2011 1441 2061 ordinis
1477 2013 1646 2077 specie
1681 2014 1950 2064 seduxisse
1983 2014 2207 2072 videtum
2253 2027 2307 2078 p.
2347 2013 2452 2065 580

300 2081 344 2130 D
379 2088 544 2131 autem
579 2070 645 2129 τὸ
677 2071 990 2145 λογιστικὸν
1026 2082 1078 2129 in
1104 2080 1219 2133 Par.
1253 2080 1469 2143 aliisque
1493 2081 1678 2154 ¹multis
1713 2082 1797 2133 vel
1831 2082 2004 2132 addito
2032 2083 2113 2132 vel
2148 2082 2336 2132 omisso
2370 2097 2449 2131 ar-

300 2149 456 2201 ticulo
497 2150 743 2200 insertum
789 2164 848 2200 ea
886 2157 1020 2199 certe
1056 2156 1204 2198 tenus
1249 2149 1515 2215 negligere
1545 2150 1716 2210 nolui,
1761 2157 1814 2199 ut
1856 2150 2009 2202 simul
2046 2150 2453 2216 interpolationis

300 2226 473 2270 notam
509 2218 778 2280 adderem3
826 2218 893 2269 cf.
931 2218 1206 2283 Wiegand.
1246 2218 1298 2267 in
1336 2217 1577 2270 zeitschr.
1613 2219 1653 2274 f.
1691 2219 1744 2273 d.
1783 2218 2001 2272 Alterth.
2045 2219 2199 2281 1842,
2231 2234 2286 2285 p.
2325 2219 2444 2270 585.

302 2287 565 2340 Audacius
601 2286 820 2344 fortasse
852 2288 1024 2352 egisse
1055 2287 1265 2338 videbor
1300 2302 1355 2351 p.
1385 2287 1483 2338 581
1509 2287 1593 2339 BC
1624 2289 1848 2352 itemque
1880 2303 1936 2355 p.
1968 2289 2070 2341 582
2093 2289 2134 2338 Ε
2171 2295 2221 2338 et
2253 2303 2308 2354 p.
2345 2287 2448 2339 586

301 2357 365 2419 Ο,
402 2358 492 2408 ubi
531 2349 828 2419 φιλόνικον
870 2363 921 2407 et
962 2354 1285 2419 φιλονικίαν
1319 2371 1410 2421 pro
1445 2349 1767 2420 φιλόνεικον
1806 2365 1856 2408 et
1891 2354 2243 2421 φιλονεικίαν
2280 2358 2448 2416 edidi3

301 2435 353 2476 at
384 2427 520 2477 enim
556 2432 662 2476 tam
697 2433 871 2492 aperte
905 2425 1048 2477 Plato
1080 2424 1212 2474 hanc
1237 2440 1416 2475 vocem
1454 2440 1485 2475 a
1515 2422 1645 2494 νίκῃ
1681 2426 1894 2486 derivat,
1926 2435 1980 2475 ut
2005 2427 2105 2476 nisi
2129 2425 2262 2475 hanc
2297 2427 2449 2477 vicis-

301 2496 398 2545 sim
422 2492 594 2544 νείκει
630 2497 807 2547 cedere
831 2494 1067 2560 jusseris,
1099 2495 1211 2544 sine
1248 2508 1448 2544 summa
1477 2495 1737 2561 scriptoris
1762 2496 2097 2546 inconstantia
2124 2488 2449 2558 φιλόνεικον

300 2566 514 2618 retinere
550 2579 651 2615 non
690 2564 888 2629 possis,
937 2577 1097 2626 eaque
1132 2564 1307 2629 potius
1342 2564 1590 2614 dubitatio
1626 2565 1847 2627 oriatur,
1892 2579 1957 2615 ne
1994 2564 2125 2615 forte
2151 2564 2261 2630 jam
2296 2578 2449 2630 supe-

299 2635 407 2684 rius
445 2648 499 2699 p.
542 2633 664 2686 545.
695 2633 816 2687 548.
848 2632 953 2685 550
987 2632 1152 2683 eidem
1196 2641 1516 2684 correcturae
1549 2633 1691 2683 locus
1730 2632 1913 2696 fuerit,
1955 2633 2045 2683 ubi
2079 2633 2288 2683 cosdem
2318 2647 2448 2697 quos

299 2718 433 2754 nnnc
462 2716 632 2754 mores
651 2702 794 2752 Plato
831 2701 1056 2779 respicit.
1110 2701 1339 2752 Retinuit
1376 2710 1543 2753 tamen
1574 2703 1726 2754 etiam
1751 2699 2027 2768 Sauppius,
2061 2703 2150 2767 qui
2180 2701 2443 2754 Demosth.

299 2771 421 2826 Mid.
468 2773 517 2836 S.
558 2771 626 2824 59
669 2771 977 2836 φιλονικων
1014 2770 1263 2832 reddidit,
1308 2770 1424 2821 aliis
1462 2771 1514 2821 in
1563 2769 1693 2821 locis
1741 2770 2141 2838 diphthongum,
2189 2786 2450 2838 quumque

300 2842 533 2893 codicum
569 2843 623 2892 in
652 2841 752 2893 hoc
782 2856 969 2907 genere
1001 2839 1069 2890 ad
1105 2855 1325 2890 errorem
1356 2855 1557 2891 summa
1579 2840 1871 2905 proclivitas
1905 2841 1997 2899 sit,
2032 2838 2186 2892 finem
2217 2840 2450 2890 mutandi

299 2926 451 2976 aegre
488 2912 751 2971 invenias3
799 2910 1017 2972 ideoque
1059 2924 1122 2958 ne
1168 2903 1396 2973 λέγομεν
1433 2910 1642 2973 quidem
1678 2924 1733 2976 p.
1768 2909 1865 2961 581
1907 2908 1945 2959 G
1983 2924 2100 2960 cum
2138 2908 2447 2960 Schneidero

299 2981 552 3040 revocavi,
582 2994 650 3030 ne
676 2979 966 3031 distributio
989 2976 1097 3039 illa,
1118 2979 1265 3043 cujus
1288 2976 1579 3042 φιλονικία
1605 2993 1728 3044 pars
1749 2987 1845 3039 est,
1876 2993 1908 3029 a
1930 2979 2140 3044 propria
2159 2977 2314 3043 hujus
2349 2976 2448 3027 loci

300 3049 496 3100 ratione
531 3050 597 3100 ad
640 3062 958 3100 communem
994 3047 1217 3126 aliquem
1253 3063 1405 3100 usum
1441 3048 1616 3099 referri
1651 3047 1926 3099 videretur.
1981 3075 2046 3084 —
2083 3047 2147 3099 «P.
2192 3045 2292 3099 581
2331 3045 2374 3095 D
2413 3034 2450 3095 ὅ

299 3131 359 3183 ys
397 3133 492 3185 pro
526 3104 561 3168 ὅ
591 3131 652 3168 τε
686 3128 1116 3183 χρηματιστικος
1141 3115 1186 3166 H
1216 3117 1507 3168 anacoluthi
1546 3117 1739 3167 vitandi
1777 3131 1956 3177 causa,
1993 3115 2131 3180 quod
2166 3116 2263 3166 etsi
2291 3130 2446 3166 excu-

301 3189 404 3308 εἳὲὶ
421 3258 431 3269 .
437 3188 617 3306 possit,
640 3186 1369 3311 ssimffllmffencinceffensspns
1405 3178 1467 3254 γέ
1499 3182 1853 3304 ἲοτεμὲἆνοῦν
1882 3185 2142 3302 meliorem
2179 3185 2447 3304 {ragita}

300 3272 328 3307 e
390 3272 435 3306 ci
462 3296 476 3310 .
524 3284 585 3297 -—
681 3275 707 3312 .·
964 3270 996 3304 τ
1059 3268 1090 3304 ο
1115 3268 1228 3319 mus
1277 3270 1315 3303 α
1350 3271 1443 3322 pro
1482 3268 1668 3319 ποιωμ
1744 3269 1782 3304 α
1828 3268 2090 3321 praecare
2129 3269 2183 3304 es
2284 3268 2399 3304 ruse

298 3326 586 3392 conjectura
607 3326 756 3392 Spec.
778 3326 979 3378 advers.
997 3339 1052 3390 p.
1073 3322 1161 3385 23,
1182 3325 1473 3391 Wiegando
1498 3339 1702 3388 quoque
1723 3325 1757 3375 1.
1782 3340 1827 3376 c.
1845 3339 1901 3391 Ρ.
1923 3325 2025 3376 542
2042 3323 2272 3388 probata,
2290 3337 2447 3387 quam

296 3393 379 3447 vel
412 3393 837 3450 Stallbaumianae
871 3384 949 3460 μὴ
985 3385 1241 3458 οἰώμεθα
1264 3394 1512 3459 praeferri
1554 3392 1914 3445 elementorum
1950 3390 2231 3443 similitudo
2263 3392 2445 3456 jubet3
