2602 3928
903 195 1487 283 ΠΟΛΙΤΕΙΑΣ
1535 188 1597 268 ζ’.
2129 191 2256 258 223

238 355 445 424 αύτον
467 352 548 443 δὴ
574 381 695 423 τον
713 354 926 440 νόμον
950 364 1175 441 ἴωμεν,
1211 357 1323 422 καὶ
1357 357 1728 442 διέλθωμεν
1760 352 1996 442 οὕτως,
2032 353 2255 441 ὥσπερ

236 452 314 522 τὸ
338 459 694 540 προοίμιον
719 453 1103 539 διήλθομεν.
1137 455 1286 540 λέγε
1320 479 1470 537 ουν,
1504 459 1602 533 τίς
1637 453 1674 522 ὁ
1710 453 1954 541 τρόπος
1980 462 2098 541 τῆς
2131 460 2255 523 τοῦ

236 555 658 638 διαλέγεσθαι
686 549 1051 636 δυνάμεως,
1087 551 1199 619 καὶ
1232 548 1399 619 κατὰ
1439 565 1596 619 ποτα
1633 549 1714 637 δὴ
1758 556 1898 638 εἴδη
1939 556 2330 641 διέστηκε,Ε

236 652 345 718 καὶ
378 657 550 729 τίνες
584 640 678 717 αὖ
710 646 872 715 ὁδοί.
912 640 1109 715 αὗται
1136 644 1269 736 γὰρ
1304 675 1392 716 αν
1420 646 1572 736 ἤδη,
1610 644 1697 727 ὡς
1728 653 1963 735 ἔοικεν,
1988 653 2062 717 αἱ
2093 647 2263 737 πρὸς

241 744 404 815 αὐτὸ
428 746 714 833 ἄγουσαι
736 743 890 829 εἶεν,
926 738 995 812 οἶ
1023 741 1406 834 ἀφικομένω
1445 743 1668 833 ωσπερ
1704 743 1869 814 ὁδοῦ
1905 743 2261 817 ἀνάπαυλα

79 924 110 939 st
240 871 328 912 αν
348 854 448 932 εἴη
471 846 582 912 καὶ
602 846 785 922 τέλος
805 848 922 930 τῆς
956 848 1241 929 πορείας.
1304 840 1544 912 Οὐκέτ’
1553 894 1571 927 ,
1604 836 1696 929 ἦν
1730 841 1791 912 δ’
1829 843 1978 931 ἐγώ,
2017 870 2070 912 ω
2107 851 2260 931 φίλε

240 940 585 1027 Γλαύκων,
612 935 752 1021 οἷός
772 938 835 1008 τ’
871 944 1006 1008 ἔσει
1026 937 1465 1010 ἀκολουθεῖν·
1510 944 1649 1009 ἐπεὶ
1668 940 1747 1009 τό
1769 942 1837 1027 γ’
1861 940 2022 1028 ἐμὸν
2054 939 2257 1010 οὐδὲν
2291 952 2396 1008 533

120 1088 125 1092 -
239 1036 326 1107 άν
349 1045 731 1126 προθυμίας
762 1036 1104 1107 ἀπολίποι·
1159 1036 1311 1108 οὐδ’
1356 1040 1580 1108 εἰκόνα
1615 1036 1701 1108 ἀν
1733 1043 1827 1107 ἔτι
1860 1031 1946 1106 οὑ
1975 1042 2258 1128 λέγομεν

241 1143 427 1223 ἴδοις,
458 1134 605 1207 ἀλλ’
653 1132 817 1204 αὐτὰ
855 1134 929 1205 τό
968 1133 1318 1223 ἀληθές,’“’
1277 1164 1312 1205 ο
1350 1163 1427 1223 γε
1462 1137 1545 1224 δη’
1579 1164 1692 1224 μοι
1728 1143 2048 1223 φαίνεται.
2095 1145 2158 1206 εἰ
2186 1136 2256 1206 δ’

241 1235 449 1315 ὅντως
467 1230 516 1321 ἦ
534 1235 648 1322 μή,
673 1230 895 1303 οὐκέτ’
919 1232 1105 1316 ἄξιον
1136 1240 1336 1317 τοῦτο
1378 1239 1922 1321 διισχυρίζεσθαι·
1968 1234 2260 1326 ἀλλ’ὅτι

214 1369 219 1375 ·
250 1337 393 1419 μὲν
408 1333 487 1419 δὴ
531 1331 840 1401 τοιουτόν
880 1359 944 1401 τι
986 1337 1171 1418 ἰδεῖν,
1210 1337 1639 1423 ἰσχυριστέον.
1685 1325 1729 1420 ή
1765 1331 1925 1455 γάρς
1983 1340 2067 1402 Τί
2097 1335 2262 1421 μήν;

254 1429 527 1500 Ούκοῦν
547 1430 719 1500 καὶ”’
679 1458 781 1499 οτι
802 1427 844 1517 ἡ
864 1457 987 1499 του
1025 1433 1449 1516 διαλέγεσθαι
1482 1429 1761 1518 δύναμις
1796 1433 1967 1518 μόνη
2004 1459 2092 1500 αν
2127 1432 2264 1519 φή-

250 1555 425 1598 νειεν
446 1526 795 1618 έμπείρφ”
755 1549 899 1596 ον’τι
928 1556 1024 1597 ων
1047 1537 1179 1598 νῦν
1202 1525 1283 1616 δή
1309 1528 1693 1615 διήλθομεν,
1717 1528 1885 1617 ’άλλῃ
1908 1532 1980 1596 δὲ
2001 1527 2265 1616 οὐδαμῇ

249 1627 575 1708 δυνατόν,
629 1627 761 1693 Καὶ
801 1624 1009 1710 τοῦτ’,
1057 1631 1205 1713 ἔφη,
1252 1626 1440 1709 αξιον
1480 1631 2009 1713 διισχυρίζεσθαι.
2091 1626 2263 1695 Τόδε

248 1731 440 1809 γοῦν,
462 1716 549 1809 ἦν
572 1719 633 1791 δ’
659 1722 812 1809 ἐγώ,
846 1721 1065 1803 οὐδεὶς
1096 1723 1254 1811 ἡμῖν
1281 1723 1769 1812 ἀμφισβητήσει
1803 1726 2139 1809 λέγουσιν,
2176 1749 2263 1802 ως
2300 1734 2338 1783 Β

246 1818 460 1888 αὐτοῦ
479 1846 558 1905 γε
578 1819 863 1890 ἑκάστου
884 1823 1054 1908 πέρι,
1077 1817 1115 1888 6
1105 1820 1318 1890 ἔστιν
1347 1823 1652 1907 ἕκαστον,
1689 1821 1855 1943 άλλη
1890 1847 1989 1900 τις
2022 1822 2262 1905 ἐπιχει-

246 1932 354 2004 ρεῖ
370 1922 659 2006 μέθοδος
678 1915 817 2009 ὁδῷ
841 1923 990 2008 περὶ
1002 1918 1248 1999 παντὸς
1268 1919 1658 2009 λαμβάνειν,
1673 1916 1823 1989 ἀλλ’
1850 1923 1921 1988 αἱ
1939 1921 2060 2007 μὲν
2072 1919 2270 1987 ἄλλαι

245 2026 451 2086 πᾶσαι
472 2014 757 2105 τέχναι’“
710 2046 752 2106 η
778 2016 945 2106 πρὸς
966 2018 1162 2099 δόξας
1183 2017 1572 2107 ἀνθρώπων
1593 2022 1705 2089 καὶ
1725 2022 2080 2105 ἐπιθυμίας
2104 2020 2270 2086 εἰσὶν

245 2112 290 2203 ἦ
314 2117 481 2204 πρὸς
507 2120 798 2204 γενέσεις
820 2144 891 2185 τε
924 2121 1031 2185 καὶ
1064 2114 1497 2198 συνθέσειςἋ
1451 2145 1494 2204 η
1530 2118 1698 2203 πρὸς
1728 2125 2097 2202 θεραπείαν
2130 2144 2270 2185 των

250 2220 611 2302 φυομένων
632 2242 701 2283 τε
721 2216 832 2283 καὶ
856 2218 1359 2301 συντιθεμένων
1380 2215 1631 2285 ἅπασαι
1649 2216 2051 2305 τετράφαται
2066 2241 2080 2256 ·
2107 2218 2180 2281 αἰ
2197 2215 2268 2282 δὲ

251 2320 498 2399 λοιπαί,
522 2311 599 2393 ἃς
632 2319 758 2382 τοῦ
791 2311 988 2395 ὄντος
1010 2342 1074 2382 τι
1103 2320 1357 2400 ἔφαμεν
1388 2315 1978 2402 ἐπιλαμβάνεσθαι,
2011 2338 2272 2400 ysam&-

248 2419 431 2499 τρίας
451 2438 522 2481 τε
542 2409 791 2492 καὶτὰς
807 2414 1015 2500 ταύτῃ
1035 2413 1378 2499 ἑπομένας,
1403 2410 1667 2499 ὁρῶμεν
1689 2409 1778 2492 ὥς
1800 2410 2269 2496 ὀνειρώττουσι
2305 2428 2342 2478 c

253 2512 376 2599 μὲν
409 2513 560 2597 περὶ
594 2509 669 2580 τὸ
705 2509 809 2594 ὅν,
835 2508 1020 2597 ὕπαρ
1055 2514 1127 2579 δὲ
1161 2507 1501 2579 ἀδύνατον
1531 2508 1761 2589 αὐταῖς
1797 2514 1985 2596 ἰδεῖν,
2027 2510 2149 2590 ἕως
2186 2504 2274 2576 ἀν

153 2690 157 2694 .
253 2609 619 2679 ὑποθέσεσι
638 2611 973 2695 χρώμεναι
994 2609 1240 2689 ταύτας
1262 2607 1621 2730 ἀκινήτους
1642 2611 1817 2692 έωσι,
1852 2606 1941 2694 μή
1980 2606 2274 2692 δυνάμε-

258 2734 365 2777 ναι
385 2706 593 2794 λόγον
615 2708 877 2776 διδόναι
895 2706 1136 2776 αὐτων.
1177 2734 1229 2773 ω
1261 2733 1392 2793 γαρ
1417 2704 1581 2793 ἀρχὴ
1617 2702 1796 2793 μὲν
1774 2732 1809 2774 ο
1845 2705 1933 2792 μὴ
1971 2703 2129 2788 οἶδε,
2165 2731 2274 2772 τε·-

255 2806 452 2894 λεντὴ
479 2808 552 2876 δὲ
574 2808 685 2876 καὶ
717 2804 798 2875 τά
836 2805 1079 2893 μεταξὺ
1114 2809 1179 2886 ἐξ
1219 2796 1306 2874 οὗ
1339 2803 1426 2892 μὴ
1460 2802 1598 2873 οἶδε
1635 2807 2145 2891 συμπέπλεκται,
2179 2808 2277 2881 τίς

255 2902 510 2992 μηχανὴ
550 2903 675 2990 τὴν
711 2902 1028 2990 τοιαύτην
1062 2900 1424 2990 ομολογίαν
1464 2906 1621 2971 ποτε
1678 2899 2041 2987 ἐπιστήμην
2086 2904 2276 2986 γενέ-

258 3011 455 3085 σθαι,
501 2999 819 3088 Οὐδεμία,
852 2993 899 3088 ἦ
932 2998 1000 3067 δ’
1038 3028 1131 3080 ος.

425 3105 577 3167 XIV.
627 3099 925 3185 Οὐκοῦν,
948 3092 1038 3188 ήν
1060 3097 1123 3167 δ’
1162 3097 1370 3186 byeus
1335 3126 1378 3186 η
1404 3094 1774 3183 διαλεκτικὴ
1794 3099 2083 3182 μέθοδος
2107 3094 2278 3181 μόνη

255 3199 467 3287 ταύτῃ
509 3200 887 3287 πορεύεται,
935 3200 1053 3278 τὰς
1086 3195 1444 3277 ὑποθέσεις
1484 3194 1874 3281 ἀναιροῦσα,
1921 3193 2024 3262 ἐπ’
2068 3187 2279 3276 αὐτὴν

258 3298 381 3385 τὴν
405 3297 639 3386 ἀρχήν,
654 3302 766 3366 ἵνα
793 3299 1255 3386 βεβαιώσηται,
1271 3300 1382 3365 καὶ
1403 3322 1493 3381 τω
1518 3296 1664 3364 όντι
1681 3296 1757 3362 έν
1777 3292 2087 3379 βορβόρω
2112 3296 2274 3374 βαρ·
2314 3305 2356 3353 D

259 3405 511 3489 βαρικῷ
545 3400 676 3467 τινὶ
710 3394 787 3466 τὸ
821 3406 936 3484 τῆς
969 3403 1184 3482 ψυχῆς
1216 3395 1395 3481 ὄμμα
1432 3415 1783 3478 κατορωρυ
1781 3392 2033 3478 νμένον
2067 3384 2279 3472 ήρέμα
