2602 3928
362 206 488 272 238
1031 206 1596 294 ΠᾼΑΤΩΝΟΣ

359 394 431 438 τε
452 370 563 437 καὶ
586 365 682 447 οἷς
702 372 997 437 ἐθέλοιεν
1021 367 1246 444 ἄλλοις
1275 365 1488 458 πολλοὶ
1514 360 1602 432 ἀν
1636 369 2047 456 δαπανῷυτο.
2093 364 2373 453 Ἀληθέ-

364 487 587 551 στατα,
612 469 755 551 ἔφη.
804 461 1077 533 Οὑκοῦν
1103 465 1213 530 καὶ
1234 464 1546 547 φειδωλοὶ
1567 463 1943 547 χρημάτων,
1980 462 2095 530 ἅτε
2126 470 2353 550 τιμῶν-

361 590 468 642 τες
488 560 706 631 καὶού
730 569 1035 648 φανερῶς
1057 559 1401 647 σιτεόμενοι,
1426 563 1875 645 φιλαναλωταὶ
1900 561 1971 628 δὲ
2006 558 2375 646 ἀλλοτρίων

364 658 446 727 δι’
476 663 860 746 ἐπιθυμίαν,
882 661 993 726 καὶ
1010 658 1236 746 λάθρᾳ
1254 656 1373 736 τὰς
1393 656 1643 743 ἦδονάς
1655 657 2131 745 καρπούμενοι,
2153 656 2374 746 ῶσπερ

364 762 593 836 παῖδες
614 759 863 841 πατέρα
881 753 1002 823 τὸν
1036 755 1250 840 νόμον
1271 753 1890 841 ἀποδιδράσκοντες,
1916 754 2037 842 οὐχ
2073 753 2202 824 ὑπὸ
2229 782 2376 824 πει-

359 863 534 933 θοῦς
567 853 711 922 ἀλλ’
759 851 892 921 ὑπὸ
930 858 1077 939 βίας
1106 855 1614 938 πεπαιδευμένοι
1649 851 1756 929 διὰ
1793 853 1866 921 τὸ
1900 861 2017 940 τῆς
2049 852 2379 940 ἀληθινῆς

364 952 648 1038 Μούσης
671 958 785 1037 τῆς
822 950 981 1035 μετὰ
1018 947 1239 1034 λόγων
1280 976 1352 1018 τε
1393 951 1505 1018 καὶ
1547 956 1946 1036 φιλοσοφίας
1979 948 2380 1037 ἠμεληκέναι

287 1071 325 1122 c
360 1051 470 1117 καὶ
536 1051 997 1135 πρεσβυτέρως
1053 1045 1510 1133 γυμναστικὴν
1560 1056 1881 1134 μουσικῆς
1943 1049 2371 1133 τετιμηκέναι,

359 1147 818 1229 Παντάπασιν,
844 1151 992 1230 ἔφη,
1017 1148 1221 1229 λέγεις
1242 1148 1648 1231 μεμιγμένην
1683 1152 2020 1214 πολιτείαν
2054 1149 2127 1212 ἐκ
2158 1149 2374 1212 κακοῦ

358 1271 429 1312 τε
452 1248 560 1314 καὶ
585 1242 870 1329 ἀγαθοῦ.
918 1248 1253 1330 Μέμικται
1275 1243 1425 1330 γάρ,
1447 1237 1538 1330 ἦν
1561 1244 1626 1312 δ’
1651 1246 1782 1330 ἐγώ
1798 1272 1811 1285 ·
1854 1247 2368 1329 διαφανέστατον
2436 1274 2437 1277 “

362 1340 422 1409 δ’
458 1345 530 1408 έν
553 1338 721 1428 αὐτῇ
745 1343 922 1408 ἐστὶν
958 1341 1032 1406 ἕν
1067 1367 1127 1407 τι
1171 1340 1384 1427 μόνον
1426 1339 1559 1410 ὑπὸ
1604 1351 1725 1410 τοῦ
1764 1347 2174 1428 θυμοειδοῦς
2208 1368 2368 1426 κρα-

362 1447 655 1520 τοῦντος,
681 1444 1081 1523 φιλονεικίαι
1102 1441 1213 1506 καὶ
1234 1445 1616 1526 φιλοτιμίαι.
1662 1441 1951 1527 Σφόδρα
1972 1467 2072 1527 γε,
2102 1433 2151 1525 η’
2177 1437 2244 1507 δ’
2280 1437 2373 1516 ὅς.

364 1534 659 1622 Οὐκοῦν,
682 1529 771 1622 ἦν
803 1534 867 1602 δ’
911 1534 1061 1622 ἐγώ,
1097 1534 1264 1622 αὕτη
1290 1536 1415 1623 μὲν
1446 1536 1487 1623 ἡ
1525 1544 1817 1605 πολιτεία
1852 1536 2027 1606 οὕτω
2064 1550 2376 1622 γεγονυῖα

288 1661 327 1709 D
368 1636 478 1702 καὶ
501 1635 769 1721 τοιαύτη
796 1634 883 1701 ἄν
905 1661 1001 1713 τις
1023 1644 1145 1719 εἴη,
1172 1632 1258 1714 ὡς
1279 1635 1457 1723 λόγῳ
1482 1643 1696 1722 σχῆμα
1728 1644 2053 1714 πολιτείας
2075 1633 2372 1720 ὑπογρά-

368 1746 585 1813 ψαντα
627 1731 716 1820 μὴ
762 1731 1052 1820 ἀκριβῶς
1090 1732 1598 1820 ἀπεργάσασθαι
1642 1733 1751 1802 διὰ
1794 1733 1869 1802 τὸ
1916 1738 2214 1820 ἐξαρκεῖν
2256 1736 2381 1820 μὲν

368 1835 534 1901 ἰδεῖν
556 1835 666 1899 καὶ
699 1834 772 1899 έκ
806 1839 923 1917 τῆς
962 1829 1363 1918 ὑπογραφῆς
1392 1830 1516 1899 τόν
1543 1857 1614 1899 τε
1650 1831 2065 1901 δικαιότατον
2109 1836 2217 1901 καὶ
2256 1830 2378 1900 τὸν

367 1927 799 2013 ἀδικώτατον,
845 1927 1187 2015 ἀμήχανον
1220 1933 1291 1997 δὲ
1319 1930 1510 2016 μήκει
1553 1935 1751 2015 ἔργον
1790 1929 1957 1999 εἶναι
2001 1931 2215 2011 πάσας
2255 1929 2378 2017 μὲν

366 2034 712 2110 πολιτείας,
738 2024 952 2093 πάντα
967 2025 1038 2093 δὲ
1059 2028 1196 2113 ἤθη
1209 2029 1416 2113 μηδὲν
1437 2029 1893 2111 παραλιπόντα
1915 2033 2224 2096 διελθεῖν.
2246 2031 2372 2095 Καὶ

315 2209 328 2218 ,
365 2122 612 2209 ὀρθῶς,
635 2128 782 2209 ἔφη·

531 2226 600 2286 V.
653 2228 763 2299 Τίς
784 2212 911 2288 οὖν
937 2220 974 2289 ὁ
1000 2220 1164 2290 κατὰ
1187 2222 1436 2310 ταύτην
1471 2224 1593 2311 τὴν
1623 2232 1959 2293 πολιτείαν
1992 2222 2198 2311 ἀνήρ;
2238 2231 2378 2302 πῶς

366 2344 435 2386 τε
468 2318 827 2403 γενόμενος
848 2319 1035 2399 ποῖός
1057 2325 1129 2389 τέ
1147 2347 1243 2401 τις
1265 2320 1396 2401 ῶνς
1438 2321 1636 2409 Οἶμαι
1655 2326 1799 2408 μέν,
1822 2328 1951 2409 ἔφη
1975 2321 2012 2391 ὁ
2034 2319 2377 2408 Ἀδείμαν-

367 2440 500 2500 τος,
524 2417 721 2502 έγγύς
740 2444 804 2485 τι
826 2415 1035 2485 αὑτὸν
1055 2417 1459 2499 Γλαύκωνος
1492 2426 1766 2489 τουτουῒ
1795 2427 2036 2489 τείνειν
2072 2418 2266 2488 ἕνεκά
2300 2444 2377 2505 γε

299 2551 340 2599 E
371 2521 793 2598 φιλονεικίας.
818 2514 1029 2598 Ἴσως,
1051 2509 1137 2603 ἦν
1169 2516 1231 2585 δ’
1271 2517 1424 2603 ἐγώ,
1457 2518 1658 2587 τοῦτό
1691 2544 1794 2604 γε·
1842 2518 2009 2587 ἀλλά
2045 2544 2158 2605 μοι
2197 2522 2385 2585 δοκεῖ

368 2611 525 2679 τάδε
548 2609 632 2679 οὐ
652 2613 819 2681 κατὰ
846 2621 1089 2682 τοῦτον
1121 2619 1508 2701 πεφυκέναι.
1582 2616 1679 2685 To}
1712 2633 1904 2699 ποῑα;
1947 2614 2378 2685 Αύθαδέστε-

367 2710 494 2795 ρόν
520 2738 588 2779 τε
614 2716 718 2779 δεῖ
733 2709 963 2797 αὐτόν,
998 2706 1087 2799 ἦν
1121 2711 1185 2780 δ’
1232 2714 1382 2799 ἐγώ,
1420 2714 1589 2783 εἶναι
1618 2717 1727 2784 καὶ
1761 2713 2373 2803 ὑποαμουσότερον,

367 2809 783 2894 φιλόμουσον
806 2809 878 2877 δὲ
900 2813 1009 2878 καὶ
1031 2811 1360 2896 φιλήκοον
1380 2813 1524 2897 μέν,
1558 2810 1913 2900 ῥητορικὸν
1946 2810 2008 2881 δ’
2050 2809 2374 2900 οὐδαμῶς.

231 2949 334 3004 549
365 2908 474 2973 καὶ
500 2907 765 2986 δούλοις
803 2909 927 2993 μέν
968 2936 1063 2987 τις
1106 2906 1193 2977 ἀν
1233 2908 1465 2997 ἄγριος
1498 2921 1597 2997 εἴη
1633 2909 1670 2979 ὁ
1709 2920 2027 2996 τοιοῦτος,
2053 2910 2138 2979 ού
2171 2938 2376 2979 κατα-

368 3012 646 3090 φρονῶν
686 3004 973 3089 δούλων,
1019 3004 1240 3090 ῶσπερ
1273 3003 1312 3075 ὁ
1350 3011 1594 3086 ἱκανῶς
1619 3012 2155 3095 πεπαιδευμένος,
2190 3013 2376 3076 ἐλευ-

371 3100 596 3185 θέροις
618 3102 691 3167 δὲ
712 3100 975 3186 ἥμερος,
998 3102 1342 3190 ἀρχόντων
1359 3104 1431 3174 δὲ
1444 3106 1709 3191 σφόδρα
1731 3105 2046 3194 ὑπήκοος,
2062 3114 2376 3192 φίλαρχος

368 3198 439 3266 δὲ
460 3200 571 3266 καὶ
595 3197 959 3285 φιλότιμος,
985 3199 1109 3268 οὐκ
1148 3200 1279 3270 ἀπό
1314 3209 1438 3270 τοῦ
1474 3208 1691 3290 λέγειν
1722 3201 1927 3285 ἀξιῶν
1956 3203 2188 3290 ἄρχειν
2220 3200 2371 3271 οὐδ’

329 3338 334 3344 ·
367 3292 497 3362 ἀπὸ
520 3296 828 3365 τοιούτου
857 3295 1153 3385 οὐδενός,
1176 3298 1324 3368 ἀλλ’
1348 3297 1476 3369 ἀπὸ
1503 3307 1720 3388 ἔργων
1737 3310 1873 3370 τῶν
1894 3327 1965 3369 τε
2000 3307 2374 3386 πολεμικῶν

367 3395 478 3459 καὶ
504 3401 642 3461 τῶν
662 3395 911 3480 περὶτὰ
946 3397 1289 3486 πολεμικά,
1327 3399 1867 3488 φιλογυμναστής
1898 3401 1974 3467 τέ
1999 3425 2098 3479 τις
2132 3392 2231 3464 ῶν
2265 3398 2372 3466 καὶ

2578 1434 2598 1753 4
