2602 3928
357 181 442 244 44
1072 180 1283 239 ΠΛΛ
1305 180 1642 239 ΤΩΝΟΣ

360 341 667 428 τήσασιν,
692 338 772 421 ἃς
791 339 873 427 δὴ
899 336 1162 417 τελετὰς
1182 344 1532 424 καλοῦσιν,
1555 344 1631 405 αἳ
1646 344 1785 406 τῶν
1805 342 1944 408 ἐκεῖ
1958 349 2185 408 κακῶν
2205 336 2353 405 ἀπο·

361 437 646 507 λύουσιν
663 435 834 525 ἡμᾶς
847 488 865 522 ,
888 434 977 524 μὴ
1005 436 1355 514 θύσαντας
1374 435 1447 503 δὲ
1469 432 1655 502 δεινὰ
1676 438 2029 523 περιμένει.

529 539 681 602 v111.
731 540 956 602 Ταῦτα
978 533 1196 600 πάντα
1213 582 1234 619 ,
1257 536 1419 618 ἔφη,
1448 523 1504 600 αἶ
1527 538 1679 617 φίλε
1698 532 2074 621 Σώκρατες,
2103 539 2372 601 τοιαῦτα

365 635 473 702 καὶ
494 639 784 701 τοσαῦτα
800 631 1126 717 λεγόμενα
1147 627 1386 716 ἀρετῆς
1402 633 1555 716 πέρι
1574 635 1685 698 καὶ
1704 640 1960 718 κακίας,
1985 627 2075 710 ὥς
2097 629 2374 713 ἅνθρω-

365 754 478 799 ποι
503 730 615 798 καὶ
645 728 800 798 θεοὶ
822 726 974 810 περὶ
994 723 1165 793 αὐτὰ
1187 730 1413 811 ἔχουσι
1430 734 1653 813 τιμῆς,
1690 733 1758 795 τί
1774 726 2058 813 οἰόμεθα
2079 723 2371 797 ἀκουού-

363 846 482 906 σας
503 828 677 895 νέων
695 821 910 909 ψυχὰς
931 834 1167 908 ποιεῖν,
1191 818 1341 890 ὅσοι
1363 820 1637 909 εὐφυεῖς
1656 826 1769 892 καὶ
1790 825 2009 893 ἱκανοὶ
2032 824 2139 896 ἐπὶ
2160 825 2376 893 πάντα

362 920 443 991 τὰ
468 922 793 1008 λεγόμενα
814 917 1038 1005 ὥσπερ
1055 919 1476 1005 ἐπιπτόμενοι
1496 926 2020 1006 συλλογίσασθαι
2042 924 2108 1000 ἐξ
2126 919 2373 1007 αὐτῶν,

289 1036 329 1086 Β
365 1019 551 1099 ποῖός
573 1045 671 1098 τις
691 1012 780 1086 ἄν
801 1012 897 1086 ὧν
918 1017 1028 1084 καὶ
1049 1023 1144 1105 πῇ
1159 1020 1513 1103 πορευθεὶς
1530 1014 1651 1084 τὸν
1670 1022 1822 1104 βίον
1839 1015 1930 1097 ὥς
1947 1017 2181 1104 ἄριστα
2200 1020 2376 1087 διέλ-

364 1126 516 1196 θοις
560 1120 741 1201 λέγοι
763 1112 895 1202 γὰρ
919 1109 1011 1182 ἄν
1031 1116 1105 1182 ἐκ
1132 1118 1271 1181 τοῖν
1293 1113 1573 1184 εἰκότων
1601 1111 1768 1201 πρὸς
1788 1110 1997 1185 αὑτὸν
2014 1113 2182 1183 κατὰ
2204 1122 2374 1185 Πίν-

364 1216 575 1297 δαρον
595 1215 810 1281 ἐκεῖνο
840 1209 914 1279 τὸ
2331 1212 2334 1213 ’

531 1309 815 1397 πότερον
838 1314 990 1399 δίκᾳ
1014 1323 1221 1396 τεῖχος
1241 1308 1446 1390 ὕψιον

529 1403 575 1493 ἦ
596 1416 889 1487 σκολιαῖς
910 1406 1192 1486 ἀπάταις

360 1503 617 1594 ἀναβὰς
656 1508 768 1575 καὶ
801 1505 1094 1592 ἐμαυτὸν
1135 1504 1315 1574 οὕτω
1358 1504 1764 1593 περιφράξας
1810 1508 2046 1592 διαβιῶ
2058 1533 2074 1584 ;
2129 1503 2210 1574 τὰ
2252 1505 2373 1592 μὲν

359 1599 490 1690 γάρ
510 1600 835 1690 λεγόμενα
870 1607 1102 1694 δικαίῳ
1123 1604 1245 1691 μὲν
1263 1601 1410 1673 ὄντι
1434 1628 1568 1690 μοι,
1592 1600 1712 1672 ἐάν
1734 1600 1822 1690 μὴ
1846 1604 1958 1672 καὶ
1988 1605 2185 1689 δοκῶ,
2211 1600 2373 1689 ὄφε-

359 1709 474 1781 λος
517 1698 719 1770 οὐδέν
767 1720 977 1787 φασιν
1029 1699 1198 1770 εἶναι
1220 1752 1240 1787 ,
1310 1700 1562 1781 πόνους
1614 1706 1686 1771 δὲ
1724 1702 1836 1770 καὶ
1885 1707 2110 1788 ζημίας
2166 1725 2368 1787 φανε-

361 1799 482 1884 ράς
497 1826 510 1840 ·
536 1796 745 1889 ἀδίκςο
769 1800 842 1869 δὲ
874 1799 1083 1881 δόξαν
1115 1799 1545 1887 δικαιοσύνης
1573 1802 2227 1889 παρασκευασαμένφ
2248 1808 2368 1866 θε-

288 1918 327 1971 o
365 1898 632 1979 σπέσιος
652 1903 796 1986 βίος
821 1898 1096 1985 λέγεται.
1122 1894 1378 1967 οὐκοῦν
1392 1949 1411 1984 ,
1457 1895 1680 1985 ἐπειδὴ
1721 1893 1797 1966 τὸ
1835 1901 2092 1984 δοκεῖν,
2143 1892 2231 1978 ὥς
2253 1900 2368 1984 δη·-

363 2002 562 2064 λοῦσί
595 2019 713 2083 μοι
747 1999 818 2064 οἱ
846 2003 1084 2085 σοφοί,
1127 2001 1237 2067 καὶ
1257 1996 1386 2067 τάν
1407 1995 1738 2065 ἀλάθειαν
1759 2003 1981 2085 βιᾶται
2002 1998 2115 2067 καὶ
2135 1996 2369 2084 κύριον

360 2090 818 2182 εὐδαιμονίας,
869 2097 974 2163 ἐπὶ
996 2104 1196 2165 τοῦτο
1220 2093 1300 2182 δὴ
1325 2099 1640 2183 τρεπτέον
1663 2093 1835 2174 ὅλως
1852 2121 1865 2134 ·
1912 2095 2231 2183 πρόθυρα
2251 2095 2372 2183 μὲν

358 2194 471 2260 καὶ
492 2199 708 2278 σχῆμα
728 2191 955 2282 κύκλφ
979 2196 1129 2281 περὶ
1148 2191 1438 2280 ἐμαυτὸν
1454 2201 1905 2280 σκιαγραφίαν
1929 2190 2163 2281 ἀρετῆς
2185 2217 2374 2281 περι-

359 2292 691 2377 γραπτέον
706 2339 726 2374 ,
768 2288 895 2378 τὴν
936 2291 1007 2361 δὲ
1049 2298 1171 2359 τοῦ
1214 2288 1611 2375 σοφωτάτου
1642 2288 2020 2379 Ἀρχιλόχου
2063 2289 2372 2361 ἀλοόπεκα

360 2387 625 2456 ἑλκτέον
668 2388 1023 2469 ἐξόπισθεν
1063 2388 1432 2476 κερδαλέαν
1473 2389 1582 2455 καὶ
1627 2394 1949 2475 ποικίλην.
2008 2386 2176 2458 ἀλλά
2219 2388 2371 2476 γάρ,

358 2492 528 2572 φησί
544 2512 673 2572 τις,
720 2484 803 2553 ού
827 2486 1065 2575 ῥᾴδιον
1087 2483 1190 2554 ἀεὶ
1210 2485 1583 2555 λανθάνειν
1604 2483 1816 2554 κακὰν
1836 2484 2021 2556 ὄντα.
2065 2484 2372 2574 οὐδὲγὰρ

357 2582 522 2655 ἄλλο
546 2582 749 2654 οὐδὲν
771 2583 1060 2670 εὐπετές,
1086 2585 1423 2671 φήσομεν,
1466 2590 1605 2651 τῶν
1627 2584 1935 2671 μεγάλων
1951 2612 1965 2625 ·
1995 2583 2146 2654 ἀλλ’
2171 2584 2371 2673 ὅμως,

284 2703 325 2753 D
364 2689 423 2752 εί
442 2685 770 2770 μέλλομεν
793 2680 1337 2768 εὐδαιμονήσειν,
1374 2680 1583 2769 ταύτῃ
1605 2683 1810 2769 ἰτέον,
1848 2680 1938 2761 οὖς
1958 2680 2038 2750 τὰ
2062 2692 2210 2769 ἴχνη
2234 2690 2371 2750 τῶν

358 2781 585 2868 λόγων
617 2783 823 2867 φέρει.
861 2781 966 2849 ἐπὶ
1001 2779 1131 2866 γὰρ
1166 2777 1242 2847 τό
1280 2780 1650 2848 λανθάνειν
1694 2784 2104 2867 ξυνωμοσίας
2145 2806 2217 2849 τε
2263 2781 2375 2849 καὶ

359 2882 675 2964 ἑταιρείας
708 2877 1117 2963 συνάξομεν,
1164 2882 1297 2947 εἰσί
1317 2903 1389 2946 τε
1411 2884 1692 2957 πειθοῦς
1714 2878 2103 2946 διδάσκαλοι
2124 2883 2372 2963 σοφίαν

359 2976 816 3065 δημηγορικήν
834 3000 908 3042 τε
926 2977 1037 3063 καὶ
1058 2973 1410 3062 δικανικὴν
1435 2976 1749 3063 διδόντες,
1772 2979 1839 3056 ἐξ
1862 2967 1961 3043 οἷν
1979 2972 2060 3043 τά
2083 2978 2207 3062 μὲν
2229 2979 2373 3043 πεί-

358 3094 583 3162 σομεν,
619 3070 702 3141 τὰ
726 3073 800 3141 δὲ
820 3073 1226 3160 βιασόμεθα,
1265 3072 1355 3153 ὥς
1373 3080 1925 3153 πλεονεκτοῦντες
1945 3078 2138 3160 δίκην
2159 3069 2248 3159 μὴ
2271 3075 2373 3140 δι-

358 3174 571 3244 δόναι.
621 3168 789 3239 ἀλλά
824 3168 906 3258 δὴ
942 3168 1150 3251 θεοὺς
1185 3169 1344 3239 οὔτε
1391 3170 1765 3239 λανθάνειν
1810 3168 1967 3239 οὔτε
2004 3169 2373 3258 βιάσασθαι

360 3268 671 3344 δυνατόν.
698 3269 987 3359 οὔκουν,
1025 3277 1088 3341 εί
1103 3270 1229 3359 μὲν
1246 3269 1337 3359 μὴ
1363 3273 1531 3341 εἰσὶν
1553 3266 1598 3358 ἦ
1618 3270 1828 3358 μηδὲν
1848 3267 2074 3349 αὐτοῖς
2095 3277 2230 3338 τῶν
2250 3267 2373 3337 ἀν-

283 3390 325 3440 Ε
360 3375 728 3456 θρωπίνων
747 3371 949 3458 μέλει,
978 3371 1088 3438 καὶ
1108 3367 1267 3458 ἡμῖν
1288 3372 1610 3459 μελητέον
1629 3377 1754 3437 τοῦ
1774 3367 2143 3437 λανθάνειν
2159 3394 2173 3407 ·
2221 3372 2281 3435 εί
2300 3366 2373 3435 δὲ
