2602 3928
884 225 1475 285 noAITfflAz
1519 219 1591 300 γ’.
2176 225 2261 288 85
2307 240 2326 253 “

243 393 527 474 μουσικῇ
547 387 789 470 τροφή,
813 382 917 453 ὅτι
945 381 1230 470 μάλιστα
1259 386 1653 455 καταδύεται
1688 392 1781 465 εἰς
1813 386 1889 454 τὸ
1921 386 2109 468 ἐντὸς
2141 396 2262 474 τῆς

247 490 454 568 ψυχῆς
510 482 546 549 ὃ
602 509 675 551 τε
717 480 982 570 ῥυθμὸς
1033 484 1143 549 καὶ
1196 479 1504 568 ἁρμονία,
1561 486 1671 551 καὶ
1725 488 2257 570 ἐρρωμενέστατα

243 577 513 648 ἅπτεται
546 579 771 667 αὐτῆς,
804 583 1097 665 φέροντα
1122 577 1251 664 τὴν
1271 576 1794 668 εὐσχημοσύνην,
1818 584 1928 650 καὶ
1952 596 2125 650 ποιεῖ
2144 582 2259 650 εὖ-

246 679 565 766 σχήμονα,
591 680 710 747 ἐάν
732 705 829 758 τις
852 676 1081 762 ὀρθως
1100 684 1348 763 τραφῇ,
1375 684 1437 745 εἰ
1455 679 1529 746 δὲ
1551 680 1665 766 μη’,
1694 681 2123 760 τούναντίον;
2149 684 2258 750 καὶ
2288 698 2328 746 Ε

246 774 348 844 ὅτι
389 770 481 844 αὖ
521 803 661 845 των
700 779 1293 862 παραλειπομένων
1326 779 1438 843 καὶ
1471 776 1560 864 μὴ
1598 788 1813 858 καλῶς
1847 783 2259 869 δημιουργη-

243 866 569 942 θέντων’“
524 901 571 960 η
590 875 679 960 μὴ
703 878 922 953 καλῶς
949 873 1230 965 φύντων
1251 870 1518 952 ὀξύτατ’
1543 902 1631 943 αν
1654 876 2097 946 αἰσθάνοιτο’
2068 906 2103 946 ο
2127 883 2268 949 ἐκεῖ

243 975 514 1057 τραφεὶς
535 968 623 1048 ὥς
648 974 801 1057 ἔδει,
823 973 934 1039 καὶ
968 969 1196 1054 ὀρθῶς
1225 968 1307 1056 δὴ
1339 975 1796 1058 δυσχεραίνων
1815 1000 1896 1042 τα
1929 976 2055 1060 μὲν
2087 967 2256 1043 καλα

245 1072 507 1137 ἐπαινοῖ
539 1070 647 1137 καὶ
681 1076 934 1155 χαίρων
977 1071 1131 1155 [καὶ]
1176 1070 1697 1155 καταδεχόμενος
1740 1078 1832 1149 εἰς
1874 1098 1997 1158 την
2035 1071 2259 1160 ψυχὴν

242 1165 535 1252 τρέφοιτ’
561 1160 650 1233 α”ν
669 1164 787 1234 ἀπ’
814 1194 1041 1235 αυτων
1063 1169 1189 1234 καὶ·
1181 1173 1495 1251 γίγνοιτο
1518 1169 1721 1248 καλος
1733 1195 1803 1237 τε
1824 1168 2148 1258 κάγαθός,
2172 1168 2256 1238 τοὶ
2269 1185 2373 1240 402

246 1262 305 1331 δ’
343 1263 576 1351 αἰσχροὶ
599 1266 792 1349 ψέγοι
818 1262 878 1331 τ’
910 1292 999 1332 αν
1019 1263 1247 1349 όρθως
1282 1270 1393 1333 καὶ
1425 1279 1610 1351 μισοῖ
1635 1271 1730 1334 ἔτι
1762 1270 1913 1348 νέος
1946 1267 2065 1353 div,
2098 1271 2259 1353 πρὶν

249 1362 448 1445 λόγον
462 1360 758 1441 δυνατὰς
780 1360 948 1430 εἶναι
970 1369 1218 1449 λαβεῖν,
1241 1365 1563 1443 ἐλθόντος
1575 1365 1648 1432 δὲ
1663 1372 1785 1432 τοῦ
1809 1366 2017 1450 λόγου
2039 1364 2261 1434 ἀσπά-

245 1460 404 1543 ζοιτ’
430 1458 517 1530 ἂν
545 1461 756 1531 αὐτὸν
786 1470 1129 1549 γνωρίζων
1160 1463 1250 1530 δι’
1278 1465 1646 1551 οἰκειότητα
1678 1465 1960 1550 μάλιστα
2003 1463 2038 1533 ὁ
2075 1462 2258 1533 οὕτω

245 1572 546 1649 τραφείς;
591 1561 766 1650 Ἐμοὶ
799 1570 971 1647 γοῦν
1004 1566 1204 1648 δοκεῖ,
1248 1570 1399 1651 ἔφη,
1433 1570 1571 1631 τῶν
1599 1563 1923 1631 τοιούτων
1954 1565 2149 1631 ἕνεκα
2182 1566 2258 1630 ἐν

248 1668 536 1746 μουσικῇ
560 1659 786 1747 εἶναιῆ
807 1661 1045 1750 τροφή.
1084 1659 1339 1745 ’Ὠσπερ
1372 1660 1524 1748 ἄρα,
1548 1654 1639 1747 ἦν
1674 1658 1738 1728 δ’
1774 1661 1922 1746 ἐγώ,
1945 1661 2256 1747 γραμμαί-

251 1783 385 1825 των
420 1759 570 1842 πέρι
612 1758 760 1825 τότε
799 1764 1047 1837 ἱκανῶς
1087 1769 1369 1845 εἴχομεν,
1408 1755 1517 1826 ὅτε
1547 1756 1630 1825 τά
1652 1772 1934 1844 στοιχεῖα
1967 1756 2055 1843 μὴ
2091 1765 2256 1825 λαν-

245 1855 456 1925 θάνοι
482 1853 653 1943 ἡμεῖς
677 1854 868 1943 ὀλίγα
891 1855 1053 1925 ὄντα
1076 1861 1150 1925 ἐν
1174 1857 1426 1925 ἅπασιν
1448 1851 1546 1935 οἷς
1570 1860 1707 1925 ἔστι
1740 1855 2253 1944 περιφερόμενα,

245 1956 358 2024 καὶ
379 1951 523 2023 οὔτ’
565 1957 640 2023 ἐν
669 1963 928 2046 σμικρῷ
950 1954 1099 2025 οὔτ’
1133 1960 1205 2025 ἐν
1230 1957 1494 2047 μεγάλφ
1517 1952 1914 2042 ἠτιμάζομεν
1933 1951 2128 2038 αὐτά,
2165 1951 2252 2033 ὡς
2283 1964 2322 2014 Β

246 2051 331 2122 ού
375 2056 511 2121 δέοι
555 2054 1029 2142 αἰσθάνεσθαι,
1074 2052 1242 2124 άλλά
1285 2060 1627 2138 πανταχοῦ
1667 2052 2280 2144 προύθυμούμεθα,

194 2195 201 2203 ‹
247 2151 787 2238 διαγιγνώσκειν,
834 2151 922 2231 ὡς
965 2151 1049 2222 ού
1100 2152 1431 2239 πρότερον
1475 2151 1781 2238 ἐσόμενοι
1818 2153 2257 2237 γραμματικοὶ

247 2253 406 2334 πρὶν
433 2247 646 2330 οὕτως
665 2255 944 2337 ἔχοιμεν.
983 2249 1253 2337 Ἀληθῆ.
1296 2247 1571 2320 Οὐκοῦν
1601 2251 1712 2317 καὶ
1745 2249 2005 2328 εἰκόνας
2038 2251 2256 2335 γρὰμ-
2351 2253 2358 2260 ’

245 2349 495 2435 μάτων,
519 2358 584 2416 εἴ
596 2373 731 2416 που
752 2344 796 2434 ἢ
823 2352 900 2417 ἐν
928 2347 1169 2416 ὕδασιν
1202 2346 1247 2434 ἢ
1280 2352 1355 2416 ἐν
1390 2346 1783 2431 κατόπτροις
1802 2350 2252 2434 ἐμφαίνοιντο,

245 2445 329 2515 ού
349 2446 681 2530 πρότερον
707 2446 1131 2531 γνωσόμεθα,
1159 2441 1384 2530 πρὶν’“
1339 2472 1425 2514 αν
1450 2443 1617 2512 αὐτα
1638 2470 1920 2530 γνωμεν,
1945 2442 2097 2512 ἀλλ’
2120 2449 2256 2512 ἔστι

245 2551 362 2631 τῆς
404 2542 609 2629 αὐτῆς
647 2546 877 2630 τέχνης
916 2570 989 2611 τε
1033 2547 1143 2611 καὶ
1183 2547 1484 2630 μελέτης;
1526 2543 1921 2610 Παντάπασι
1951 2542 2073 2627 μὲν
2108 2567 2251 2611 ουν.

237 2634 376 2725 Αρ’
406 2633 554 2726 οὖν,
584 2667 621 2707 ο
657 2643 851 2726 λέγω,
880 2644 1047 2726 πρὸς
1068 2650 1274 2726 θεων,
1310 2639 1526 2719 οὕτως
1561 2638 1719 2710 οὐδε
1745 2643 2053 2727 μουσικοὶ
2086 2640 2258 2725 πρό-

244 2764 443 2823 τερον
467 2737 779 2825 ἐσόμεθα,
813 2738 971 2809 οὔτε
1004 2737 1195 2809 αὐτοὶ
1231 2766 1386 2808 οντε
1416 2765 1536 2818 ους
1558 2765 1779 2826 φαμεν
1800 2735 1960 2825 ἡμῖν
1979 2741 2253 2805 παιδευ-
2286 2753 2324 2803 G

245 2841 397 2905 τέον
432 2836 600 2905 εἶναι
644 2863 803 2917 τους
836 2838 1160 2924 φύλακας,
1205 2839 1366 2924 πρὶν
1407 2864 1496 2904 αν
1539 2839 1619 2904 τὰ
1660 2845 1776 2923 τῆς
1810 2835 2255 2922 σωφροσύνης

249 2941 390 3022 εἴδη
425 2937 536 3004 καὶ
564 2934 875 3024 ἀνδρείας
887 2938 999 3004 καὶ
1021 2938 1561 3023 ἐλευθεριότητος
1574 2939 1684 3002 καὶ
1695 2940 2255 3023 μεγαλοπρεπείας

171 3114 182 3120 ,
247 3036 358 3102 καὶ
379 3032 506 3101 ὅσα
538 3035 800 3104 τούτων
833 3032 1091 3120 ἀδελφὰ
1127 3038 1237 3104 καὶ
1265 3033 1347 3104 τά
1383 3035 1642 3102 τούτων
1671 3026 1760 3100 αὖ
1786 3036 2052 3101 ἐναντία
2082 3058 2220 3100 παν

249 3140 456 3218 ταχοῦ
485 3134 978 3219 περιφερόμενα
1000 3139 1428 3220 γνωρίζωμεν
1458 3135 1569 3201 καὶ
1598 3132 1838 3200 ἐνόντα
1874 3134 1949 3199 ἐν
1982 3125 2078 3208 οἷς
2112 3134 2256 3198 ἔνε-

250 3249 396 3299 στιν
414 3231 903 3318 αἰσθανώμεθα
931 3234 1043 3299 καὶ
1076 3229 1245 3299 αὐτοὶ
1274 3235 1391 3299 καὶ
1413 3231 1677 3308 εἰκόνας
1692 3228 1939 3312 αὐτῶν,
1962 3231 2068 3296 καὶ
2094 3228 2255 3312 μήτε

253 3333 328 3397 ἐν
358 3343 660 3415 σμικροῖς
688 3330 848 3416 μήτε
871 3332 946 3398 ἐν
968 3329 1280 3416 μεγάλοις
1308 3325 1741 3414 ἀτιμάζωμεν,
1779 3325 1947 3394 ἀλλὰ
1982 3332 2096 3409 τῆς
2134 3322 2261 3389 αὐ-

251 3439 363 3517 τῆς
402 3429 701 3517 οἰώμεθα
745 3432 975 3516 τέχνης
1014 3428 1184 3499 εἶναι
1225 3432 1337 3499 καὶ
1379 3434 1678 3517 μελέτης;
1714 3422 1940 3510 Πολλὴ
1976 3420 2257 3506 ἀνάγκη,
