2602 3928
920 235 1500 295 ΠΟΛΙΤΕΙΑΣ
1536 231 1596 296 ε’.
2126 205 2243 299 137

231 401 462 464 κυνῶν
507 394 753 480 πότερα
790 393 1277 481 ξυμφυλάττειν
1322 395 1603 482 οἰόμεθα
1648 401 1809 480 δεῖν,
1846 398 2016 483 ἅπερ
2050 395 2138 467 ἂν
2181 404 2253 469 ol*

232 490 510 577 ἄρρενες
551 492 954 578 φυλάττωσι,
998 491 1109 558 καὶ
1151 492 1596 579 ξυνθηρεύειν
1650 496 1761 562 καὶ
1800 487 2009 563 τᾶλλα
2051 503 2244 585 κοινῇ

234 589 568 675 πράττειν,
605 584 651 676 ἦ
686 586 804 667 τὰς
837 591 960 674 μὲν
995 594 1333 672 οἰκουρεῖν
1367 593 1568 657 ἔνδον
1602 587 1692 669 ῶς
1726 588 2102 670 ἀδυνάτους
2137 592 2242 660 διά

233 686 356 756 τὸν
374 692 515 755 τῶν
526 684 882 754 σκυλάκων
902 684 1106 754 τόκον
1125 711 1196 754 τε
1215 688 1326 753 καὶ
1346 687 1628 774 τροφήν,
1652 685 1809 766 τούς
1831 689 1902 757 δὲ
1924 703 2155 758 πονεῖν
2176 715 2246 757 τε

235 786 347 853 καὶ
367 791 590 851 πᾶσαν
608 785 984 869 ἐπιμέλειαν
1004 787 1176 868 ἔχειν
1195 786 1348 869 περὶ
1368 783 1449 851 τὰ
1483 790 1786 871 ποίμνια;
1819 792 2058 873 Κοινῇ,
2095 793 2243 873 ἔφη,

234 882 452 949 πάντα
468 903 483 917 ·
525 876 702 968 πλὴν
725 876 812 958 ῶς
834 878 1343 965 ἀσθενεστέραις
1362 882 1847 967 χρῶμεθα,τοῐς
1865 884 1935 952 δὲ
1949 879 2039 963 ῶς
2060 889 2248 969 ίσχυ-
2282 892 2321 941 E

238 979 549 1062 ροτέροις.
605 971 774 1045 Οἷόν
808 973 869 1043 τ’
904 968 1052 1061 οὖν,
1086 981 1260 1062 ἔφην
1303 979 1455 1065 ἐγώ,
1492 980 1598 1047 ἐπὶ
1627 976 1709 1047 τά
1743 977 1912 1047 αὐτὰ
1959 987 2253 1067 χρῆσθαί

237 1103 366 1143 τινι
388 1075 553 1163 ζῶςο,
578 1069 665 1142 ἄν
686 1074 776 1162 μὴ
797 1074 921 1160 τὴν
946 1072 1161 1161 αὐτὴν
1193 1076 1455 1162 τροφήν
1487 1102 1559 1144 τε
1594 1080 1704 1145 καὶ
1739 1082 2043 1146 παιδείαν
2077 1076 2247 1146 ἄπο-

237 1176 470 1257 διδῷς;
515 1171 657 1257 Οὐχ
687 1167 836 1241 οἷόν
857 1198 944 1240 τε.
987 1178 1075 1241 Εἰ
1093 1171 1222 1260 ἄρα
1243 1188 1384 1252 ταῖς
1401 1175 1705 1259 γυναιξὶν
1726 1178 1831 1243 ἐπὶ
1852 1172 2060 1243 ταύτὰ
2084 1202 2246 1263 χρη-

235 1271 498 1356 σόμεθα
540 1272 649 1338 καὶ
695 1284 830 1349 τοῖς
869 1268 1173 1357 ἀνδράσι,
1219 1269 1429 1339 ταύτὰ
1476 1275 1588 1341 καὶ
1631 1277 1978 1342 διδακτέον
2020 1272 2244 1354 αὐτάς.

243 1374 392 1445 Ναί.
460 1369 771 1455 Μουσικὴ
815 1368 939 1456 μὲν
978 1373 1255 1449 ἐκείνοις
1290 1396 1362 1437 τε
1406 1374 1517 1440 καὶ
1565 1370 1977 1458 γυμναστικὴ
2021 1373 2246 1459 ἐδόθη.
2281 1388 2385 1442 452

245 1470 395 1537 Ναί.
442 1469 575 1533 Καὶ
594 1480 735 1545 ταῖς
754 1468 1059 1552 γυναιξὶν
1080 1466 1209 1551 ἄρα
1244 1469 1458 1535 τούτω
1490 1467 1583 1535 τῶ
1615 1471 1810 1555 τέχνα
1842 1470 1953 1538 καὶ
1980 1470 2061 1536 τὰ
2100 1473 2249 1555 περὶ

240 1564 360 1632 τὸν
379 1564 674 1650 πόλεμον
695 1563 1063 1633 ἀποδοτέον
1081 1567 1192 1633 καὶ
1213 1569 1532 1652 χρηστέον
1552 1567 1719 1634 κατά
1756 1565 1982 1635 ταύτά.
2048 1568 2251 1648 Είκὸς

241 1666 305 1743 ἐξ
341 1654 440 1730 ῶν
460 1665 690 1748 λέγεις,
725 1668 872 1749 ἔφη.
905 1662 1100 1742 Ἴσως
1133 1662 1239 1748 δή,
1276 1661 1485 1750 εἷπον,
1525 1662 1703 1749 παρὰ
1730 1662 1806 1733 τὰ
1843 1670 2002 1743 ἔθος
2025 1674 2248 1751 γελοῖα

238 1755 327 1827 ἂν
348 1768 651 1845 φαίνοιτο
688 1759 900 1830 πολλὰ
936 1763 1086 1847 περὶ
1114 1758 1193 1827 τὰ
1230 1768 1362 1829 νῦν
1392 1761 1735 1847 λεγόμενα,
1771 1768 1833 1830 εί
1860 1763 2174 1847 πράξεται
2204 1755 2253 1850 ᾗ

241 1860 513 1943 λέγεται.
557 1862 689 1925 Καὶ
711 1858 910 1944 μάλα,
935 1858 1083 1944 ἔφη.
1135 1864 1234 1944 Τί,
1268 1852 1359 1944 ἦν
1392 1856 1454 1927 δ’
1492 1858 1644 1945 ἐγώ,
1678 1860 2101 1946 γελοιότατον
2125 1858 2251 1927 αὕ-

238 1964 376 2025 τῶν
398 1953 592 2046 ὁρᾷς;
618 1951 662 2042 ἢ
685 1961 855 2043 δῆλα
876 1955 955 2044 δὴ
982 1956 1084 2026 ὅτι
1103 1960 1363 2045 γυμνὰς
1383 1955 1500 2036 τὰς
1520 1972 1841 2045 γυναῖκας
1866 1962 1941 2026 ἐν
1960 1972 2100 2038 ταῖς
2120 1982 2250 2025 πα-

238 2061 573 2140 λαίστραις
594 2059 1089 2143 γυμναζομένας
1109 2055 1269 2149 μετα
1293 2062 1434 2124 τῶν
1466 2055 1753 2143 ἀνδρῶν,
1785 2054 1867 2124 οὐ
1895 2056 2108 2142 μόνον
2126 2055 2243 2135 τὰς
2281 2069 2316 2117 Β

241 2156 415 2236 νέας,
436 2151 604 2221 ἄλλα
625 2156 736 2221 καὶ
754 2153 881 2241 ἤδη
904 2153 1021 2234 τὰς
1039 2158 1508 2242 πρεσβυτέρας,
1526 2153 1748 2242 ῶσπερ
1762 2155 1918 2233 τοὺς
1931 2157 2249 2242 γέροντας

238 2253 315 2319 έν
335 2264 472 2329 τοῖς
491 2258 900 2338 γυμνασίοις,
913 2251 1076 2320 ὅταν
1097 2255 1289 2337 ῥυσοὶ
1310 2254 1419 2320 καὶ
1441 2251 1529 2338 μκὴ
1544 2249 1721 2338 ἡδεῖς
1746 2252 1869 2339 τὴν
1891 2250 2048 2332 ὄψιν
2069 2251 2248 2338 ὅμως

239 2355 901 2436 φιλογυμναστῶσιν;
933 2348 1045 2436 Νὴ
1067 2346 1190 2416 τὸν
1209 2356 1364 2433 Δία,
1387 2354 1514 2437 ἔφη
1530 2377 1543 2390 ·
1581 2359 1843 2436 γελοῖον
1875 2347 2005 2435 γὰρ
2026 2349 2133 2432 ἄν,
2160 2347 2249 2429 ῶς

239 2472 316 2531 γε
338 2450 413 2515 έν
432 2454 529 2537 τῷ
548 2455 935 2532 παρεστῶτι,
961 2453 1221 2534 φανείη.
1269 2445 1564 2535 Οὐκοῦν,
1597 2441 1687 2536 ἦν
1710 2448 1776 2516 δ’
1800 2449 1952 2534 ἐγώ,
1987 2453 2248 2534 ἐπείπερ

241 2542 642 2632 ῶρμήσαμεν
665 2547 904 2632 λέγειν,
929 2544 1014 2614 οὐ
1025 2547 1358 2632 φοβητέον
1378 2543 1460 2612 τὰ
1483 2551 1621 2613 τῶν
1642 2549 2003 2631 χαριέντων
2025 2547 2249 2632 σκῶμ-

240 2668 433 2728 ματα,
458 2641 587 2710 ὅσα
609 2645 719 2711 καὶ
739 2637 846 2710 οἶα
878 2638 967 2710 ἂν
990 2652 1239 2712 εἴποιεν
1261 2649 1354 2722 είς
1380 2641 1507 2729 τὴν
1537 2644 1851 2730 τοιαύτην
1878 2641 2250 2730 μεταβολὴν

236 2744 607 2827 γενομένην
638 2745 747 2809 καὶ
779 2743 932 2828 περὶ
963 2740 1044 2809 τα
1079 2741 1415 2828 γυμνάσια
1448 2744 1559 2810 καὶ
1591 2744 1739 2826 περὶ
1769 2740 2097 2828 μουσικὴν
2139 2743 2249 2808 καὶ
2289 2745 2324 2795 0

174 2831 181 2834 ¹
236 2833 369 2906 οὐκ
391 2842 692 2926 ἐλάχιστα
715 2840 864 2923 περὶ
883 2838 1007 2925 τὴν
1027 2845 1165 2905 τῶν
1185 2837 1415 2907 ὅπλων
1455 2842 1677 2925 σχέσιν
1707 2841 1817 2907 καὶ
1847 2841 2069 2906 ἳππων
2092 2835 2251 2925 ὀχή-

238 2955 392 3015 σεις.
421 2934 696 3022 Ὀρθῶς,
719 2940 870 3021 ἔφη,
898 2938 1124 3022 λέγεις.
1160 2932 1331 3004 Ἀλλ’
1357 2938 1619 3023 ἐπείπερ
1648 2937 1865 3020 λέγειν
1881 2935 2248 3022 ἠρξάμεθα,

239 3037 600 3119 πορευτέον
622 3030 789 3119 πρὸς
810 3031 884 3099 τό
909 3031 1115 3118 τραχὺ
1136 3040 1261 3102 τοῦ
1292 3033 1529 3120 νόμου,
1566 3038 1866 3119 δεηθεῖσί
1890 3061 1959 3102 τε
1992 3033 2251 3101 τούτων

240 3129 330 3217 μὴ
353 3127 431 3198 τὰ
458 3128 682 3198 αὐτῶν
717 3129 1033 3213 πράττειν
1057 3129 1224 3200 ἀλλὰ
1261 3133 1677 3214 σπουδάζειν,
1715 3135 1826 3200 καὶ
1859 3129 2251 3219 ὑπομνήσα-

238 3246 369 3310 σιν,
393 3226 496 3294 &a
519 3224 602 3294 οὐ
624 3226 833 3308 πολύς
851 3229 1092 3315 χρόνος
1114 3233 1178 3311 ἐξ
1201 3222 1284 3298 οὗ
1305 3230 1756 3317 τοΐςἝλλησιν
1778 3229 1996 3299 ἐδόκει
2016 3230 2251 3315 αἰσχρὰ

237 3322 407 3392 εἶναι
441 3327 552 3391 καὶ
584 3333 827 3409 γελοῖα,
873 3327 1042 3411 ἅπερ
1066 3335 1198 3397 νῦν
1229 3343 1366 3408 τοῖς
1408 3337 1673 3407 πολλοῖς
1704 3334 1842 3397 τῶν
1865 3327 2249 3416 βαρβάρων,

237 3419 537 3509 γυμνοὺς
559 3421 811 3509 ἄνδρας
830 3421 1141 3512 ὁρᾶσθαι,
1156 3428 1268 3495 καὶ
1288 3425 1400 3495 ὅτε
1415 3426 1700 3515 ἤρχοντο
1715 3431 1853 3494 τῶν
1862 3429 2252 3511 γυμνασίων
