2602 3928
879 247 1464 306 ΠΟΛΙΤΕΙΑΣ
1500 244 1570 307 δ’.
2105 249 2227 312 133

218 413 406 491 σθαι,
433 403 718 491 πότερον
748 397 839 471 αὖ
862 413 1191 474 λυσιτελεῖ
1205 408 1428 477 δίκαιά
1462 433 1533 474 τε
1566 408 1878 496 πράττειν
1911 412 2022 478 καὶ
2057 410 2227 479 καλοὶ
2261 432 2363 486 445

217 503 627 593 ἐπιτηδεύειν
648 506 758 573 καὶ
780 504 948 574 εἶναι
977 511 1257 592 δίκαιον,
1292 509 1416 576 ἐάν
1447 533 1518 577 τε
1550 507 1861 595 λανθάνῃ
1884 507 2005 574 ἐάν
2032 532 2104 575 τε
2137 507 2227 594 μή

217 608 518 681 τοιοῦτος
539 600 659 689 ῶν,
673 599 720 689 ἦ
741 600 994 672 ἀδικεῖν
1012 630 1084 671 τε
1099 607 1210 673 καὶ
1232 604 1472 673 άδικον
1494 603 1682 689 εἶναι,
1695 605 1939 689 ἐάνπερ
1954 604 2042 691 μὴ
2067 608 2230 693 διδῷ

218 705 416 787 δίκην
433 699 597 787 μηδὲ
617 706 897 787 βελτίων
917 707 1219 789 γίγνηται
1241 701 1698 790 κολαζόμενος.
1758 699 1958 787 Ἀλλ’,
1989 707 2140 788 ἔφη,
2173 695 2229 769 ὦ

215 796 594 882 Σῶκρατες,
615 802 879 882 γελοῖον
899 802 1120 882 ἔμοιγε
1142 803 1451 882 φαίνεται
1481 796 1557 866 τὸ
1594 803 1849 885 σκέμμα
1879 805 2229 884 γίγνεσθαι

217 894 366 983 ἤδη,
409 900 472 963 εί
512 900 635 962 τοῦ
681 896 807 981 μὲν
850 894 1154 982 σωματος
1206 903 1326 983 τῆς
1368 896 1634 983 φύσεως
1676 901 2234 984 διαφθειρομένης

217 997 408 1061 δοκεῖ
431 988 514 1059 οὐ
550 990 797 1078 βιωτόν
839 991 1008 1060 εἶναι
1045 990 1205 1061 οὐδὲ
1233 994 1398 1080 μετὰ
1433 994 1706 1063 πάντων
1741 1001 1969 1063 σιτίων
2009 1020 2082 1063 τε
2123 994 2232 1062 καὶ

218 1096 447 1159 ποτῶν
467 1091 576 1158 καὶ
603 1088 851 1168 παντὸς
874 1087 1169 1158 πλούτου
1204 1093 1317 1159 καὶ
1348 1089 1566 1178 πάσης
1601 1090 1825 1178 ἀρχῆς,
1864 1099 1981 1179 τῆς
2003 1097 2075 1160 δὲ
2107 1090 2233 1159 αὐ-

220 1195 346 1258 τοῦ
365 1189 613 1256 τούτου
635 1178 692 1276 ᾦ
718 1193 932 1274 ζῶμεν
952 1188 1218 1274 φύσεως
1249 1192 1733 1276 ταραττομένης
1768 1192 1881 1259 καὶ
1917 1194 2229 1275 διαφθει-
2267 1204 2306 1253 Β

219 1290 501 1374 ρομένης
517 1281 762 1372 βιωτὸν
782 1283 913 1370 ἄρα
931 1289 1130 1370 ἔσται,
1146 1282 1153 1293 ’
1167 1286 1412 1372 ἐάνπερ
1447 1312 1547 1366 τις
1573 1294 1731 1376 πονῇ
1752 1284 1791 1356 ὃ
1812 1284 1901 1356 ἄν
1920 1294 2234 1376 βουληθῇ

217 1385 384 1454 ἄλλο
407 1380 585 1470 πλὴν
605 1388 828 1468 τοῦτο,
853 1379 1113 1452 ὁπόθεν
1131 1390 1367 1462 κακίας
1384 1385 1508 1470 μὲν
1530 1386 1643 1453 καὶ
1662 1382 1919 1465 ἀδικίας
1932 1383 2230 1454 ἀπαλλα-

221 1483 512 1570 γήσεται,
536 1479 972 1566 δικαιοσύνην
993 1484 1066 1548 δὲ
1096 1480 1208 1548 καὶ
1240 1477 1484 1568 ἀρετὴν
1516 1483 1843 1570 κτήσεται,
1878 1481 2226 1569 ἐπειδήπερ

221 1580 437 1667 ἐφάνη
465 1604 542 1664 γε
562 1577 726 1648 ὄντα
748 1577 1023 1663 ἑκάτερα
1044 1572 1152 1646 οἷα
1180 1575 1369 1664 ἡμεῖς
1401 1581 1907 1667 διεληλύθαμεν.
1952 1587 2229 1649 Γελοῑον

219 1677 371 1764 γάρ,
395 1671 482 1764 ἦν
505 1675 569 1744 δ’
596 1676 729 1762 έγω’
745 1702 761 1718 ·
807 1673 951 1744 ἄλλ’
978 1674 1157 1761 ὅμως
1175 1677 1443 1760 ἐπείπερ
1464 1680 1764 1745 ἐνταῦθα
1782 1677 2226 1765 ἐληλύθαμεν,

222 1775 387 1842 ὅσον
406 1770 510 1843 οἷό
513 1801 553 1842 ν
573 1800 645 1843 τε
661 1778 1043 1858 σαφέστατα
1062 1771 1480 1843 κατιδεῖνὸτι
1498 1780 1708 1842 ταῦτα
1731 1773 1945 1853 οὕτως
1965 1779 2113 1860 ἔχει,
2145 1771 2230 1842 οὐ

219 1871 340 1958 χρὴ
365 1869 797 1957 ἀποκάμνειν.
829 1869 1109 1938 ’Ήκιστα
1129 1870 1214 1958 νὴ
1243 1869 1365 1939 τὸν
1384 1877 1540 1957 Δία,
1577 1877 1727 1959 ἔφη,
1760 1870 2034 1940 πάντων
2061 1868 2231 1939 άπο-

220 1974 519 2056 κμητέον.
562 1975 789 2053 Δεῦρο
811 1974 965 2056 νῦν,
977 1958 1063 2054 ἦν
1086 1966 1152 2035 δ’
1181 1969 1334 2056 έγω’,
1354 1973 1465 2036 ἵνα
1486 1971 1596 2037 καὶ
1619 1974 1782 2057 ἴδῃς,
1809 1968 1936 2037 ὅσα
1957 1972 2067 2036 καὶ
2089 1973 2228 2056 εἴδη
2267 1989 2302 2041 c

219 2071 348 2152 ἔχει
371 2065 412 2154 ἡ
435 2074 655 2151 κακία,
677 2063 765 2144 ὡς
782 2067 925 2152 ἐμοὶ
946 2069 1148 2149 δοκεῖ,
1173 2063 1217 2132 ἅ
1236 2092 1314 2151 γε
1353 2065 1436 2152 δὴ
1471 2068 1581 2133 καὶ
1612 2067 1764 2145 ἄξια
1799 2069 1981 2144 θέας.
2029 2062 2232 2134 Ἔπο-

220 2190 357 2250 μαι,
405 2170 563 2250 ἔφη·
600 2163 813 2250 μόνον
846 2166 1013 2248 λέγε.
1066 2163 1197 2230 Καὶ
1238 2162 1391 2250 μήν,
1425 2158 1514 2249 ἦν
1551 2162 1616 2232 δ’
1655 2162 1804 2249 ἐγω,
1840 2162 2064 2251 ῶσπερ
2098 2162 2226 2232 άπὸ

223 2266 504 2338 σκοπιᾶς
524 2285 637 2345 μοι
659 2266 983 2344 φαίνεται,
1009 2259 1227 2346 ἐπειδὴ
1251 2263 1552 2328 ἐνταῦθα
1581 2260 2086 2348 ἀναβεβήκαμεν
2104 2267 2230 2328 τοῦ

218 2357 447 2444 λόγου,
465 2360 541 2425 ἓν
562 2357 685 2442 μὲν
705 2356 874 2425 εἶναι
894 2353 1067 2435 εἶδος
1086 2363 1204 2444 τῆς
1215 2353 1473 2443 ἀρετῆς,
1492 2356 1729 2442 ἄπειρα
1753 2361 1826 2425 δὲ
1844 2363 1963 2444 τῆς
1975 2364 2229 2443 κακίας,

217 2461 494 2538 τέτταρα
529 2452 592 2520 δ’
635 2456 709 2521 ἐν
742 2444 967 2532 αὐτοῖς
999 2451 1162 2521 ἄττα
1206 2444 1307 2521 ῶν
1344 2456 1458 2522 καὶ
1492 2452 1680 2534 ἄξιον
1721 2456 2229 2541 ἐπιμνησθῆναι.

215 2558 378 2631 Πῶς
395 2555 637 2636 λέγειςς
657 2545 806 2637 ἔφη.
833 2547 1042 2637 Ὅσοι,
1063 2542 1153 2636 ἦν
1173 2548 1236 2617 δ’
1257 2550 1409 2634 ε’γῶ,
1438 2557 1790 2620 πολιτειῶν
1809 2551 2045 2635 τρόποι
2066 2552 2232 2619 εἰσὶν

218 2654 361 2735 εἴδη
407 2655 682 2734 ἔχοντες,
735 2654 1044 2716 τοσοῦτοι
1082 2648 1556 2718 κινδυνεύουσι
1594 2651 1706 2718 καὶ
1742 2656 1958 2737 ψυχῆς
1994 2649 2233 2736 τρόποι

216 2746 412 2815 εἶναι.
453 2744 667 2813 Πόσοι
690 2744 775 2833 δή
785 2775 805 2828 3
846 2748 1059 2814 Πέντε
1071 2750 1214 2833 μέν,
1240 2739 1330 2833 ἦν
1363 2747 1427 2814 δ’
1462 2747 1612 2833 έγῶ,
1634 2753 2007 2831 πολιτειῶν,
2033 2750 2228 2815 πέντε
2270 2781 2314 2830 D

218 2844 292 2912 δὲ
312 2850 542 2929 ψυχῆς.
569 2846 758 2929 Λέγε,
784 2849 934 2930 ἔφη,
956 2850 1146 2923 τίνες.
1173 2846 1388 2930 Λέγω,
1413 2842 1622 2929 εἷπον,
1653 2843 1758 2913 ὅτι
1778 2839 1869 2923 εἶς
1890 2844 2015 2930 μὲν
2036 2836 2233 2922 οὗτος

218 2936 302 3008 ὃν
321 2938 507 3026 ἡμεῖς
538 2940 1031 3028 διεληλύθαμεν
1061 2949 1390 3021 πολιτείας
1423 2951 1524 3028 εἴη
1573 2937 1658 3010 ἂν
1689 2942 1955 3029 τρόπος,
1993 2944 2233 3010 ἐπονο-

216 3045 504 3124 μασθείη
528 3035 591 3105 δ’
616 3036 706 3106 ἂν
725 3042 838 3106 καὶ
861 3043 1010 3127 διχῇ
1023 3066 1037 3079 ·
1062 3042 1502 3132 ἐγγενομένου
1522 3038 1644 3126 μὲν
1664 3037 1794 3124 γὰρ
1815 3037 2063 3127 ἀνδρὸς
2084 3039 2234 3119 ἑνὸς

217 3139 291 3202 έν
320 3148 455 3214 τοῖς
476 3133 754 3224 ἄρχουσι
776 3141 1209 3224 διαφέροντος
1226 3144 1524 3225 βασιλεία
1546 3132 1634 3205 ἂν
1668 3147 1967 3224 κληθείη,
2005 3140 2233 3205 πλειό-

220 3258 361 3299 νων
403 3231 476 3300 ab
517 3230 997 3317 ἀριστοκρατία.
1040 3232 1312 3321 Ἀληθῆ,
1356 3240 1501 3321 ἔφη.
1563 3242 1777 3304 Τοῦτο
1818 3238 1944 3322 μὲν
1976 3241 2231 3319 τοίνυν,

218 3323 305 3417 ἦν
338 3329 405 3399 δ’
442 3332 592 3417 ἐγώ,
629 3336 705 3401 ἓν
738 3331 909 3413 εἶδος
941 3336 1141 3420 λέγω·
1187 3333 1345 3402 οὔτε
1376 3332 1507 3420 γὰρ
1539 3334 1627 3403 ἂν
1660 3341 1929 3413 πλείους
1964 3335 2120 3402 οὔτε
2141 3330 2234 3413 εἷς

219 3430 650 3516 ἐγγενόμενος
669 3430 1005 3518 κινήσειεν
1027 3428 1116 3500 ἄν
1134 3439 1273 3502 τῶν
1288 3430 1492 3512 ἀξίων
1507 3432 1716 3519 λόγου
1727 3432 2091 3520 νόμωΰτῆς
2105 3431 2225 3499 πό·
2270 3452 2312 3500 Ε
