2602 3928
357 205 442 273 48
1067 206 1637 267 ΠΛΑΤΩΝΟΣ

361 369 532 459 evm
554 368 827 451 ἀδικίας,
851 364 975 434 οὐκ
998 303 1414 447 άπεδέξασθέ
1426 389 1591 450 μου·
1615 359 1748 431 οὔτ’
1775 357 1864 432 αὖ
1887 364 2067 445 ὅπως
2087 365 2176 453 μὴ
2199 372 2360 453 βοη-

360 468 554 555 θήσω
577 473 730 554 ἔχω·
777 467 1039 533 δέδοικα
1060 463 1223 550 γάρ,
1258 460 1347 549 μὴ
1371 459 1518 529 οὐδ’
1547 460 1736 529 ὅσιον
1754 455 1797 552 ᾖ
1819 463 2363 551 παραγενόμενον

290 575 328 627 c
362 563 753 650 δικαιοσύνῃ
784 562 1332 648 κακηγορουμένῃ
1367 558 1810 647 ἀπαγορεύειν
1842 565 1953 630 καὶ
1973 560 2059 649 μὴ
2083 569 2365 649 βοηθεῖν

359 668 451 730 ἔτι
471 663 839 747 ἐμπνέοντα
861 660 974 727 καὶ
995 658 1377 743 δυνάμενον
1398 661 1836 742 φθέγγεσθαι.
1859 660 2213 743 κράτιστον
2235 684 2364 726 ουν

359 757 574 838 οὕτως
615 757 797 836 ὅπως
833 755 1141 840 δύναμαι
1156 757 1533 839 ἐπικουρεῖν
1574 753 1759 845 αὐτῇ.
1803 755 1843 825 ὅ
1876 783 1948 825 τε
1980 749 2108 824 οὖν
2139 755 2366 825 Γλαύ-

358 883 498 925 κων
526 857 638 924 καὶ
672 858 738 922 οἰ
770 852 962 922 αλλοι
996 853 1257 920 ἐδέοντο
1292 853 1486 918 παντὶ
1517 852 1742 940 τρόπω
1777 859 2116 939 βοηθῆσαι
2144 854 2253 920 καὶ
2275 878 2363 939 μη

361 952 620 1022 άνεῖναι
641 950 763 1019 τὸν
783 950 1022 1035 λόγον,
1061 946 1229 1018 ἀλλὰ
1251 949 1814 1036 διερευνήσασθαι
1834 956 1903 1017 τί
1916 976 1984 1017 τε
1973 951 2244 1018 ’ἐστιν’
2210 949 2367 1018 εκά-

357 1076 555 1135 τερον
576 1051 687 1117 καὶ
704 1049 852 1134 περὶ
872 1054 990 1132 τῆς
1014 1043 1335 1133 ὠφελείας
1354 1043 1587 1114 αύτοῖν
1603 1044 1887 1132 τάληθὲς
1904 1048 2198 1133 ποτέρως
2210 1051 2363 1132 ἔχει.

361 1147 552 1216 εἶπον
573 1140 701 1216 οὖν
724 1144 887 1229 οπερ
913 1147 1056 1231 ἐμοὶ
1079 1148 1334 1228 ἔδοξεν,
1379 1170 1482 1210 οτι
1511 1140 1602 1210 Τὸ
1640 1143 1886 1231 ζήτημα
1919 1171 1970 1233 ω
1949 1134 2366 1230 ἐπιχειροῦ-

360 1271 485 1332 μεν
521 1243 605 1311 ού
640 1250 906 1331 φαῦλον
940 1239 1088 1311 ἄλλ’
1132 1240 1251 1322 ὀξὺ
1296 1234 1690 1328 βλέποντος,
1736 1238 1823 1321 ὥς
1858 1244 2002 1328 ἐμοὶ
2038 1249 2366 1328 φαίνεται.

281 1361 325 1412 D
362 1339 585 1428 ἐπειδὴ
612 1367 738 1408 ουν
760 1339 945 1428 ἡμεῖς
967 1337 1050 1407 ού
1074 1343 1301 1426 δεινοί,
1323 1344 1513 1407 δοκεῖ
1521 1365 1652 1426 μοι,
1677 1331 1764 1426 ἦν
1786 1337 1848 1407 δ’
1877 1339 2028 1426 ἐγώ,
2053 1338 2369 1425 τοιαύτην

360 1438 767 1527 ποιήσασθαι
790 1436 1053 1525 ζήτησιν
1074 1434 1318 1521 αυτοῦ,
1364 1432 1717 1521 οἵανπερ’“
1672 1464 1759 1504 αν
1796 1443 1857 1505 εί
1884 1439 2249 1557 προσέταξέ
2274 1462 2371 1515 τις

361 1538 714 1624 γράμματα
756 1534 999 1623 σμικρά
1044 1533 1412 1622 πόρρωθεν
1457 1532 1844 1619 ἀναγνῶναι
1885 1535 1972 1622 μὴ
2021 1535 2204 1602 πάνυ
2246 1531 2368 1614 ὀξὺ

361 1636 758 1722 βλέπουσιν,
805 1633 1029 1701 ἔπειτά
1054 1659 1152 1712 τις
1174 1632 1557 1721 ἐνενόησεν,
1605 1632 1708 1701 ὅτι
1727 1634 1808 1702 τὰ
1829 1633 1998 1704 αὐτὰ
2019 1636 2369 1720 γράμματα

361 1737 498 1801 ἔστι
524 1755 656 1800 που
687 1734 797 1800 καὶ
835 1731 1076 1801 ἄλλοθι
1108 1738 1305 1818 μείζω
1338 1758 1409 1799 τε
1428 1734 1539 1800 καὶ
1559 1735 1633 1799 ἐν
1667 1738 1944 1820 μείζονι,
1992 1733 2265 1818 ἕρμαιον
2284 1730 2365 1799 ἂν

363 1828 578 1916 ἐφάνη
594 1880 614 1915 ,
653 1827 866 1916 οἶμαι,
904 1834 1126 1897 ἐκεῖνα
1147 1836 1416 1912 πρῶτον
1437 1827 1849 1913 ἀναγνόντας
1869 1828 2081 1908 οὕτως
2101 1833 2366 1898 ἐπισκό-

363 1941 514 1997 πεῖν
535 1925 614 1995 τὰ
639 1925 904 2013 ἐλάττω,
931 1931 994 2018 εί
1007 1923 1088 1995 τὰ
1113 1923 1282 1994 αὐτὰ
1304 1924 1465 1994 ὄντα
1484 1926 1809 2013 τυγχάνει.
1854 1929 2053 1997 Πάνυ
2074 1929 2197 2015 μὲν
2220 1920 2367 2013 οὖν,

291 2045 333 2095 Ε
366 2029 493 2111 ἔφη
518 2022 553 2091 ὁ
578 2022 997 2110 Ἀδείμαντος
1013 2049 1028 2064 ·
1073 2022 1240 2091 άλλά
1264 2032 1333 2091 τί
1348 2032 1673 2111 τοιοῦτον,
1700 2018 1754 2092 ὦ
1774 2028 2162 2114 Σώκρατες,
2195 2029 2371 2115 ἐνιτῇ

363 2123 512 2206 περὶ
544 2119 618 2189 τὸ
654 2126 910 2190 δίκαιον
944 2122 1201 2209 ζητήσει
1233 2132 1566 2207 καθοροῖςς
1606 2123 1769 2211 Ἐἠιω
1793 2144 1931 2210 σοι,
1965 2130 2168 2212 ἔφην,
2217 2129 2362 2214 ε’ρεό.

365 2218 774 2307 δικαιοσύνη,
802 2224 1021 2308 φαμέν
1036 2272 1060 2308 ,
1080 2225 1215 2289 ἔστι
1235 2220 1357 2307 μὲν
1380 2219 1625 2308 ἀνδρὸς
1648 2223 1798 2302 ἑνός
1812 2274 1828 2307 ,
1853 2230 1990 2291 ἔστι
2011 2228 2088 2292 δέ
2102 2249 2237 2292 που
2261 2227 2366 2293 καὶ

365 2317 525 2403 ὅλης
560 2318 844 2397 πόλεως;
889 2318 1089 2401 Πάνυ
1121 2344 1234 2404 γε,
1279 2311 1326 2405 ἦ
1359 2317 1423 2387 δ’
1460 2319 1551 2399 ὅς.
1620 2319 1897 2389 Οὐκοῦν
1930 2329 2151 2409 μεῖζον
2184 2324 2369 2402 πόλις

366 2413 515 2494 ἑνὸς
549 2413 824 2499 άνδρός;
865 2423 1151 2505 Μεῖζον,
1199 2424 1344 2504 ἔφη.
1409 2418 1605 2498 Ἴσως
1638 2429 1869 2488 τοίνυν
1891 2418 2192 2489 πλείων’
2161 2449 2247 2489 αν
2270 2426 2368 2490 δι-
2425 2443 2429 2450 ’

365 2513 691 2599 καιοσύνη
726 2516 800 2580 ἐν
832 2523 927 2603 τῷ
959 2520 1208 2600 μείζονι
1244 2517 1419 2602 ἐνείη
1455 2520 1563 2585 καὶ
1609 2517 1797 2606 ῥᾴων
1841 2528 2270 2639 καταμαθεῖν.
2314 2522 2371 2587 εί

228 2624 334 2680 369
369 2603 497 2677 οὖν
516 2610 875 2697 βούλεσθε,
899 2619 1165 2731 πρῶτον
1187 2617 1258 2682 ἐν
1281 2629 1422 2693 ταῖς
1442 2615 1677 2683 πόλεσι
1699 2614 2074 2704 ζητήσωμεν
2095 2617 2290 2685 ποῖόν
2309 2623 2388 2684 τι

365 2710 573 2775 ἐστιν·
618 2711 837 2775 ἔπειτα
882 2707 1095 2788 οὕτως
1133 2712 1643 2799 ἐπισκεψώμεθα
1684 2714 1794 2781 καὶ
1837 2715 1911 2781 ἐν
1954 2716 2051 2782 ἑνὶ
2095 2715 2367 2803 ἑκάστω,

362 2802 487 2890 τὴν
505 2812 629 2872 τοῦ
648 2805 1006 2891 μείζονος’
975 2809 1327 2896 ομοιότητα
1362 2814 1435 2877 ἐν
1457 2819 1537 2897 τῇ
1557 2817 1679 2878 τοῦ
1701 2811 2047 2890 ἐλάττονος
2068 2816 2208 2901 ἰδέα
2229 2816 2370 2880 ἐπι-

366 2910 786 2981 σκοποῦντες.
828 2900 1018 2973 ’Λλλά
1039 2932 1151 2992 μοι
1185 2912 1431 2991 δοκεῖς,
1476 2912 1638 2994 ἔφη,
1682 2916 1899 2988 καλως
1932 2913 2166 2993 λέγειν.
2224 2902 2364 2993 Αρ’

368 2992 525 3086 οὖν,
571 3027 660 3087 ην
693 2998 756 3068 δ’
795 3003 956 3090 ἐγώ,
1003 3010 1064 3072 εί
1080 3008 1481 3092 γιγνομένην
1506 3007 1705 3074 πόλιν
1724 3013 2144 3093 θεασαίμεθα
2170 3008 2367 3097 λόγω,

365 3099 476 3164 καὶ
507 3096 631 3183 τήν
665 3101 1098 3188 δικαιοσύνην
1142 3104 1345 3189 αὐτῆς
1387 3106 1645 3190 ἴδοιμεν
1687 3129 1775 3170 αν
1820 3110 2222 3192 γιγνομένην
2262 3107 2371 3174 καὶ

363 3191 488 3280 τὴν
510 3191 803 3277 άδικίαν;
851 3194 1017 3284 Τάχ’
1039 3198 1148 3285 άν,
1171 3227 1213 3285 η
1192 3192 1298 3267 ’δ’
1328 3199 1420 3278 ός.
1480 3197 1757 3268 Οὐκοῦν
1778 3207 2143 3288 γενομένου
2162 3199 2371 3270 αὐτοῦ

291 3308 330 3358 Β
364 3292 546 3370 ἐλπὶς
571 3289 1034 3379 εὐπετέστερον
1055 3293 1277 3364 ίδεῖν“
1239 3324 1274 3365 ο
1299 3302 1654 3383 ζητοῦμενς
1676 3299 1868 3367 Πολύ
1880 3326 1971 3385 γε.
2013 3308 2225 3370 Δοκεῖ
2245 3290 2372 3367 οὖν

360 3396 598 3476 χρῆναι
630 3394 1032 3480 ἐπιχειρῆσαι
1067 3401 1440 3494 περαίνειν,
1483 3392 1665 3481 οἶμαι
1699 3396 1821 3483 μὲν
1842 3394 1971 3485 γὰρ
1994 3394 2117 3464 ούκ
2143 3387 2372 3482 ὀλίγον

2581 0 2591 369 ἢ
