2602 3928
890 268 1474 359 ΠΟΛΙΤΕΙᾼΣ
1511 261 1577 337 ς’.
2132 264 2253 329 175

242 429 511 511 μεγέθει
533 426 657 512 μὲν
683 430 795 495 καὶ
821 428 1012 515 ῥώμῃ
1038 423 1212 545 ὑπὲρ
1233 424 1393 504 τούς
1427 430 1502 495 ἐν
1535 433 1615 513 τῇ
1640 433 1757 513 νηι
1785 429 2059 547 πάντας,
2081 425 2257 495 ὑπό-

240 549 478 611 κωφον
499 523 573 592 δὲ
593 523 759 594 καῖ’
725 534 986 612 ορωντα
1011 522 1325 603 ὡσαύτως
1348 523 1563 610 βραχύ
1583 550 1646 591 τι
1668 526 1778 592 καὶ
1796 525 2253 610 γιγνώσκοντα

241 624 391 706 περὶ
419 629 756 690 ναυτικῶν
785 624 974 706 ἕτερα
1000 630 1297 707 τοιαῦτα,
1322 619 1479 700 τοῦς
1504 621 1576 689 δὲ
1600 619 1848 699 ναύτας
1871 623 2256 703 στασιάζον-

241 745 356 798 τας
376 716 543 804 πρὸς
567 716 895 805 ἀλλήλους
917 723 1066 804 περὶ
1088 727 1202 806 τῆς
1231 718 1714 806 κυβερνήσεως,
1740 721 2021 788 ἕκαστον
2041 718 2254 806 οἰόμε-

240 842 366 884 νον
393 820 534 884 δεῖν
582 824 941 906 κυβερνᾷν,
985 816 1145 904 μήτε
1185 816 1496 903 μαθόντα
1541 816 1805 885 πώποτε
1845 814 1969 903 τὴν
2020 821 2258 905 τέχνην

223 968 230 975 .
239 914 401 999 μήτε
443 920 675 1000 ἔχοντα
717 913 1056 995 ἀποδεῖξαι
1098 914 1501 983 διδάσκαλον
1535 915 1778 983 ἑαυτοῦ
1810 917 1977 1001 μηδὲ
2008 914 2257 1002 χρόνον

239 1013 314 1079 ἐν
349 1002 405 1095 ᾦ
440 1013 799 1098 ἐμάνθανε,
843 1010 1010 1095 πρὸς
1042 1014 1115 1080 δὲ
1157 1011 1419 1090 τούτοις
1447 1012 1829 1098 φάσκοντας
1856 1013 2022 1098 μηδὲ
2068 1016 2258 1081 διδα-

241 1105 405 1175 κτόν
417 1106 606 1193 εἶναι,
620 1106 789 1176 ἀλλά
804 1109 916 1176 καὶ
936 1106 1057 1175 τόν
1076 1110 1353 1193 λέγοντα
1370 1106 1459 1188 ὥς
1472 1108 1788 1177 διδακτὸν
1810 1111 2110 1196 ἑτοίμους
2130 1136 2255 1178 κα-
2285 1122 2326 1176 0

243 1207 604 1292 τατέμνειν,
639 1204 884 1285 αύτοὺς
915 1207 988 1277 δὲ
1034 1203 1216 1295 αὐτῷ
1248 1205 1351 1275 ἀεὶ
1383 1214 1473 1297 τῷ
1508 1208 1865 1298 ναυκλήρῳ
1904 1208 2258 1295 περικεχύ-

246 1313 406 1371 σθαι
441 1307 797 1390 δεομένους
828 1304 938 1372 καὶ
978 1304 1196 1371 πάντα
1232 1310 1607 1392 ποιοῦντας,
1631 1303 1813 1385 ὅπως
1846 1302 1933 1374 ἂν
1968 1313 2158 1392 σφίσι
2180 1304 2254 1374 τὸ

250 1398 573 1486 πηδάλιον
606 1404 939 1487 ἐπιτρέψῃ,
964 1403 1175 1469 ἐνίοτε
1197 1398 1263 1473 δ’
1288 1396 1378 1468 ἂν
1399 1399 1487 1487 μη
1511 1408 1838 1470 πείθωσιν
1868 1402 2037 1472 ἀλλά
2063 1403 2255 1471 ἄλλοι

247 1507 522 1585 μᾶλλον,
544 1498 701 1577 τούς
724 1498 849 1585 μὲν
871 1496 1116 1577 ἄλλους
1135 1493 1181 1584 ἦ
1203 1494 1733 1579 ἀποκτιννύντας
1754 1496 1799 1587 ἦ
1811 1502 2254 1587 ἐκβάλλοντας

252 1619 319 1666 εκ
349 1605 463 1684 τῆς
499 1597 686 1683 νεώς,
720 1595 841 1665 τὸν
865 1595 939 1665 δὲ
971 1610 1283 1681 γενναῖον
1322 1596 1704 1684 ναύκληρον
1739 1599 2173 1689 μανδραγόρᾳ
2210 1595 2256 1686 ἦ

245 1699 421 1784 μέθῃ
447 1694 495 1783 ἦ
512 1722 645 1763 τινι
665 1694 843 1786 ἄλλῳ
867 1699 1397 1781 ξυμποδίσαντας
1414 1703 1528 1782 τῆς
1549 1694 1717 1774 νεώς
1750 1695 1975 1782 ἄρχειν
1998 1699 2256 1784 χρωμέ-

244 1820 408 1873 νους
437 1807 571 1872 τοῖς
593 1802 838 1879 ένοῦσι,
862 1795 974 1861 καὶ
995 1794 1309 1871 πίνοντάς
1328 1818 1399 1860 τε
1420 1794 1529 1860 καὶ
1550 1790 2050 1880 εὐωχουμένους
2063 1802 2254 1862 πλεῖν

245 1888 334 1972 ὡς
356 1891 430 1959 τό
457 1890 632 1971 εἰκός
657 1889 816 1970 τοῦς
838 1892 1206 1975 τοιούτους,
1244 1890 1411 1975 πρὸς
1442 1892 1513 1959 δὲ
1535 1892 1795 1972 τούτοις
1818 1894 2253 1972 ἐπαινοῦντας
2336 1942 2341 1947 ,

242 1990 568 2068 ναυτικὸν
588 1990 711 2075 μὲν
735 1998 1103 2069 καλοῦντας
1126 1992 1236 2058 καὶ
1257 1988 1742 2076 κυβερνητικὸν
1775 1992 1884 2058 καὶ
1907 1990 2254 2078 ἐπιστάμε-
2288 2019 2332 2071 n

244 2115 371 2156 νον
409 2087 487 2155 τὰ
524 2085 688 2155 κατὰ
728 2096 920 2171 ναῦν,
956 2084 1030 2167 ὂς
1064 2079 1154 2155 ἀν
1189 2088 1675 2175 ξυλλαμβάνειν
1714 2089 1930 2167 δεινὸς
1970 2082 2036 2176 ᾖ,
2079 2087 2259 2168 ὅπως

240 2184 560 2273 ἄρξουσιν
590 2180 637 2271 ἦ
670 2191 1017 2264 πεύθοντες
1049 2179 1096 2270 ἦ
1131 2187 1507 2272 βιαζόμενοι
1547 2185 1671 2254 τὸν
1702 2186 2108 2273 ναύκληρον,
2136 2185 2257 2254 τὸν

242 2282 316 2350 δὲ
338 2280 427 2369 μὴ
463 2290 770 2350 τοιοῦτον
795 2283 1118 2367 ψέγοντας
1147 2280 1235 2362 ὥς
1269 2282 1619 2370 ἄχρηστον,
1654 2292 1777 2351 τοῦ
1814 2284 1886 2352 δὲ
1922 2281 2258 2370 ἀληθινοῦ

246 2378 667 2467 κυβερνήτου
710 2381 861 2467 πέρι
889 2376 1048 2467 μηδ’
1083 2382 1441 2464 ἐπαΐοντες,
1477 2377 1580 2448 ὅτι
1615 2378 1874 2466 ἀνάγκη
1912 2379 2097 2469 αὐτῷ
2132 2379 2256 2468 τὴν

244 2481 618 2564 ἐπιμέλειαν
639 2485 976 2545 ποιεῖσθαι
998 2481 1310 2546 ἐνιαυτοῦ
1329 2480 1441 2545 καὶ
1463 2474 1660 2561 ὡρῶν
1682 2479 1789 2546 καὶ
1813 2475 2111 2561 ούρανοῦ
2146 2482 2255 2547 καὶ

241 2575 510 2661 ἄστρων
531 2578 641 2645 καὶ
663 2576 1061 2663 πνευμάτων
1080 2577 1191 2644 καὶ
1213 2575 1484 2643 πάντων
1505 2583 1641 2642 τῶν
1670 2583 1749 2662 τῇ
1784 2580 1976 2664 τέχνῃ
2000 2598 2255 2662 προση-

242 2675 525 2760 κόντων,
550 2680 612 2744 εἰ
627 2680 846 2761 μέλλει
870 2679 964 2767 τῷ
989 2674 1134 2743 ὄντι
1165 2672 1337 2752 νεώς
1355 2672 1624 2759 ἀρχικὸς
1658 2679 1951 2759 ἔσεσθαι,
1974 2673 2154 2754 ὅπως
2183 2674 2254 2743 δὲ

240 2776 639 2864 κυβερνήσει
661 2772 779 2843 ἐάν
798 2776 875 2841 τέ
888 2798 1063 2852 τινες
1082 2773 1469 2859 βούλωνται
1484 2774 1602 2840 έάν
1623 2798 1694 2840 τε
1716 2772 1826 2860 μή,
1840 2774 2004 2859 μήτε
2017 2775 2254 2860 τέχνην
2287 2796 2330 2846 Ε

245 2873 492 2942 τούτου
519 2872 682 2959 μήτε
703 2876 982 2958 μελέτην
1014 2871 1309 2956 οἰόμενοι
1342 2869 1632 2939 δυνατόν
1657 2870 1823 2939 εἶναι
1856 2878 2087 2959 λαβεῖν
2118 2871 2254 2958 ἅμα

245 2973 357 3039 καὶ
376 2969 502 3057 τὴν
522 2969 1026 3058 κυβερνητικήν.
1071 2970 1394 3038 τοιούτων
1416 2969 1496 3056 δὴ
1519 2971 1669 3054 περὶ
1689 2971 1807 3051 τὰς
1830 2979 1995 3051 ναῦς
2027 2999 2257 3058 γιγνο-

245 3074 469 3158 μένων
486 3068 608 3138 τὸν
630 3067 719 3148 ὡς
739 3068 1012 3156 ἀληθῶς
1040 3068 1525 3156 κυβερνητικὸν
1556 3067 1678 3154 οὐχ
1709 3067 1859 3156 ἡγεῖ
1875 3066 1960 3138 ἂν
1993 3078 2086 3161 τῷ
2111 3070 2255 3140 ὄντι

245 3170 792 3260 μετεωροσκόπον
815 3196 886 3238 τε
907 3171 1017 3238 καὶ
1038 3167 1405 3255 ἀδολέσχην
1427 3169 1537 3238 καὶ
1562 3167 1892 3254 ἄχρηστόν
1926 3189 2114 3255 σφισι
2135 3196 2258 3236 κα-
2290 3190 2395 3247 489

244 3279 507 3340 λεῖσθαι
539 3266 673 3337 ὑπο
718 3296 854 3337 των
896 3271 968 3336 ἐν
1006 3282 1147 3346 ταῖς
1191 3267 1368 3336 οὕτω
1403 3272 2038 3353 κατεσκευασμέναις
2061 3267 2259 3334 ναυσὶ

249 3369 647 3456 πλωτήρων;
685 3368 814 3433 Καὶ
837 3366 1037 3454 μάλα,
1072 3373 1199 3451 ἔφη
1235 3363 1268 3432 ὁ
1307 3361 1735 3450 Ἀδείμαντος.
1787 3362 1890 3433 Ού
1927 3364 2033 3450 δή,
2066 3356 2151 3448 ἦν
2187 3365 2255 3428 δ’

246 3468 397 3552 ε’γω,
423 3464 601 3553 οἶμαι
624 3470 890 3534 δεῖσθαί
921 3486 994 3532 σε
1028 3464 1495 3549 ἐξεταζομένην
1527 3459 1653 3547 τὴν
1686 3462 1910 3529 εἰκόνα
1944 3455 2194 3544 ἰδεῖν,“
2154 3484 2255 3526 οτι·
