2602 3928
246 244 318 301 87
460 232 470 243 ’
1027 234 1485 294 ΤΙΜΑΙΟΣ.
2147 237 2272 300 405

248 395 739 483 ξυμπεπηγότα,
764 391 845 464 ὃν
866 395 949 480 δὴ
974 399 1232 480 σπέρμα
1256 398 1331 461 έν
1353 408 1492 472 τοῖς
1512 393 1817 478 πρόσθεν
1840 395 2061 483 λόγοις
2085 408 2271 466 εἴπο-
2306 411 2348 463 Β

243 520 370 580 μεν
387 519 400 532 ·
446 491 482 562 6
507 496 601 578 δέ,
641 489 746 560 ἅτ’
786 497 1077 578 ἔμψυχος
1112 486 1211 559 ῶν
1250 493 1363 559 καὶ
1402 491 1634 579 λαβῶν
1677 490 2026 581 ἀναπνοὴν
2067 495 2269 565 τοῦθ’

243 584 413 679 ᾗπερ
449 589 838 676 άνέπνευσε,
867 598 986 677 τῆς
1017 592 1254 675 ἐκροῆς
1289 586 1570 676 ζωτικὴν
1597 592 1962 679 ἐπιθυμίαν
1993 594 2273 680 ἐμποιή-

244 711 367 768 σας
400 689 586 778 αὐτῷ
620 696 746 758 τοῦ
770 695 1023 778 γεννᾷν
1058 695 1270 773 ἔρωτα
1306 687 1672 758 ἀπετέλεσε.
1722 688 1824 759 διὸ
1860 691 1941 779 δὴ
1977 699 2117 760 τῶν
2150 695 2272 778 μὲν

244 786 518 871 ἀνδρῶν
536 786 613 854 τὸ
653 788 803 870 περὶ
839 784 966 873 τὴν
995 793 1134 854 τῶν
1171 789 1444 856 αἰδοίων
1495 788 1706 872 φύσιν
1738 785 2014 869 ἀπειθές
2050 815 2122 859 τε
2163 792 2276 859 καὶ

246 884 650 1007 αντοκρατὲς
691 884 994 971 γεγονός,
1041 880 1187 954 οἷον
1229 890 1402 965 ζῶον
1446 884 1836 971 ἀνυπήκοον
1879 895 2003 955 τοῦ
2041 887 2271 975 λόγου,

244 984 520 1053 πάντων
542 981 634 1051 δι’
658 986 1016 1070 ἐπιθυμίας
1038 983 1420 1067 οἰστρώδεις
1443 988 1757 1070 ἐπιχειρεῖ
1770 999 2067 1071 κρατεῖν·
2111 990 2186 1054 αἱ
2203 983 2267 1054 δ’

243 1086 317 1151 έν
335 1097 479 1161 ταῖς
498 1085 805 1168 γυναιξὶν
827 1075 917 1150 αὖ
949 1088 1196 1168 μῆτραί
1211 1107 1282 1149 τε
1319 1086 1428 1150 καὶ
1460 1078 1731 1168 ὑστέραι
1765 1083 2120 1170 λεγόμεναι
2153 1084 2264 1152 διὰ
2302 1096 2344 1150 ῦ

246 1181 329 1247 τά
353 1178 524 1247 αὐτά
543 1187 775 1267 ταῦτα,
801 1186 972 1261 ζῶον
994 1176 1480 1266 ἐπιθυμητικὸν
1502 1178 1660 1246 ένόν
1690 1189 1807 1267 τῆς
1828 1185 2269 1267 παιδοποιίας,

252 1275 419 1345 ὅταν
459 1278 766 1365 ἄκαρπον
809 1277 990 1362 παρὰ
1021 1276 1148 1364 τὴν
1189 1275 1377 1363 ῶραν
1416 1275 1667 1363 χρόνον
1692 1274 1911 1345 πολὺν
1941 1285 2270 1364 γίγνηται,

244 1382 548 1463 χαλεπῶς
570 1372 996 1461 ἀγανακτοῦν
1019 1380 1226 1461 φέρει,
1249 1377 1363 1443 καὶ
1384 1376 1826 1463 πλανώμενον
1849 1376 2066 1463 πάντη
2100 1375 2271 1446 κατά

244 1473 319 1542 τὸ
378 1482 591 1561 σῶμα,
651 1475 770 1554 τάς
821 1480 948 1542 τοῦ
997 1474 1376 1560 πνεύματος
1429 1475 1763 1555 διεξόδους
1814 1472 2272 1564 ἀποφράττον,

247 1571 572 1640 ἀναπνεῖν
596 1570 722 1641 οὐκ
744 1574 898 1658 ἐῶν,
924 1578 1017 1653 εἰς
1037 1570 1320 1659 ἀπορίας
1351 1571 1473 1651 τάς
1504 1572 1780 1658 ἐσχάτας
1814 1572 2123 1660 ἐμβάλλει
2159 1575 2273 1640 καὶ

251 1668 498 1750 νόσους
527 1667 960 1749 παντοδαπὰς
999 1669 1202 1749 ἄλλας
1235 1672 1535 1755 παρέχει·
1578 1670 1890 1755 μέχριπερ
1924 1666 2014 1736 ἂν
2049 1670 2275 1738 ἕαατέ-
2387 1701 2402 1714 ·

254 1793 395 1850 ρων
433 1765 474 1855 ἡ
517 1772 838 1855 ἐπιθυμία
877 1770 989 1836 καὶ
1034 1765 1069 1835 ὁ
1117 1773 1284 1855 ἔρως
1325 1765 1900 1852 ξυνδιαγαγόντες,
1952 1761 2096 1834 οἷον
2138 1765 2270 1835 ἀπὸ

249 1871 552 1954 δένδρων
574 1866 837 1952 καρπὸν
857 1868 1408 1951 καταδρέψαντες,
1447 1863 1536 1946 ῶς
1558 1871 1651 1945 είς
1670 1862 1975 1953 ἄρουραν
1994 1866 2122 1953 τὴν
2144 1867 2275 1954 μή-
2309 1892 2355 1944 1)

255 1993 415 2055 τραν
449 1962 704 2055 ἀόρατα
748 1963 882 2035 ὑπὸ
922 1966 1357 2055 σμικρότητος
1391 1967 1502 2034 καὶ
1537 1961 1950 2033 ἀδιάπλαστα
1983 1971 2118 2045 ζῶα
2149 1993 2274 2035 κα·-

248 2070 716 2152 τασπείραντες
761 2069 871 2133 καὶ
913 2063 1116 2133 πάλιν
1151 2069 1607 2152 διακρίναντες
1649 2064 1902 2149 μεγάλα
1939 2065 2126 2143 ἐντός
2159 2065 2274 2132 έκ-

248 2168 634 2251 θρέψωνται
657 2167 768 2232 καὶ
789 2164 952 2251 μετά
981 2169 1183 2231 τοῦτο
1207 2170 1298 2242 είς
1318 2169 1464 2249 φῶς
1485 2159 1849 2249 ἀγαγόντες
1879 2160 2068 2243 ζῶων
2100 2159 2276 2229 ἀπο-

250 2267 558 2331 τελέσωσι
598 2268 882 2349 γένεσιν.
946 2276 1257 2348 γυναῖκες
1304 2261 1426 2348 μὲν
1464 2255 1594 2330 οὖν
1640 2264 1752 2330 καὶ
1792 2259 1867 2329 τὰ
1912 2269 2095 2348 θῆλυ
2138 2268 2276 2327 πᾶν

252 2359 429 2430 οὕτω
450 2364 714 2449 γέγονε·
761 2360 837 2430 τὸ
876 2363 951 2431 δὲ
987 2370 1129 2430 τῶν
1160 2359 1419 2446 ὀρνέων
1441 2368 1663 2447 φῦλον
1698 2365 2274 2447 μετερρνθμίζετο,

251 2460 398 2530 ἀντὶ
430 2470 676 2548 τριχῶν
709 2459 918 2549 πτερά
954 2462 1159 2547 φύον,
1197 2465 1270 2529 ἐκ
1305 2467 1443 2529 τῶν
1480 2459 1750 2527 ἀκάκων
1785 2457 2077 2545 ἀνδρῶν,
2111 2458 2276 2527 κού-

255 2587 406 2647 φων
430 2561 525 2647 δέ,
539 2564 652 2628 καὶ
672 2566 1258 2649 μετεωρολογικῶν
1281 2562 1427 2645 μέν,
1449 2554 1843 2645 ἡγουμένων
1864 2558 1937 2625 δὲ
1958 2555 2035 2624 δι’
2062 2554 2278 2636 ὅψεως

255 2659 369 2737 τάς
402 2663 554 2745 περὶ
595 2658 856 2728 τούτων
896 2658 1260 2741 ἀποδείξεις
1294 2658 1724 2745 βεβαιοτάτας
1766 2654 1936 2724 εἶναι
1980 2652 2069 2722 δι’
2114 2653 2276 2740 εὐή-
2310 2671 2352 2721 Β

253 2771 470 2828 θειαν.
513 2758 586 2827 τὰ
622 2759 683 2826 δ’
712 2750 803 2827 αὖ
826 2756 1023 2840 πεζὸν
1043 2762 1154 2827 καὶ
1188 2762 1522 2846 θηριῶδες
1558 2759 1836 2842 γέγονεν
1870 2759 1945 2824 ἐκ
1978 2764 2114 2823 τῶν
2148 2783 2277 2842 μη-

255 2860 369 2928 δὲν
389 2859 924 2948 προσχρωμένων
946 2865 1314 2948 φιλοσοφία
1335 2856 1503 2943 μηδὲ
1535 2851 1941 2942 ἀθρούντων
1977 2861 2094 2940 τῆς
2129 2854 2275 2939 περὶ

254 2957 373 3027 τὸν
410 2957 707 3046 οὐρανὸν
750 2957 1020 3045 φύσεως
1056 2961 1207 3042 πέρι
1248 2959 1478 3044 μηδέν,
1511 2954 1620 3023 διὰ
1655 2952 1729 3024 τὰ
1773 2956 2006 3041 μηκέτι
2034 2967 2175 3031 ταῖς
2207 2955 2279 3018 ἐν

253 3065 336 3146 τῇ
358 3064 615 3144 κεφαλῇ
650 3066 945 3145 χρῆσθαι
981 3057 1335 3142 περιόδοις,
1374 3051 1540 3122 ἀλλά
1582 3066 1718 3132 τοῖς
1757 3054 1907 3140 περὶ
1946 3050 2027 3119 τά
2063 3050 2278 3135 στήθη

253 3169 368 3246 τῆς
393 3165 605 3244 ψυχῆς
625 3154 947 3244 ηγεμόσιν
970 3156 1245 3225 ἕπεσθαι
1275 3156 1566 3240 μέρεσιν.
1611 3156 1685 3220 ἐκ
1706 3151 1966 3219 τούτων
1992 3173 2122 3215 ουν
2143 3154 2282 3212 τῶν

257 3253 795 3343 ἐπιτηδευμάτων
835 3252 922 3322 τά
955 3252 1017 3321 τ’
1055 3251 1436 3339 έμπρόσθια
1468 3256 1650 3317 κῶλα
1684 3251 1793 3315 καὶ
1840 3246 1958 3324 τάς
1991 3242 2286 3329 κεφαλὰς

256 3361 345 3435 είς
372 3361 506 3442 γῆν
539 3352 863 3441 ἑλκόμενα
898 3349 1029 3420 ὑπὸ
1069 3355 1452 3437 ξυγγενείας
1480 3345 1780 3436 ηρεισαν,
1817 3342 2178 3430 προμήκεις
2214 3366 2284 3407 τε

258 3456 366 3522 καὶ
401 3458 719 3533 παντοίας
761 3456 954 3537 ἔσχον
999 3449 1118 3528 τάς
1160 3446 1502 3533 κορυφάς,
1548 3443 1680 3533 οπῃ
1722 3446 2285 3527 συνεθλίφθησαν
