2602 3928
906 244 1489 305 ΠΟΛΙΤΕΙΑΣ
1520 246 1584 317 ξ.
2138 242 2262 308 207

249 413 389 484 θῶς
410 406 483 475 δὲ
501 410 926 495 τετραμμένῳ
951 402 1110 472 οὐδὲ
1131 406 1444 490 βλέποντι
1465 399 1535 472 οἷ
1546 409 1700 489 ἔδει,
1720 412 1919 474 τοῦτο
1944 410 2263 495 διαμηχα-

245 502 601 592 νήσασθαι.
633 503 850 570 ’Ἐοικε
874 505 1026 587 γάρ,
1063 505 1210 586 ἔφη.
1257 503 1352 566 Ac
1379 501 1504 586 μὲν
1543 508 1777 569 τοίνυν
1809 501 2003 571 ἄλλαι
2039 501 2267 588 ἀρεταὶ

246 601 657 688 καλούμεναι
677 605 892 686 ψυχῆς
910 598 1431 669 κινδυνεύουσιν
1452 600 1652 687 ἐγγύς
1680 626 1744 667 τι
1774 598 1944 669 εἶναι
1972 610 2110 669 ταῖν
2141 610 2267 671 τοῦ

247 700 553 787 σώματος
568 723 584 738 ·
626 704 723 789 τῷ
765 696 912 766 ὄντι
953 696 1082 783 γὰρ
1127 694 1253 764 οὐκ
1294 699 1568 765 ἐνοῦσαι
1611 697 1942 784 πρότερον
1979 697 2266 785 ὕστερον

244 799 666 885 έμποῖεῑσθαι
703 800 893 862 ἔθεσί
913 819 985 861 τε
1016 797 1128 861 καὶ
1149 790 1541 880 ἀσκήσεσιν·
1585 791 1628 883 ἡ
1667 799 1741 863 δὲ
1774 801 1897 864 τοῦ
1929 804 2265 882 φρονῆσαι
2302 817 2345 866 Ε

245 893 493 974 παντὸς
506 902 763 981 μᾶλλον
783 895 1134 976 θειοτέρου
1148 889 1331 972 τινὸς
1347 893 1678 981 τυγχάνει,
1706 892 1795 974 ὡς
1819 900 2058 980 ἔοικεν,
2072 886 2265 979 οὖσα,

253 989 293 1060 ὃ
311 992 436 1080 τὴν
462 993 586 1079 μὲν
607 990 903 1077 δύναμιν
923 987 1243 1058 οὐδέποτε
1264 989 1654 1078 ἀπόλλυσιν,
1678 989 1810 1059 ὑπὸ
1833 995 1906 1060 δὲ
1935 1000 2050 1080 τῆς
2076 1016 2270 1076 περι-

243 1100 507 1178 αγωγῆς
524 1090 851 1177 χρήσιμον
867 1089 980 1157 καὶ
1001 1084 1343 1173 ὠφέλιμον
1365 1088 1476 1154 καὶ
1500 1085 1832 1174 ἄχρηστον
1852 1082 1943 1157 αὖ
1964 1093 2075 1157 καὶ
2096 1096 2264 1176 βλα-
2296 1107 2403 1162 519

139 1197 157 1215 '
242 1188 446 1276 βερὸν
465 1196 779 1275 γίγνεται.
825 1182 869 1273 ἢ
898 1184 1088 1254 οὔπω
1109 1183 1536 1270 ἐννενόηκας,
1564 1193 1704 1253 τῶν
1725 1191 2106 1274 λεγομένων
2139 1212 2267 1256 πο·-

241 1297 470 1377 νηραῖν
491 1291 637 1376 μέν,
663 1296 901 1374 σοφαῒν
924 1289 1017 1373 δέ,
1052 1282 1143 1365 ὥς
1177 1282 1378 1372 δριμὺ
1411 1289 1535 1371 μὲν
1564 1290 1795 1373 βλέπει
1822 1288 1897 1355 τὸ
1934 1287 2268 1374 ψυχάριον

240 1389 352 1457 καὶ
389 1386 588 1467 ὀξέως
621 1391 819 1476 διορᾷ
849 1394 1058 1453 ταῦτα
1093 1381 1204 1471 ἐφ’
1241 1381 1285 1452 ἃ
1320 1385 1690 1473 τέτραπται,
1738 1383 1829 1466 ὥς
1871 1383 1958 1454 οὐ
1997 1389 2269 1475 φαύλην

243 1494 400 1575 ἔχον
433 1486 556 1574 τὴν
591 1485 772 1573 ὄψιν,
803 1494 1001 1574 κακία
1036 1483 1103 1553 δ’
1136 1482 1648 1572 ἠναγκασμένον
1683 1483 2057 1572 ὑπηρετεῖν,
2098 1482 2268 1553 ὥστε

243 1586 380 1675 ὅσῳ
405 1581 494 1654 ἀν
513 1581 832 1671 ὀξύτερον
864 1589 1097 1673 βλέπῃ,
1133 1584 1433 1675 τοσούτῳ
1471 1591 1674 1653 πλείω
1703 1585 1877 1653 κακὰ
1912 1584 2269 1671 ἐργαζόμε-

243 1709 401 1762 νον;
424 1683 623 1751 Πάνυ
642 1687 766 1770 μὲν
783 1676 936 1769 οὖν,
962 1690 1113 1770 ἔφη.
1155 1690 1371 1752 Τοῦτο
1397 1685 1643 1770 μέντοι,
1664 1677 1755 1772 ἦν
1774 1682 1834 1752 δ’
1867 1685 2018 1769 ἐγώ,
2051 1680 2126 1751 τὸ
2151 1690 2270 1770 τῆς

241 1780 554 1869 τοιαύτης
581 1783 852 1869 φύσεως
872 1787 934 1850 εἰ
965 1785 1037 1850 ἐκ
1074 1781 1312 1861 παιδὸς
1344 1779 1558 1863 εύθύς
1588 1783 2007 1869 κοπτόμενον
2042 1807 2267 1866 περιε-

240 1880 420 1969 κόπη
441 1880 560 1960 τὰς
589 1889 705 1968 τῆς
733 1883 1052 1968 γενέσεως
1095 1885 1432 1968 ξυγγενεῖς
1475 1880 1696 1970 ὥσπερ
1739 1885 2167 1971 μολυβδίδας,
2197 1884 2273 1947 αἳ
2303 1904 2348 1953 Β

241 1982 324 2066 δὴ
347 1983 621 2060 ἐδωδαῖς
646 2005 717 2047 τε
740 1979 854 2047 καὶ
873 1978 1198 2048 τοιούτων
1219 1976 1494 2065 ἡδοναῖς
1515 2005 1585 2047 τε
1608 1981 1720 2049 καὶ
1742 1986 2053 2066 λιχνείαις
2063 2002 2266 2065 προς-

241 2090 436 2163 φυεῑς
466 2076 859 2163 γιγνόμεναι
893 2079 1086 2162 [περὶ]
1122 2075 1304 2144 κάτω
1339 2079 1704 2165 στρέφουσι
1741 2075 1869 2164 τὴν
1901 2083 2021 2164 τῆς
2052 2082 2268 2163 ψυχῆς

242 2172 404 2255 ὄψιν
419 2201 433 2215 ·
476 2166 577 2241 ὦν
613 2180 675 2242 εἰ
714 2173 1096 2259 ἀπαλλαγὲν
1138 2177 1646 2263 περιεστρέφετο
1695 2181 1786 2255 εἰς
1825 2173 2109 2262 τάληθῆ,
2156 2175 2267 2241 καὶ

241 2274 464 2340 ἐκεῖνα
484 2267 574 2339 ἀν
606 2271 682 2340 τὸ
704 2269 868 2340 αύτό
894 2280 1094 2341 τοῦτο
1130 2281 1268 2340 ταῖν
1298 2270 1526 2342 αύταῖν
1560 2272 1951 2358 ἀνθρώπων
1980 2269 2267 2353 ὀξύτατα

242 2369 439 2457 ἑώρα,
465 2368 689 2456 ὥσπερ
712 2372 821 2438 καὶ
840 2366 954 2457 ἐφ’
992 2367 1040 2437 ἃ
1058 2378 1194 2439 νῦν
1212 2375 1582 2456 τέτραπται.
1630 2370 1834 2452 Εἰκός
1865 2397 1964 2457 γε,
1986 2375 2135 2457 ἔφη.
2189 2374 2275 2437 Τί

243 2471 361 2536 δαί
366 2496 386 2549 3
428 2469 583 2537 τόδε
605 2467 732 2537 οὐκ
755 2469 953 2552 εἰκός,
973 2461 1065 2557 ἦν
1086 2466 1149 2537 δ’
1177 2469 1331 2555 ἐγώ,
1368 2472 1480 2539 καὶ
1503 2467 1763 2557 ἀνάγκη
1786 2473 1858 2538 έκ
1880 2477 2018 2537 τῶν
2036 2493 2266 2553 προει-

241 2567 573 2652 ρημένων,
599 2565 762 2652 μήτε
795 2565 955 2646 τοὺς
989 2565 1433 2647 ἀπαιδεύτους
1456 2569 1568 2636 καὶ
1602 2565 1921 2654 ἀληθείας
1950 2564 2267 2654 ἀπείρους

242 2667 487 2743 ἱκανοῖς
509 2663 597 2731 ἄν
618 2687 779 2732 ποτε
800 2664 1003 2732 πόλιν
1023 2668 1511 2753 ἐπιτροπεῦσαι,
1542 2667 1704 2752 μήτε
1724 2663 1883 2745 τούς
1904 2669 1980 2734 έν
1999 2668 2265 2753 παιδείᾳ
2303 2687 2344 2738 c

241 2765 575 2849 ἐωμένους
612 2765 974 2851 διατρίβειν
998 2761 1107 2831 διά
1141 2768 1393 2846 τέλους,
1414 2761 1575 2843 τοὺς
1605 2763 1731 2850 μὲν
1757 2762 1860 2832 ὅτι
1897 2760 2156 2831 σκοπὸν
2189 2764 2268 2830 έν

237 2869 334 2952 τῷ
363 2866 488 2952 βίω
525 2858 653 2930 οὐκ
690 2867 958 2949 ἔχουσιν
997 2863 1137 2949 ἕνα,
1182 2854 1269 2932 οὗ
1308 2867 1823 2949 στοχαζομένους
1857 2866 1965 2930 δεῖ
2003 2859 2266 2929 ἅπαντα

239 2960 577 3046 πράττειν,
603 2957 649 3029 ἃ
669 2987 758 3029 αν
778 2961 1157 3046 πράττωσιν
1180 2966 1317 3051 ἰδία
1328 2987 1399 3029 τε
1421 2965 1532 3029 καὶ
1556 2965 1861 3050 δημοσία,
1884 2956 2043 3040 τοὺς
2066 2958 2200 3030 δὲ“
2159 2986 2266 3028 οτι

240 3057 507 3138 ἑκόντες
532 3057 700 3128 εἶναι
723 3058 809 3128 οὐ
841 3059 1231 3148 πράξουσιν,
1270 3057 1636 3146 ηγούμενοι
1670 3061 1745 3127 έν
1783 3057 2107 3145 μακάρων
2139 3056 2267 3145 νή-

240 3176 384 3237 σοις
426 3162 663 3237 ζωντες
706 3162 802 3227 ἔτι
841 3155 1258 3249 ἀπωκίσθαις
1293 3154 1568 3279 Ἀληθῆ,
1604 3163 1750 3244 ἔφη.
1788 3156 2144 3245 Ἡμέτερον
2179 3153 2261 3241 δὴ

237 3259 460 3342 ἔργον,
488 3246 580 3342 ἦν
602 3253 666 3322 δ’
692 3255 846 3342 ἐγώ,
879 3282 1019 3324 των
1054 3261 1366 3324 οἰκιστων
1399 3255 1519 3334 τάς
1551 3281 1625 3323 τε
1652 3261 1989 3344 βελτίστας
2025 3254 2265 3341 φύσεις

239 3348 615 3438 ἀναγκάσαι
635 3350 1001 3439 ἀφικέσθαι
1021 3377 1192 3440 προς
1223 3351 1299 3421 τὸ
1338 3353 1645 3477 μάθημα,
1679 3348 1715 3421 ὁ
1704 3351 1815 3421 έν
1834 3359 1930 3440 τῷ
1960 3350 2264 3436 πρόσθεν

242 3454 493 3536 ἔφαμεν
516 3450 687 3521 εἶναι
708 3453 1039 3539 μέγιστον,
1066 3456 1234 3521 ἰδεῖν
1266 3476 1340 3520 τε
1371 3450 1447 3521 τό
1482 3448 1748 3538 ἀγαθὸν
1780 3452 1890 3518 καὶ
1925 3446 2257 3535 ἀναβῆναι
2290 3466 2343 3515 1>
