2602 3928
922 231 1501 292 ΠΟΛΙΤΕΙΑΣ
1544 224 1617 309 γ’.
2148 230 2266 295 101

414 395 601 470 xxn,
643 392 778 459 Καὶ
818 397 1015 457 τοῦτο
1059 391 1184 477 μὲν
1227 387 1310 475 δὴ
1354 391 1483 469 ἕξει
1516 389 1650 479 ὅπῃ
1682 387 1771 460 ἄν
1803 391 1966 460 αὐτο
2000 390 2042 479 ἡ
2078 395 2266 481 φήμη

248 486 464 578 ἀγάγῃ
479 517 493 528 ·
537 487 722 576 ἡμεῖς
744 487 817 556 δὲ
839 486 1296 567 τούτουςτοὺς
1318 505 1617 575 γηγενεῖς
1643 489 2029 570 ὁπλίσαντες
2051 493 2267 577 προά-

247 613 471 674 γωμεν
513 585 909 674 ἡγουμένων
951 593 1088 654 τῶν
1130 585 1492 673 ἀρχόντων.
1538 585 1851 665 ἐλθόντες
1895 588 1968 656 δὲ
2007 590 2267 657 θεασά-

247 695 443 753 σθων
481 693 598 772 τῆς
635 685 893 763 πόλεως
933 683 1108 753 ὅπου
1148 685 1506 752 κάλλιστον
1542 685 2262 773 στρατοπεδεύσασθαι,

246 780 420 851 ὅθεν
438 784 598 862 τούς
616 809 688 851 τε
710 787 907 851 ἔνδον
928 780 1186 868 μάλιστ’
1226 777 1315 848 ὅίν
1341 787 1696 868 κατέχοιεν,
1734 792 1909 862 εἴτις
1929 781 2017 869 μὴ
2042 787 2264 853 ἐθέλοι
2296 802 2335 851 Ε

243 894 380 959 τοῖς
401 881 631 967 νόμοις
653 888 1031 964 πείθεσθαι,
1052 880 1210 959 τούς
1230 906 1300 947 τε
1321 879 1636 961 ἔξωθεν’
1596 881 2035 967 απαμύνοιεν,
2059 889 2123 950 εί
2135 906 2264 950 πο-

245 983 464 1064 λέμιος
487 977 709 1063 ωσπερ
729 979 935 1057 λύκος
965 981 1070 1046 ἐπὶ
1102 983 1393 1064 ποίμνην
1423 1005 1521 1057 τις
1555 987 1663 1064 ἴοι,
1693 980 2264 1064 στρατοπεδευσά-

242 1101 434 1161 μενοι
455 1079 548 1162 δέ,
584 1076 918 1156 θύσαντες
954 1070 1052 1154 οἷς
1086 1078 1232 1163 χρή,
1280 1074 1482 1155 εὐνὰς
1519 1077 1985 1163 ποιησάσθων·
2031 1073 2076 1163 ἦ
2098 1103 2263 1171 πως;

249 1172 502 1260 Οὕτως,-
526 1177 675 1265 ἔφη.
716 1172 995 1242 Οὐκοῦν
1023 1175 1352 1259 τοιαύτας,
1378 1178 1520 1292 οἵας
1550 1175 1871 1260 χειμωνός
1901 1202 1971 1243 τε
2005 1179 2264 1261 στέγειν

243 1273 356 1337 καὶ
396 1272 647 1355 θέρους
689 1269 923 1351 ἱκανὰς
964 1270 1160 1352 εἶναι;
1197 1279 1356 1350 Πως
1391 1269 1519 1357 γὰρ
1560 1269 1741 1357 οὖχί;
1788 1275 2076 1360 οἰκήσεις
2111 1276 2263 1358 γάρ,

243 1372 393 1453 ἔφη,
419 1370 634 1446 δοκεῖς
653 1394 767 1454 μοι
792 1372 1024 1453 λέγειν.
1061 1376 1219 1456 Ναί,
1255 1363 1343 1456 ἦν
1376 1366 1443 1436 δ’
1482 1369 1631 1455 ἐγώ,
1667 1392 2133 1454 στρατιωτικας
2163 1398 2261 1458 γε,

243 1462 393 1533 ἀλλ’
429 1461 514 1532 ού
547 1467 1069 1552 χρηματιστικάς.
1114 1475 1293 1553 Πως,
1331 1472 1478 1554 ἔφη,
1512 1493 1599 1535 αυ
1633 1477 1831 1536 τοῦτο
1869 1474 2078 1556 λέγεις
2109 1474 2256 1537 δια·
2295 1487 2401 1544 416

245 1565 478 1649 φέρειν
499 1566 795 1645 ἐκείνους
834 1561 996 1649 Ἐγώ
1017 1582 1145 1649 σοι,
1180 1555 1267 1649 ἦν
1306 1561 1368 1630 δ’
1408 1563 1560 1649 ἐγώ,
1602 1566 2000 1652 πειράσομαι
2033 1572 2259 1634 εἰπεῖν.

251 1661 631 1729 δεινότατον
651 1663 781 1747 γάρ
804 1686 938 1728 που
961 1661 1235 1728 πάντων
1255 1662 1368 1727 καὶ
1390 1671 1727 1745 αἴσχιστον
1750 1668 2012 1749 ποιμέσι
2032 1663 2260 1731 τοιού-

249 1784 404 1836 τους
436 1783 511 1842 γε
543 1759 653 1826 καὶ
686 1756 863 1826 οὕτω
896 1761 1170 1846 τρέφειν
1210 1756 1422 1836 κύνας
1463 1759 1865 1844 ἐπικούρους
1909 1765 2257 1845 ποιμνίων,

251 1854 415 1926 ὅστε
436 1852 568 1925 ὑπὸ
592 1853 949 1935 ἀκολασίας
979 1850 1025 1942 ἦ
1060 1863 1260 1941 λιμοῦ
1299 1854 1345 1942 ἤ
1371 1883 1549 1937 τινος
1569 1857 1780 1926 ὄῖλλου
1814 1865 2028 1927 κακοῦ
2059 1862 2262 1935 ἔθους

250 1951 498 2033 αὐτούς
518 1955 676 2034 τοὺς
697 1952 910 2034 κύνας
926 1957 1332 2042 ἐπιχειρῆσαι
1350 1970 1486 2036 τοῖς
1496 1955 1851 2045 προβάτοις
1863 1970 2262 2040 κακουργεῖν

245 2056 356 2120 καὶ
376 2049 523 2120 ἀντὶ
542 2059 776 2121 κυνῶν
795 2051 1023 2132 λύκοις
1043 2049 1477 2142 ὁμοιωθῆναι.
1524 2056 1796 2140 Δεινόν,
1819 2045 1865 2140 ἦ
1886 2053 1953 2121 δ’
1974 2051 2049 2132 ὅς
2063 2079 2076 2093 ·
2123 2059 2264 2131 πῶς

248 2147 310 2217 δ’
341 2148 427 2217 οὔ
440 2178 457 2227 ;
502 2146 779 2217 Οὐκοῦν
801 2155 1176 2235 φυλακτέον
1188 2154 1385 2221 παντὶ
1403 2152 1650 2244 τρόπω,
1673 2152 1760 2239 μὴ
1775 2159 2083 2221 τοιοῦτον
2105 2148 2263 2238 ἡμῖν
2299 2165 2352 2215 Β.

247 2251 317 2315 οἰ
331 2251 672 2332 ἐπίκουροι
709 2248 1034 2335 ποιήσωσι
1062 2246 1229 2333 πρὸς
1259 2250 1419 2329 τοὺς
1449 2257 1740 2333 πολίτας,
1775 2246 1997 2335 ἐπειδὴ
2037 2246 2274 2314 αὐτῶν,

250 2352 588 2430 κρείττους
611 2350 801 2430 εἰσίν,
826 2343 973 2413 ἀντὶ
996 2344 1353 2432 ξυμμάχων
1373 2344 1679 2433 εὐμενῶν
1700 2346 2047 2423 δεσπόταις
2070 2344 2263 2429 ἀγρί-

251 2467 350 2522 οις
368 2440 934 2528 ἄφομοιωθοὸσινς
976 2445 1387 2528 Φυλακτέον,
1422 2450 1569 2531 ἔφη.
1620 2442 1896 2512 Οὐκοῦν
1928 2443 2053 2529 τὴν
2076 2449 2262 2528 μεγί-

249 2560 413 2626 στην
433 2548 550 2627 τῆς
570 2538 915 2628 εὐλαβείας
947 2546 1554 2628 παρεσκευασμένοι
1585 2537 1671 2610 ἂν
1710 2539 1862 2626 εἷεν,
1899 2546 1961 2607 εί
1989 2548 2083 2627 τῷ
2118 2538 2263 2608 ὄντι

245 2645 463 2716 καλῶς
494 2643 1240 2726 πεπαιδευμένοι.είσίν;
1276 2638 1469 2709 Ἀλλά
1502 2638 1637 2726 μὴν
1666 2646 1794 2708 εἰσί
1824 2637 1913 2725 γ’,
1950 2644 2095 2725 ἔφη.
2151 2640 2263 2705 καὶ

246 2735 447 2822 ἔγωγ’
475 2735 683 2824 εἷπον,
715 2744 927 2807 Τοῦτο
950 2738 1074 2825 μὲν
1105 2737 1231 2807 οὐκ
1264 2739 1452 2819 ἄξιον
1475 2743 2009 2825 διισχυρίζεσθαι,
2035 2729 2091 2804 ὦ
2111 2742 2263 2822 φίλε

243 2835 603 2904 Γλαύκων·
650 2834 690 2905 ὃ
723 2838 951 2923 μέντοι
987 2829 1499 2922 ἅρτιελέγομεν,
1534 2837 1741 2921 ἄξιον,
1770 2834 1872 2904 ὅτι
1895 2841 2000 2903 δεῖ
2015 2832 2264 2912 αὐτοὺς

245 2942 362 3018 τῆς
383 2931 593 3021 ὀρθῆς
613 2950 835 3021 τυχεῖν
855 2940 1171 3021 παιδείας,
1190 2934 1336 3022 ἥτις
1358 2940 1519 3003 ποτέ
1533 2939 1750 3022 ἐστιν,
1772 2940 1834 3002 εἰ
1851 2935 2165 3020 μέλλουσι
2188 2933 2262 3001 τό
2300 2954 2338 3006 C

246 3034 557 3116 μέγιστον
577 3039 748 3119 ἔχειν
770 3033 937 3119 πρὸς
956 3031 1030 3101 τὸ
1055 3032 1288 3119 ἥμεροι
1311 3032 1479 3101 εἶναι
1504 3030 1728 3112 αὑτοῖς
1747 3059 1816 3100 τε
1839 3033 1948 3099 καὶ
1971 3045 2104 3110 τοῖς
2127 3058 2265 3118 φυ-

245 3132 668 3216 λαττομένοις
714 3128 831 3198 ὑπ’
875 3128 1117 3198 αὐτῶν.
1162 3132 1294 3198 Καὶ
1334 3128 1562 3211 ὀρθῶς
1601 3156 1699 3215 γε,
1744 3121 1788 3215 ἦ
1833 3126 1900 3196 δ’
1944 3127 2037 3207 ὅς.
2080 3136 2266 3212 Προς

246 3232 479 3294 τοίνυν
500 3234 584 3313 τῇ
617 3233 880 3318 παιδεία
900 3229 1109 3316 ταύτῃ
1130 3234 1292 3315 φαίη
1329 3227 1417 3294 ἄν
1448 3254 1545 3307 τις
1578 3235 1748 3295 νοῦν
1779 3231 1948 3313 ἔχων
1982 3230 2125 3294 δεῖν
2155 3229 2266 3294 καὶ

247 3327 366 3405 τὰς
388 3326 675 3412 οἰκήσεις
710 3330 818 3394 καὶ
851 3325 975 3413 τήν
1008 3326 1219 3413 ἄλλην
1256 3323 1497 3394 οὐσίαν
1527 3326 1843 3410 τοιαύτην
1875 3323 2100 3402 αὐτοῖς
2132 3349 2267 3391 πα-

251 3423 821 3510 ρασκευάσασθαι,
844 3423 987 3511 ἥτις
1007 3425 1170 3512 μήτε
1181 3422 1342 3504 τοὺς
1353 3424 1656 3510 φύλακας
1669 3422 1758 3502 ὥς
1770 3422 2080 3507 ἀρίστους
2096 3420 2265 3491 εἶναι
