2602 3928
925 253 1491 310 ΠΟΛΙΤΕΙΑΣ
1520 244 1587 320 ς’.
2131 212 2263 318 2οί

250 425 384 492 τοῖς
420 425 555 490 τοῖς
587 407 719 479 ὑπὸ
755 419 891 478 τῶν
926 414 1104 477 κάτω
1140 410 1603 476 ἀπεικασθεῖσι
1642 412 1753 477 καὶ
1785 413 2060 491 ἐκείνοις
2093 424 2259 500 πρός

248 512 463 577 ἐκεῖνα
505 505 594 589 ὥς
642 510 945 592 ἐναργέσι
989 507 1489 626 δεδοξασμένοις
1535 520 1604 573 τε
1643 508 1753 575 καὶ
1796 513 2254 595 τετιμημένοις.

247 607 630 689 Μανθάνω,
653 604 869 691 ἔφη,’“’
828 631 930 671 οτι
960 602 1032 671 τὸ
1069 601 1200 670 ὑπὸ
1238 619 1379 682 ταῖς
1413 612 1836 690 γεωμετρίαις
1868 631 1940 672 τε
1976 609 2087 674 καὶ
2120 621 2260 685 ταῖς
2289 624 2330 674 Β

248 701 487 788 ταύτης
520 699 837 785 ἀδελφαῖς
870 702 1121 784 τέχναις
1153 698 1523 784 λέγεις.Τὸ
1561 705 1794 767 τοίνυν
1830 702 2057 785 ἕτερον
2089 702 2262 789 μάν-

244 809 418 867 θανε
437 805 659 884 τμῆμα
682 805 803 866 τοῦ
824 807 1073 884 νοητοῦ
1096 798 1374 882 λέγοντά
1395 824 1475 883 με
1497 807 1739 885 τοῦτο,
1756 790 1843 866 οὗ
1861 797 2062 879 αύτὸς
2085 799 2120 869 ὁ
2145 800 2263 870 λό-

246 922 363 981 γος
394 895 665 963 ἅπτεται
686 904 769 982 τῇ
802 904 927 962 τοῦ
960 897 1386 980 διαλέγεσθαι
1421 896 1723 982 δυνάμει,
1757 893 1874 974 τὰς
1906 895 2263 978 ὑποθέσεις

248 992 647 1079 ποιούμενος
667 990 794 1060 οὐκ
813 991 1038 1078 ἀρχάς,
1062 991 1228 1059 ἀλλὰ
1253 1000 1348 1082 τῷ
1380 992 1524 1061 ὄντι
1550 991 1927 1078 ὑποθέσεις,
1954 990 2098 1063 οἷον
2119 999 2265 1063 ἐπι-

247 1089 473 1176 βάσεις
499 1115 570 1156 τε
600 1094 713 1157 καὶ
747 1087 976 1175 ὁρμάς,
1010 1093 1123 1156 ἵνα
1157 1091 1346 1175 μέχρι
1377 1097 1505 1157 τοῦ
1537 1087 1968 1160 ἀνυποθέτου
1999 1094 2103 1160 ἐπὶ
2139 1091 2265 1179 τὴν

246 1195 370 1255 τοῦ
396 1184 646 1265 παντὸς
666 1184 878 1273 ἀρχὴν
899 1189 1042 1269 ἐών,
1071 1182 1410 1272 ἁψάμενος
1433 1185 1656 1274 αὐτῆς,
1681 1187 1898 1256 πάλιν·
1915 1181 2006 1257 αὖ
2035 1187 2265 1277 ἐχόμε-

247 1311 363 1363 νος
373 1292 511 1352 τῶν
533 1286 785 1369 ἐκείνης
804 1281 1394 1370 ἐχομένων,·οῧτως
1415 1286 1520 1352 ἐπὶ
1542 1282 1856 1372 τελευτὴν
1877 1291 2262 1374 καταβαίνῃ,

250 1389 548 1471 αἰσθητῷ
573 1381 993 1450 παντάπασιν
1017 1380 1243 1449 οὐδενὶ
1265 1381 1797 1469 προσχρώμενος,
1835 1377 1984 1452 ἀλλ’
2016 1387 2261 1452 εἴδεσιν
2296 1395 2335 1447 G

253 1477 476 1558 αὐτοῖς
506 1476 597 1547 δι’
635 1476 863 1547 αὐτῶν
897 1484 988 1559 εἰς
1030 1476 1220 1566 αύτά,
1262 1482 1372 1547 καὶ
1412 1488 1688 1568 τελευτᾷ
1723 1486 1815 1559 εἰς
1856 1485 2015 1567 εἴδη.
2061 1487 2267 1549 Μαν-

250 1579 468 1664 θάνω,
494 1583 644 1662 ἔφη,
672 1582 916 1656 ἱκανῶς
935 1579 1059 1663 μὲν
1087 1576 1175 1645 οῦ
1208 1618 1294 1628 —-
1333 1582 1546 1655 δοκεῖς
1581 1577 1709 1663 γάρ
1746 1605 1857 1662 μοι
1883 1576 2135 1665 συχνὸν
2154 1583 2267 1664 ἔρ-

252 1699 374 1762 γον
395 1681 705 1759 λέγειν-
720 1673 823 1741 ὅτι
844 1678 1068 1760 μέντοι
1090 1673 1320 1761 βούλει
1342 1678 1651 1759 δωρίζειν
1670 1677 2081 1758 σαφέστερον
2098 1673 2268 1742 εἶναι

249 1773 322 1839 τὸ
346 1768 478 1840 ὑπὸ
503 1779 620 1857 τῆς
656 1779 780 1839 τοῦ
817 1774 1242 1858 διαλέγεσθαι
1275 1772 1631 1858 ἐπιστήμης
1666 1779 1791 1839 τοῦ
1825 1770 2018 1850 ὄντος
2049 1797 2120 1839 τε
2156 1774 2268 1841 καὶ

248 1878 498 1958 νοητοῦ
518 1870 1002 1957 θεωρούμενον
1027 1865 1074 1957 ἢ
1095 1869 1171 1939 τὸ
1198 1868 1332 1940 ὑπὸ
1369 1880 1506 1939 τῶν
1538 1877 1790 1956 τεχνῶν
1810 1872 2265 1958 καλουμένων,

248 1967 350 2049 αἶς
370 1975 443 2039 αἱ
462 1966 818 2049 ὑποθέσεις
836 1967 1029 2057 ἀρχαὶ
1052 1973 1162 2039 καὶ
1185 1975 1445 2059 διανοίᾳ
1459 1972 1581 2057 μὲν
1595 1968 2076 2054 ἀναγκάζονται
2099 1967 2266 2036 ἀλλά

247 2066 344 2155 μὴ
372 2068 764 2154 αἰσθήσεσιν
800 2066 973 2134 αύτά
1004 2075 1301 2136 θεᾶσθαι
1337 2073 1406 2137 οἰ
1430 2067 1783 2154 θεώμενοι,
1810 2068 1918 2135 δια
1958 2070 2030 2135 δὲ
2061 2064 2136 2135 τὸ
2177 2059 2264 2153 μὴ
2302 2089 2348 2137 D

247 2165 355 2233 ἐπ’
378 2163 590 2252 ἀρχὴν
624 2163 1025 2244 ἀνελθόντες
1057 2180 1354 2251 σκοπεῖν,
1387 2162 1535 2234 ἀλλ’
1562 2169 1629 2246 ἐξ
1657 2162 2074 2250 ὑποθέσεων,
2098 2172 2269 2232 νοῦν

249 2262 376 2330 οὐκ
396 2271 603 2347 ἴσχειν
634 2264 785 2351 περὶ
822 2259 991 2330 αύτά
1026 2267 1306 2333 δοκοῦσί
1339 2288 1467 2349 σοι,
1504 2270 1719 2332 καίτοι
1750 2270 2013 2350 νοητῶν
2052 2261 2270 2329 ὄντων

245 2358 410 2447 μετὰ
431 2359 649 2447 ἀρχῆς.
677 2360 984 2429 διάνοιαν
1006 2364 1079 2428 δὲ
1101 2371 1330 2431 καλεῖν
1348 2388 1461 2449 μοι
1476 2367 1692 2442 δοκεῖς
1711 2362 1835 2448 τὴν
1855 2366 1995 2428 τῶν
2015 2383 2264 2446 γεωμε-

246 2465 496 2545 τρικῶν
531 2486 600 2526 τε
633 2463 746 2527 καὶ
786 2460 912 2545 τὴν
946 2468 1082 2528 τῶν
1119 2463 1447 2542 τοιούτων
1473 2464 1608 2542 ἐ”ξιν
1631 2458 1780 2529 ἀλλ’
1830 2459 1913 2530 οὐ
1951 2466 2143 2541 νοῦν,
2181 2453 2271 2534 ὥς

247 2557 492 2643 μεταξύ
513 2584 575 2626 τι
599 2557 794 2644 δόξης
813 2584 883 2626 τε
908 2560 1020 2625 καὶ
1054 2566 1183 2625 νοῦ
1215 2558 1340 2646 τὴν
1375 2559 1683 2628 διάνοιαν
1716 2551 1950 2626 οὖσαν.
1997 2553 2271 2623 Ἰκανσό-

247 2679 430 2742 τατα,
455 2649 544 2743 ἦν
566 2656 801 2741 δ’έγοό,
826 2653 1137 2738 ἀπεδέξω.
1191 2665 1310 2725 καί
1338 2684 1450 2745 μοι
1482 2659 1587 2725 ἐπὶ
1617 2671 1753 2735 τοῖς
1786 2657 2084 2742 τέτταρσι
2104 2651 2271 2738 τμή-

249 2773 410 2840 μασι
449 2757 729 2840 τέτταρα
769 2761 978 2822 ταῦτα
1021 2755 1384 2842 παθήματα
1439 2758 1516 2822 ἐν
1559 2763 1642 2841 τῇ
1680 2761 1865 2841 ψυχῇ
1907 2749 2269 2839 γιγνόμενα

250 2856 430 2940 λαβέ,
456 2852 693 2940 νόησιν
712 2856 835 2940 μὲν
857 2854 964 2919 ἐπὶ
981 2861 1076 2943 τῷ
1096 2851 1434 2938 ἀνωτάτω,
1457 2852 1762 2919 διάνοιαν
1776 2851 1848 2919 δὲ
1867 2851 1972 2917 ἐπὶ
1993 2855 2085 2937 τῷ
2112 2852 2268 2913 δευ-
2309 2863 2350 2913 E

248 2954 436 3039 τέρω,
461 2958 553 3039 τῷ
576 2957 773 3040 τρίτῳ
808 2951 881 3019 δὲ
903 2956 1124 3018 πίστιν
1143 2949 1397 3030 ἀπόδος
1431 2953 1542 3018 καὶ
1573 2957 1669 3039 τῷ
1699 2953 2053 3037 τελευταίῳ
2090 2952 2270 3013 εἰκα-

250 3055 424 3135 σίαν,
451 3053 562 3117 καὶ
589 3051 791 3131 τάξον
813 3047 981 3117 αύτά
1006 3047 1136 3118 ἀνὰ
1160 3049 1384 3137 λόγον,
1406 3047 1626 3132 ὥσπερ
1652 3046 1762 3134 ἐφ’
1789 3042 1885 3127 οἷς
1907 3052 2084 3114 ἔστιν
2107 3044 2272 3132 ἀλη-

249 3153 442 3227 θείας
463 3151 774 3235 μετέχειν,
798 3145 974 3215 οῧτω
997 3156 1205 3217 ταῦτα
1242 3153 1609 3235 σαφηνείας
1640 3144 2058 3234 ἡγησάμενος
2080 3147 2262 3231 μετέ-

249 3272 407 3338 χειν.
457 3246 846 3333 Μανθάνω,
869 3251 1018 3337 ἔφη,
1041 3248 1153 3317 καὶ
1176 3252 1493 3335 ξυγχωρῶ
1516 3245 1626 3313 καὶ
1646 3244 1857 3313 τάττω
1883 3240 1970 3323 ὥς
1995 3246 2224 3371 λέγειςέ
