2602 3928
401 218 493 282 94
1197 218 1769 279 ΠΛΑΤΩΝΟΣ

396 377 563 466 στὴν
589 386 802 467 ζητεῖν
829 378 951 446 τόν
983 377 1251 465 ἀγαθόν
1278 405 1349 447 τε
1388 380 1497 446 καὶ
1535 379 1772 464 σοφόν,
1808 376 1976 446 α’λλά
2013 377 2129 447 τὸν
2162 378 2402 465 πρότε-

398 502 541 562 ρον.
607 483 894 563 πονηρία
928 476 1052 563 μὲν
1084 475 1215 562 γὰρ
1249 472 1504 562 α’ρετήεν
1534 500 1604 543 τε
1639 477 1748 543 καὶ
1782 471 1991 561 αὑτὴν
2026 474 2262 545 ουποτ’
2308 504 2401 545 αν

391 586 605 662 γνοίη,
630 573 828 661 ἀρετὴ
860 574 931 643 δὲ
964 574 1227 659 φύσεως
1257 576 1738 660 παιδευομένης
1773 572 1994 663 χρόνω
2026 572 2161 660 ἅμα
2197 572 2401 693 αὐτῆς

319 689 361 738 Ε
397 700 465 740 τε
488 675 596 742 καὶ
618 679 939 761 πονηρίας
960 671 1323 758 ἐπιστήμην
1345 672 1638 758 λήψεται.
1687 668 1900 758 σοφὰς
1920 665 2051 741 οὖν
2072 663 2287 759 οὗτος,
2313 672 2402 752 ω’ς

394 798 507 858 μοι
532 776 730 857 δοκεῖ,
755 767 906 841 ἀλλ’
933 795 1054 854 ουχ
1074 766 1110 837 ὁ
1134 766 1340 849 κακὸς
1361 776 1669 855 γίγνεται.
1708 771 1840 837 Καὶ
1862 773 2026 856 ἐμοί,
2052 775 2206 856 ἔφη,
2241 774 2394 850 ξυν-

394 872 593 937 δοκεῖ.
665 867 939 937 Οὐκοῦν
990 869 1103 935 καὶ
1144 870 1470 953 ἰατρικήν,
1529 870 1678 934 οἵαν
1732 876 2025 953 εἴπομεν,
2082 865 2244 953 μετὰ
2288 874 2406 956 τῆς

391 967 702 1053 τοιαύτης
746 972 1120 1084 δικαστικῆς
1164 992 1330 1033 κατα
1372 965 1569 1034 πόλιν
1611 966 2107 1053 νομοθετήσεις,
2153 972 2229 1033 αἳ
2265 993 2401 1034 των

256 1083 364 1137 410
397 1071 687 1132 πολιτῶν
709 1085 816 1130 σοι
836 1061 992 1142 τούς
1014 1054 1135 1148 μὲν
1171 1061 1464 1183 εὐφυεῖς
1475 1089 1556 1130 τα
1595 1084 1866 1148 σωματα
1900 1066 2010 1132 καὶ
2037 1090 2154 1144 τας
2187 1060 2402 1149 ψυχὰς

393 1161 913 1244 θεραπεύσουσι,
936 1158 1094 1255 τοὺς
1117 1161 1188 1229 δὲ
1211 1161 1324 1247 μή,
1351 1182 1499 1231 οσοι
1527 1162 1650 1245 μὲν
1677 1187 1844 1228 κατα
1869 1168 2058 1247 σῶμα
2089 1169 2399 1246 τοιοῦτοι,

396 1255 855 1343 ἀποθνήσκειν
877 1257 1168 1345 ἐάσουσι,
1190 1255 1350 1336 τούς
1372 1259 1443 1327 δε
1467 1285 1630 1329 κατα
1653 1256 1777 1345 τὴν
1800 1258 2022 1345 ψυχὴν
2041 1272 2421 1345 κακοφυεῖς

396 1357 508 1423 καὶ
557 1351 871 1434 ἀνιάτους
923 1353 1121 1423 αύτοὶ’
1160 1353 1679 1438 ἅποκτενοῦσιν;
1745 1354 1834 1425 T&
1882 1364 2054 1442 γοῦν
2101 1355 2399 1441 ἄριστον,

398 1459 547 1538 ἔφη,
571 1451 795 1532 αὐτοῖς
826 1479 896 1522 τε
918 1460 1055 1533 ’ἑοῖς
1082 1455 1416 1541 πάσχουσι
1452 1457 1563 1524 καὶ
1592 1462 1672 1543 τῇ
1708 1455 1898 1523 πόλει
1932 1453 2109 1523 οὕτω
2141 1459 2396 1540 πέφαν«

395 1578 521 1618 ται.
577 1555 667 1621 Οἱ
711 1552 785 1620 δὲ
819 1549 899 1638 δὴ
934 1555 1093 1636 νέοι,
1139 1545 1225 1638 ἦν
1262 1549 1326 1620 δ’
1364 1552 1512 1641 ἐγώ,
1550 1557 1757 1640 δῆλον
1787 1551 1890 1622 ὄτι
1923 1552 2429 1651 εὐλαβήσονταί.

398 1672 502 1719 σοι
521 1656 899 1737 δικαστικῆς
935 1657 1027 1732 εἰς
1059 1659 1287 1738 χρείαν
1314 1654 1502 1737 ἰέναι,
1537 1659 1619 1739 τῇ
1654 1649 1833 1739 ἁπλῇ
1865 1655 2083 1740 ἐκείνῃ
2115 1657 2403 1738 μουσικῇ

396 1753 746 1840 χρώμενοι,
774 1749 863 1836 ἢν
895 1751 975 1838 δὴ
1001 1758 1256 1839 ἔφαμεν
1277 1752 1731 1839 σωφροσύνην
1754 1756 2085 1821 ἐντίκτειν.
2136 1758 2220 1819 Τί
2233 1749 2399 1836 μήν,

396 1859 540 1938 ἔφη.
599 1844 736 1935 Ἆρ’
778 1842 905 1919 οὖν
943 1848 1024 1917 οὐ
1060 1849 1226 1919 κατὰ
1249 1847 1455 1917 ταύτὰ
1479 1860 1625 1936 ἴχνη
1648 1858 1853 1918 ταῦτα
1879 1846 1915 1919 ὁ
1937 1845 2255 1935 μουσικὰς
2276 1873 2401 1934 γυ-.-

395 1945 765 2035 μναστικὴν
801 1948 1087 2031 διώκων,
1131 1944 1255 2016 ἐὰν
1287 1951 1507 2037 ε’θέλῃ,
1529 1960 1534 1963 ’
1554 1949 1832 2035 αἱρήσει,
1859 1946 2034 2018 ’ὥστε
2064 1948 2269 2036 μηδὲν
2295 1953 2400 2015 ία-

394 2056 623 2134 τρικῆς
643 2052 909 2115 δεῖσθαι
941 2045 980 2113 ὅ
1009 2072 1072 2113 τι
1105 2043 1193 2132 μὴ
1230 2044 1798 2134 ἀνάγκηςἽῖμοιγε
1822 2054 2017 2116 δοκεῖ.
2052 2044 2241 2115 Αὐτοὶ
2265 2043 2402 2132 μὴν

393 2142 474 2212 τὰ
497 2145 831 2231 γυμνάσια
853 2142 1142 2224 καὶτοὺς
1159 2143 1414 2222 πόνους
1436 2143 1603 2228 πρὸς
1631 2144 1706 2215 τὸ
1731 2146 2084 2233 θυμοειδὲς
2116 2152 2232 2231 τῆς
2262 2142 2402 2229 φύ-

393 2263 559 2323 σεως
599 2248 865 2330 βλέπων
910 2240 1174 2310 κάκεῖνο
1221 2244 1497 2327 ἐγείρων
1538 2243 1815 2329 πονήσει
1855 2250 2110 2330 μᾶλλον
2151 2236 2196 2326 ἦ
2235 2239 2405 2326 πρὸς

394 2342 611 2426 ἰσχύν,
647 2339 769 2426 οὐχ
804 2337 1028 2425 ὥσπερ
1070 2342 1136 2407 οἱ
1176 2340 1364 2416 ἄλλοι
1407 2338 1691 2427 ἀθληταὶ
1732 2338 1958 2426 ῥώμης
1990 2341 2185 2407 ἕνεκα
2227 2346 2400 2407 σιτία

282 2508 287 2513 ,
393 2441 504 2506 καὶ
523 2437 774 2517 πόνους
797 2443 1362 2523 μεταχειρίζονται.
1393 2436 1783 2523 Ὀρθότατα,
1804 2431 1851 2523 ἦ
1879 2435 1941 2504 δ’
1965 2429 2220 2521 fig-'Ap’
2248 2430 2397 2520 οὖν,

392 2528 478 2621 ἦν
502 2532 563 2602 δ’
601 2535 751 2622 ἐγώ,
789 2528 845 2603 ὦ
875 2536 1223 2623 Γλαύκων,
1263 2537 1374 2603 καὶ
1406 2540 1475 2609 ,οἱ
1503 2534 1937 2613 καθιστάντες
1966 2543 2254 2622 μουσικῇ
2289 2534 2402 2602 καὶ

326 2653 361 2703 C
392 2640 806 2721 γυμναστικῇ
840 2634 1182 2701 παιδεύειν
1206 2632 1329 2719 οὐχ
1367 2625 1454 2700 οὗ
1482 2634 1678 2701 ἕνεκα
1709 2659 1884 2712 τινες
1915 2643 2167 2702 οἴονται
2195 2643 2400 2701 καθι-

396 2738 647 2815 στᾶσιν,
697 2734 810 2797 ἵνα
846 2741 930 2817 τῇ
967 2735 1091 2817 μὲν
1129 2732 1204 2800 τὸ
1249 2740 1441 2816 σῶμα
1479 2731 1987 2814 θεραπεύοιντο,
2031 2739 2114 2819 τῇ
2157 2731 2230 2801 δὲ
2272 2730 2398 2819 τὴν

393 2827 647 2914 ψυχήν;
683 2827 873 2896 Ἀλλὰ
908 2834 976 2895 τί
999 2828 1164 2915 μήν;
1207 2834 1355 2914 ἔφη.
1418 2827 1977 2914 Κινδυνεύουσιν,
2014 2821 2101 2915 ἦν
2135 2827 2200 2897 δ’
2242 2830 2396 2917 ἐγώ,

391 2923 736 3010 ἀμφότερα
755 2930 872 3011 τῆς
896 2935 1109 3011 ψυχῆς
1132 2927 1327 2994 ἕνεκα
1349 2925 1423 2994 τὰ
1446 2930 1754 3013 μέγιστον
1779 2928 2196 2997 καθιστάναι.
2239 2935 2400 3008 Πῶς

393 3022 510 3107 δή;
558 3021 703 3090 Οὐκ
741 3026 1010 3107 ἐννοεῖς,
1044 3022 1252 3108 εἷπον,
1284 3022 1375 3102 ὡς
1416 3029 1821 3093 διατίθενται
1850 3023 2062 3110 αὐτὴν
2092 3023 2216 3111 τὴν
2245 3025 2372 3092 διά·

392 3147 605 3204 νοιαν,
630 3128 701 3189 οἳ
722 3117 809 3189 ἂν
839 3131 1253 3209 γυμναστικῇ
1276 3124 1400 3209 μὲν
1423 3121 1530 3192 διὰ
1562 3130 1717 3211 βίου
1737 3120 2124 3210 ὁμιλήσωσι,
2158 3143 2362 3209 μουσι
2386 3165 2394 3173 ·

392 3227 513 3304 κῆς
544 3220 614 3286 δὲ
649 3219 737 3306 μὴ
771 3218 1103 3300 ἅψωνταις
1149 3218 1191 3306 ἢ
1234 3219 1381 3290 ὅσοι
1414 3219 1502 3289 ἂν
1535 3211 1928 3289 τούναντίῦν
1963 3225 2399 3303 διατεθῶσινς

307 3347 345 3395 D
403 3322 597 3394 Τίνος
621 3320 712 3398 δέ,
735 3308 780 3401 ἦ
803 3316 866 3382 δ’
891 3315 984 3402 ὅς,
1010 3322 1157 3402 πέρι
1187 3322 1424 3401 λέγεις;
1451 3316 1868 3403 Ἀγριότητός
1886 3344 1957 3386 τε
1981 3320 2091 3385 καὶ
2108 3319 2400 3403 σκληρό-

389 3440 602 3500 τητος,
637 3417 746 3482 καὶ
786 3407 876 3482 αὖ
917 3423 1239 3501 μαλακίας
1274 3443 1347 3483 τε
1392 3418 1502 3485 καὶ
1542 3413 1965 3502 ἡμερότητος,
2007 3408 2096 3502 ήν
2138 3414 2203 3483 δ’
2247 3416 2395 3499 ἐγώ.

2589 2115 2593 2138 '
