2602 3928
893 209 1476 268 ΠΟΛΙΤΕΙΑΣ
1519 202 1585 266 ι’.
2148 203 2269 267 301
2334 164 2339 173 =

251 370 440 439 εινὸν
461 364 546 436 ού
568 367 807 457 ῥᾴδιον
828 370 904 434 ἐν
924 379 1059 444 τοῖς
1091 363 1306 433 αὑτοῦ
1339 365 1587 432 πάθεσι
1616 366 1928 450 κατέχειν.
1992 363 2275 453 Ἀληθέ-

253 486 476 551 στατα,
501 470 647 550 ἔφη.
680 456 823 547 Ἆρ’
850 460 971 547 οὐχ
994 458 1029 529 ὁ
1053 459 1254 542 αὐτὸς
1285 463 1482 548 λόγος
1503 463 1613 529 καὶ
1641 465 1790 547 περὶ
1819 470 1944 530 τοῦ
1976 468 2266 549 γελοίου,
2303 470 2341 522 C

256 561 378 648 ὅτι,
405 560 491 629 ἂν
513 557 715 639 αύτός
735 559 1077 644 αἰσχύνοιο
1099 565 1586 644 γελωτοποιῶν,
1620 561 1697 626 ἐν
1729 559 1997 646 μιμήσει
2029 557 2110 646 δὴ
2135 585 2273 627 κω-

253 663 511 748 μῳδικῇ
534 652 578 743 ἢ
609 658 721 725 καὶ
749 660 884 742 ἰδίᾳ
924 653 1195 723 ἀκούων
1238 654 1452 722 *ε’ἀν*
1492 655 1757 742 σφόδρα
1796 663 2004 743 χαρῇς
2033 657 2144 724 καὶ
2180 653 2268 742 μὴ

253 764 450 843 μισῇς
471 752 560 834 ὥς
589 754 872 841 πονηρά,
895 752 1144 821 ταύτὸν
1159 767 1368 832 ποιεῖς
1391 751 1555 840 ὅπερ
1570 756 1646 821 ἐν
1666 768 1800 833 τοῖς
1820 757 2057 837 ἐλέοιςς
2082 751 2122 822 ὃ
2139 753 2271 842 γάρ

254 862 349 944 τῷ
368 854 548 943 λόγῳ
569 844 660 920 αὖ
680 865 968 938 κατεῖχες
985 853 1063 919 ἐν
1096 856 1325 941 σαυτῷ
1344 851 1763 938 βουλόμενον
1783 860 2269 937 γελωτοποιεῖν,

252 951 674 1038 φοβούμενος
728 948 933 1030 δόξαν
982 952 1410 1035 βωμολοχίας,
1444 948 1583 1018 τότ’
1631 941 1719 1016 αὖ
1760 947 1947 1037 ἀνίης
1990 954 2102 1019 καὶ
2141 953 2281 1019 ἐκεῖ

251 1046 566 1117 νεανικὸν
586 1046 867 1133 ποιήσας
887 1050 1123 1124 ἔλαθες
1144 1046 1463 1126 πολλάκις
1482 1048 1558 1115 ἐν
1589 1061 1725 1127 τοῖς
1762 1054 2025 1128 οἰκείοις
2054 1052 2271 1129 ἐξενε-

248 1147 436 1232 χθεὶς
458 1141 626 1212 ὥστε
644 1141 1143 1232 κωμωδιοποιός
1167 1145 1503 1227 γενέσθαι.
1562 1145 1694 1211 Καὶ
1724 1144 1920 1233 μάλα,
1944 1150 2091 1233 ἔφη.
2136 1148 2271 1213 Καὶ
2309 1152 2350 1201 D

251 1243 405 1326 περὶ
424 1240 842 1329 ἀφροδισίων
863 1240 945 1328 δὴ
969 1241 1079 1308 καὶ
1097 1247 1332 1325 θυμοῦ
1356 1243 1468 1310 καὶ
1488 1242 1639 1325 περὶ
1672 1241 1945 1311 πάντων
1965 1248 2104 1310 τῶν
2125 1246 2267 1312 ἐπιΨ

217 1418 222 1423 ,
252 1344 646 1425 θυμητικῶν
667 1363 736 1406 τε
757 1340 869 1407 καὶ
892 1345 1223 1424 ’λυπηρῶν
1258 1340 1370 1406 καὶ
1400 1336 1619 1425 ἡδέων
1650 1343 1724 1407 ἐν
1757 1348 1841 1427 τῇ
1872 1349 2074 1429 ψυχῇ,
2108 1337 2156 1408 ἃ
2184 1338 2269 1427 δή

251 1462 477 1524 φαμεν
517 1436 698 1526 πάσῃ
731 1436 964 1522 πράξει
1002 1434 1163 1523 ἡμῖν
1200 1436 1505 1523 ἕπεσθαι,
1550 1435 1654 1505 ὅτι
1693 1446 1966 1507 τοιαῦτα
2006 1437 2182 1527 ἡμᾶς
2222 1438 2264 1526 ἡ

251 1533 554 1622 ποιητικὴ
581 1540 846 1620 μίμησις
877 1535 1248 1620 ἐργάζεταις
1279 1538 1506 1623 τρέφει
1540 1535 1670 1621 γάρ
1702 1543 1908 1605 ταῦτα
1944 1537 2266 1622 ἄρδουσα,

255 1635 411 1699 δέον
430 1629 723 1718 αὐχμεῖν,
746 1634 858 1701 καὶ
879 1632 1170 1720 ι’ίρχοντα
1193 1629 1351 1718 ἡμῖν
1371 1639 1746 1718 καθίστησι,
1771 1636 1925 1700 δέον
1944 1630 2268 1719 ἄρχεσθαι

254 1727 447 1814 αὐτά,
468 1732 582 1796 ἵνα
606 1735 905 1815 βελτίους
928 1755 998 1797 τε
1019 1732 1129 1797 καὶ
1162 1727 1736 1816 εὐδαιμονέστεροι
1772 1727 1919 1798 ἀντὶ
1945 1731 2267 1816 χειρόνων

249 1827 365 1895 καὶ
389 1825 821 1912 ἀθλιωτέρων
839 1826 1244 1914 γιγνοίμεθα.
1293 1826 1440 1895 Οὐκ
1461 1832 1584 1914 ἔχω
1604 1826 1823 1906 ἄλλως
1855 1830 2087 1913 φάναι,
2122 1820 2169 1915 ἦ
2198 1826 2265 1895 δ’

248 1922 342 2003 ὅς.
391 1919 690 2012 Οὐκοῦν,
715 1922 923 2011 εἷπον,
949 1918 1005 1993 ὦ
1025 1925 1373 2012 Γλαύκων,
1409 1924 1573 1993 ὅταν
1583 1923 1876 2013 Ὁμήρου
1897 1927 2264 2006 ἐπαινέταις
2298 1940 2338 1989 Ε

251 2021 527 2111 ἐντύχῃς
558 2024 891 2109 λέγουσιν,
928 2024 1016 2103 ὥς
1047 2021 1172 2110 τὴν
1190 2021 1472 2092 Ἑλλάδα
1514 2028 1955 2091 πεπαίδευκεν
1995 2015 2192 2103 οὗτος
2225 2020 2261 2090 ὁ

252 2120 542 2205 ποιητής,
567 2118 866 2208 καὶπρὸς
888 2124 1213 2208 διοίκησίν
1244 2147 1317 2189 τε
1351 2124 1461 2189 καὶ
1495 2126 1800 2189 παιδείαν
1829 2127 1969 2189 τῶν
1987 2118 2266 2209 ἀνθρω-

253 2223 469 2284 πίνων
512 2217 917 2304 πραγμάτων
947 2216 1135 2299 ἄξιον
1181 2218 1589 2306 ἀναλαβόντι
1622 2218 1998 2305 μανθάνειν
2037 2244 2111 2286 τε
2154 2221 2263 2286 καὶ

246 2311 417 2383 κατὰ
455 2320 698 2383 τοῦτον
740 2314 860 2383 τὸν
901 2313 1181 2402 ποιητὴν
1222 2317 1440 2385 πάντα
1478 2314 1599 2385 τὸν
1628 2314 1840 2384 αὑτοῦ
1874 2322 2025 2403 βίον
2057 2342 2264 2384 κατα-

251 2411 757 2499 σκευασάμενον
777 2418 914 2499 ζῇν,
939 2423 1161 2499 φιλεῖν
1182 2412 1306 2499 μὲν
1321 2412 1442 2500 χρὴ
1466 2415 1577 2482 καὶ
1599 2411 2010 2494 ἀσπάζεσθαι
2031 2409 2121 2493 ὥς
2141 2412 2261 2481 ὅν·
2293 2433 2365 2486 60

247 2535 366 2588 τας
398 2516 779 2597 βελτίστους
808 2515 906 2589 εἰς
936 2509 1102 2579 ὅσον
1135 2513 1478 2600 δύνανται,
1511 2514 1621 2582 καὶ
1662 2526 2029 2597 συγχωρεῖν
2054 2508 2264 2597 Ὅμη-

251 2631 376 2691 ρον
396 2609 917 2694 ποιητικώτατον
937 2605 1107 2677 εἶναι
1129 2610 1240 2677 καὶ
1263 2616 1532 2694 πρῶτον
1549 2617 1683 2676 τῶν
1700 2613 2260 2697 τραγῳδιοποιῶν,

251 2706 497 2772 εἰδέναι
523 2708 615 2792 δέ,
643 2705 748 2774 ὅτι
772 2706 938 2775 ὅσον
957 2708 1171 2794 μόνον
1194 2705 1451 2793 ὕμνους
1468 2716 1657 2785 θεοῖς
1677 2708 1787 2773 καὶ
1816 2706 2106 2791 ἐγκώμια
2125 2719 2262 2785 τοῖς

250 2799 534 2886 ἀγαθοῖς
556 2805 881 2890 ποιήσεως
903 2807 1354 2888 παραδεκτέον
1375 2810 1467 2884 εἰς
1488 2803 1686 2872 πόλιν
1700 2829 1714 2844 ·
1761 2809 1823 2870 εἰ
1846 2805 1918 2871 δὲ
1939 2804 2064 2890 τήν
2088 2801 2253 2889 ἡδυ-

250 2899 500 2985 σμένην
513 2908 809 2970 Μοῦσαν
831 2906 1178 2987 παραδέξει
1209 2906 1285 2972 ἐν
1306 2906 1570 2990 μέλεσιν
1590 2896 1635 2988 ἢ
1657 2905 1902 2986 ἔπεσιν,
1917 2898 2128 2987 ἡδονή
2152 2921 2261 2970 σοι

248 2996 359 3062 καὶ
380 2996 556 3084 λύπη
577 3002 649 3065 ἐν
669 3007 753 3086 τῇ
774 2998 961 3068 πόλει
981 3000 1456 3087 βασιλεύσετον
1483 2998 1631 3068 ἀντὶ
1652 2998 1869 3085 νόμου
1896 3026 1967 3068 τε
1995 3002 2104 3067 καὶ
2137 3007 2261 3066 τοῦ

249 3099 444 3181 κοινῇ
473 3092 573 3161 ἀεὶ
603 3095 917 3178 δόξαντος
938 3095 1107 3166 εἶναι
1125 3103 1471 3185 βελτίστου
1505 3096 1728 3181 λόγου.
1794 3095 2257 3184 Ἀληθέστατα,

249 3195 380 3277 ἔφη
414 3295 567 3358 v111.
619 3297 844 3359 Ταῦτα
880 3292 982 3380 δή,
1016 3298 1208 3381 ἔφην,
1246 3290 1750 3380 ἀπολελογίσθω
1770 3290 1930 3379 ἡμῖν
1962 3293 2264 3379 ἀναμνη-
2300 3316 2333 3365 Β

246 3396 466 3455 σθεῖσι
490 3391 638 3476 περὶ
665 3390 1008 3479 ποιήσεως,
1035 3391 1136 3459 ὅτι
1167 3390 1436 3472 εἰκότως
1458 3391 1588 3482 ἄρα
1608 3391 1758 3460 τότε
1794 3387 2008 3475 αὐτὴν
2046 3393 2117 3456 ἐκ
2149 3396 2265 3476 τῆς
