2602 3928
353 184 482 252 256
1071 192 1279 248 ΠΛΑ
1301 189 1643 250 ΤΩΝΟΣ

358 347 604 419 οὑτωσὶ
626 349 794 437 καλὴ
815 351 923 418 καὶ
947 348 1241 435 νεανική,
1268 346 1438 416 ὅθεν
1460 348 1776 434 τυραννὶς
1812 347 2074 433 φύεται,
2113 344 2200 425 ὦς
2234 347 2377 431 ἐμοὶ

362 453 561 517 δοκεῖ.
605 450 903 535 Νεανικὴ
930 453 1116 534 δῆτα,
1141 452 1271 533 ἔφη
1288 471 1304 487 ·
1351 443 1520 514 ἄλλα
1542 451 1612 512 τί
1632 444 1709 512 τὸ
1735 444 1897 530 μετὰ
1915 452 2146 523 τοῦτο;
2174 440 2378 510 ,Ταύ-

358 547 500 632 τόν,
525 538 614 632 ἦν
636 544 709 613 δ’,
723 545 876 632 ἐγώ,
900 544 1067 632 ὅπερ
1087 548 1162 613 ἐν
1182 551 1263 632 τῇ
1286 541 1628 632 ὀλιγαρχίᾳ
1653 544 1916 632 νόσημα
1937 544 2379 629 ἐγγενόμενον

361 643 704 710 ἀπώλεσεν
728 641 964 729 αὐτήν,
986 649 1184 710 τοῦτο
1220 645 1334 709 καὶ
1366 644 1442 709 ἐν
1472 639 1681 729 ταύτῃ
1715 643 1919 710 πλέον
1945 666 2015 708 τε
2048 642 2159 707 καὶ
2191 644 2379 724 ἰσχυ-

362 741 642 826 ρότερον
666 742 737 807 ἐκ
768 746 883 826 τῆς
905 743 1201 820 ἐξουσίας
1231 738 1676 826 ἐγγενόμενον
1698 743 2226 807 καταδουλοῦται
2258 741 2381 822 δη-

362 837 729 924 μοκρατίαν
746 862 762 876 ·
806 838 1031 928 καὶτῷ
1050 835 1196 904 ὅντι
1216 833 1291 903 τὰ
1330 834 1506 922 ἄγαν
1534 861 1600 903 τι
1634 850 1850 904 ποιεῖν
1872 836 2170 922 μεγάλην
2202 841 2386 920 φιλεῖ

364 940 455 1015 εἰς
474 932 871 1003 τούναντίον
890 932 1267 1021 μεταβολὴν
1289 931 1825 1019 ἀνταποδιδόναι,
1852 936 1927 1002 ἐν
1948 928 2155 1019 ’ὥραις
2175 958 2245 1001 τε
2266 936 2383 1000 καὶ

227 1038 332 1096 564
362 1037 437 1104 ἐν
459 1047 691 1119 φυτοῖς
709 1035 823 1101 καὶ
852 1036 926 1100 ἐν
947 1032 1226 1119 σώμασι,
1249 1033 1363 1100 καὶ
1385 1029 1466 1119 δὴ
1488 1034 1598 1100 καὶ
1624 1035 1697 1101 ἐν
1721 1040 2076 1112 πολιτείαις
2096 1032 2221 1118 οὐχ
2238 1029 2381 1118 ἥκι·

364 1151 504 1199 στα.
551 1131 774 1216 Εἰκός,
814 1138 962 1218 ἔφη.
1003 1129 1093 1199 Ἡ
1123 1131 1253 1218 γὰρ
1287 1129 1462 1215 ἄγαν
1494 1134 1843 1218 ἐλευθερία
1877 1137 2094 1200 ἔοικεν
2125 1130 2252 1198 οὐκ
2287 1136 2383 1209 εἰς

367 1230 531 1299 ἄλλο
554 1257 616 1298 τι
653 1227 698 1316 ἦ
732 1236 825 1310 εἰς
853 1232 1031 1317 ἄγαν
1064 1235 1376 1299 δουλείαν
1396 1231 1833 1318 μεταβάλλειν
1864 1232 1974 1298 καὶ
2009 1228 2239 1316 ἰδιώτῃ
2271 1230 2384 1296 καὶ

366 1327 573 1396 πόλει.
616 1324 817 1406 Εἰκὸς
858 1327 1024 1412 γάρ.Δ
1060 1326 1356 1405 Εἰκότως
1388 1332 1640 1412 τοίνυν,
1676 1325 1884 1413 εἶπον,
1920 1325 2044 1395 οὐκ
2078 1329 2147 1408 ἐξ
2181 1326 2384 1412 ἄλλης

365 1431 692 1504 πολιτείας
714 1428 1031 1511 τυραννὶς
1045 1432 1441 1494 καθίσταται
1461 1420 1506 1512 ἦ
1530 1427 1603 1493 ἐκ
1624 1429 2087 1512 δημοκρατίας,
2109 1427 2178 1505 ἐξ
2202 1423 2381 1510 οἶμαι

365 1532 480 1607 τῆς
499 1520 867 1610 ἀκροτάτης
887 1529 1272 1610 ἐλευθερίας
1299 1528 1566 1593 δουλεία
1601 1531 1870 1610 πλείστη
1905 1548 1975 1592 τε
2002 1526 2114 1591 καὶ
2136 1520 2384 1610 ἀγριω-

366 1622 550 1707 τάτη.
577 1620 752 1707 Ἔχει
777 1622 931 1708 γάρ,
955 1627 1103 1707 ἔφη,
1129 1621 1357 1707 λόγον.
1396 1616 1566 1689 Ἀλλ’
1599 1617 1682 1688 οὐ
1715 1618 1922 1706 τοῦτ’,
1960 1619 2163 1707 οἶμαι,
2196 1613 2283 1706 ἦν
2313 1625 2380 1686 δ’

293 1736 336 1787 Β
370 1719 519 1803 ἐγώ,
544 1717 824 1806 ἠρώτας,
849 1717 1018 1794 ἀλλὰ
1048 1734 1241 1801 ποῖον
1261 1720 1524 1806 νόσημα
1562 1723 1637 1787 ἐν
1661 1716 2003 1809 ὀλιγαρχίᾳ
2029 1745 2101 1786 τε
2123 1717 2378 1804 φυόμε-

366 1843 493 1886 νον
520 1816 768 1886 ταύτὸν
788 1822 898 1887 καὶ
919 1822 993 1886 ἐν
1015 1823 1424 1907 δημοκρατίᾳ
1450 1822 1809 1886 δουλοῦται
1830 1814 2062 1904 αὐτήν.
2110 1813 2378 1903 Ἀληθῆ,

368 1921 517 2005 ἔφη,
544 1919 771 2004 λέγεις.
810 1917 1054 1988 Ἐκεῖνο
1076 1925 1331 2003 τοίνυν,
1366 1923 1559 2005 ἔφην,
1592 1921 1843 2005 ἔλεγον,
1877 1917 1952 1984 τό
1988 1922 2125 1985 τῶν
2157 1913 2382 2004 ἀργῶν

368 2039 439 2081 τε
480 2017 589 2082 καὶ
627 2019 1035 2101 δαπανηρῶν
1080 2014 1351 2102 ἀνδρῶν
1380 2020 1593 2102 γένος,
1636 2014 1710 2083 τὸ
1730 2093 1735 2098 ,
1755 2014 1879 2103 μὲν
1912 2012 2385 2102 ἀνδρειότατον

368 2110 747 2199 ἡγούμενον
769 2109 1012 2197 αὐτῶν,
1034 2114 1109 2181 τὸ
1134 2111 1197 2181 δ’
1222 2112 1718 2201 ἀνανδρότερον
1751 2115 2081 2199 ἑπόμενον
2097 2137 2112 2153 ·
2159 2108 2278 2192 οὓς
2302 2117 2379 2198 δν,

370 2209 847 2298 άφωμοιοῦμεν
890 2219 1162 2298 κηφῆσι,
1204 2211 1365 2292 τοὺς
1404 2213 1528 2299 μὲν
1567 2217 1808 2300 κέντρα
1840 2201 2087 2298 ἔχουσι,
2125 2212 2283 2291 τοὺς
2315 2211 2386 2278 δὲ

368 2307 729 2395 ἀκέντροις.
769 2311 901 2377 Καὶ
926 2307 1152 2394 ὀρθῶς
1176 2310 1267 2396 γ’,
1290 2315 1438 2398 ἔφη.
1489 2311 1721 2379 Τούτω
1751 2318 2004 2396 τοίνυν,
2025 2303 2115 2397 ἦν
2137 2306 2201 2378 δ’
2236 2307 2385 2396 ἐγώ,

238 2409 248 2416 ’
370 2408 768 2495 ταράττετον
821 2414 894 2477 ἐν
950 2409 1133 2496 πάσῃ
1174 2417 1472 2498 πολιτεία
1522 2412 1992 2497 ἐγγιγνομένω,
2051 2403 2198 2476 οἶον
2241 2411 2390 2491 περὶ
2499 2426 2511 2435 ·

305 2523 344 2574 G
374 2515 562 2593 σῶμα
587 2511 846 2594 φλέγμα
877 2534 947 2575 τε
970 2511 1080 2576 καὶ
1113 2508 1305 2595 χολή·
1348 2506 1403 2576 οἳ
1438 2508 1518 2595 δὴ
1550 2511 1662 2577 καὶ
1697 2509 1802 2577 δεῖ·
1819 2507 1942 2577 τὸν
1974 2505 2241 2594 άγαθὸν
2285 2513 2388 2575 ca-

371 2605 536 2691 τρόν
558 2633 628 2675 τε
653 2601 764 2674 καὶ
785 2609 1165 2693 νομοθέτην
1198 2606 1453 2686 πόλεως
1484 2606 1574 2694 μὴ
1609 2598 1808 2693 ἦττον
1843 2606 1888 2693 ἢ
1925 2606 2143 2692 σοφόν
2168 2614 2388 2692 μελιτ-

370 2701 666 2791 τουργὸν
705 2705 1067 2792 πόρρωθεν
1102 2702 1556 2792 εὐλαβεῖσθαι,
1591 2706 1875 2790 μάλιστα
1910 2705 2034 2791 μὲν
2076 2703 2258 2784 ὅπως
2301 2702 2386 2790 μὴ

376 2802 888 2890 ἐγγενήσεσθον,
911 2801 1000 2871 ἄν
1024 2804 1095 2872 δὲ
1116 2808 1552 2890 ἐγγένησθον,
1589 2800 1770 2883 ὅπως
1804 2801 1846 2871 δ’
1875 2818 1937 2870 τι
1965 2804 2235 2890 τάχιστα
2269 2803 2390 2882 ξὺν

375 2900 633 2970 αὐτοῖσι
653 2918 789 2982 τοῖς
813 2912 1067 2991 κηρίοις
1088 2905 1636 2992 ἐκτετμήσεσθον.
1670 2906 1808 2973 Ναὶ
1828 2903 1921 2992 μα
1952 2910 2108 2990 Δία,
2129 2895 2174 2988 ἦ
2196 2898 2261 2968 δ’
2297 2897 2387 2983 ὅς,

373 3000 760 3068 παντάπασί
774 3028 866 3087 γε.
904 2995 1060 3071 Ὧδε
1079 3014 1336 3089 τοίνυν,
1361 2995 1449 3089 ἦν
1484 3001 1549 3095 δῗ
1587 3003 1740 3089 ἐγώ,
1778 3002 2107 3090 λάβωμεν,
2142 2998 2234 3069 ’ἵν’
2276 2997 2392 3066 ⁶13--

372 3098 797 3181 κρινέστερον
841 3104 1090 3187 ἴδωμεν
1132 3099 1171 3169 ὃ
1202 3101 1612 3189 βουλόμεθα.
1647 3108 1839 3182 Πῶς;
1893 3107 2097 3188 Τριχῇ
2123 3103 2389 3184 διαστη-

374 3195 650 3279 σοίμεθα
663 3203 754 3286 τῷ
781 3197 958 3289 λόγῳ
985 3202 1618 3286 δημοκρατουμένην
1639 3200 1857 3286 πόλιν,
1885 3197 2108 3283 ὥσπερ
2132 3189 2262 3266 οὖν
2281 3197 2391 3264 καὶ

300 3299 341 3348 D
377 3296 523 3376 ἔχει.
570 3296 643 3360 ἓν
664 3294 785 3379 μὲν
807 3293 935 3382 γάρ
963 3321 1097 3363 που
1116 3294 1191 3363 τὰ
1212 3303 1520 3366 τοιοῦτον
1541 3305 1733 3383 γένος
1769 3299 1842 3366 ἐν
1878 3294 2048 3383 αὐτῇ
2071 3293 2394 3384 ἐμφύεται

377 3384 465 3455 δι’
489 3390 796 3469 ἐξουσίαν
824 3389 949 3462 οὐκ
970 3397 1241 3462 ἔλαττον
1273 3390 1321 3482 ἦ
1356 3398 1429 3464 ἐν
1462 3403 1545 3482 τῇ
1575 3391 2115 3482 ὀλιγαρχουμένη.
2170 3392 2390 3461 Ἔστιν
