<?xml version="1.0" encoding="UTF-8"?>
<!DOCTYPE html PUBLIC "-//W3C//DTD XHTML 1.0 Transitional//EN"
    "http://www.w3.org/TR/xhtml1/DTD/xhtml1-transitional.dtd">
<html xmlns="http://www.w3.org/1999/xhtml" xml:lang="en" lang="en">
 <head>
  <title>
</title>
<meta http-equiv="Content-Type" content="text/html;charset=utf-8" />
  <meta name='ocr-system' content='tesseract 3.04.00' />
  <meta name='ocr-capabilities' content='ocr_page ocr_carea ocr_par ocr_line ocrx_word'/>
</head>
<body>
  <div class='ocr_page' id='page_1' title='image "./dialogisecundum07platgoog_0263.png"; bbox 0 0 2602 3928; ppageno 0'>
   <div class='ocr_carea' id='block_1_1' title="bbox 929 215 2267 295">
    <p class='ocr_par' dir='ltr' id='par_1_1' title="bbox 929 215 2267 295">
     <span class='ocr_line' id='line_1_1' title="bbox 929 215 2267 295; baseline 0.003 -14"><span class='ocrx_word' id='word_1_1' title='bbox 929 224 1500 282; x_wconf 83' lang='grc' dir='ltr'><em>ΠΟΛΙΤΕΙΑΣ</em></span> <span class='ocrx_word' id='word_1_2' title='bbox 1537 215 1600 295; x_wconf 67' lang='grc' dir='ltr'><strong><em>ξ.</em></strong></span> <span class='ocrx_word' id='word_1_3' title='bbox 2141 220 2267 285; x_wconf 75' lang='grc'><strong><em>227</em></strong></span> 
     </span>
    </p>
   </div>
   <div class='ocr_carea' id='block_1_2' title="bbox 254 379 2414 3405">
    <p class='ocr_par' dir='ltr' id='par_1_2' title="bbox 254 379 2414 3405">
     <span class='ocr_line' id='line_1_2' title="bbox 259 379 2343 469; baseline 0.002 -20"><span class='ocrx_word' id='word_1_4' title='bbox 259 379 318 449; x_wconf 86' lang='grc' dir='ltr'><strong><em>δ’</em></strong></span> <span class='ocrx_word' id='word_1_5' title='bbox 340 382 491 468; x_wconf 71' lang='grc' dir='ltr'><strong><em>ἐγώ,</em></strong></span> <span class='ocrx_word' id='word_1_6' title='bbox 515 381 620 451; x_wconf 81' lang='grc' dir='ltr'><strong><em>ὅτι</em></strong></span> <span class='ocrx_word' id='word_1_7' title='bbox 639 387 1001 467; x_wconf 73' lang='grc' dir='ltr'><strong><em>ἐπαίζομεν,</em></strong></span> <span class='ocrx_word' id='word_1_8' title='bbox 1027 383 1135 449; x_wconf 87' lang='grc' dir='ltr'><strong><em>καὶ</em></strong></span> <span class='ocrx_word' id='word_1_9' title='bbox 1156 388 1413 466; x_wconf 84' lang='grc' dir='ltr'><strong><em>μᾶλλον</em></strong></span> <span class='ocrx_word' id='word_1_10' title='bbox 1435 383 1890 469; x_wconf 77' lang='grc' dir='ltr'><strong><em>ἐντεινάμενος</em></strong></span> <span class='ocrx_word' id='word_1_11' title='bbox 1914 384 2115 452; x_wconf 79' lang='grc' dir='ltr'><strong><em>εἷπον.</em></strong></span> <span class='ocrx_word' id='word_1_12' title='bbox 2158 387 2270 452; x_wconf 87' lang='grc' dir='ltr'><strong><em>λέ-</em></strong></span> <span class='ocrx_word' id='word_1_13' title='bbox 2305 408 2343 460; x_wconf 80' lang='lat' dir='ltr'>c</span> 
     </span>
     <span class='ocr_line' id='line_1_3' title="bbox 256 475 2268 567; baseline 0.001 -21"><span class='ocrx_word' id='word_1_14' title='bbox 256 505 395 565; x_wconf 85' lang='grc' dir='ltr'><strong><em>γων</em></strong></span> <span class='ocrx_word' id='word_1_15' title='bbox 424 480 554 566; x_wconf 78' lang='grc' dir='ltr'><strong><em>γὰρ</em></strong></span> <span class='ocrx_word' id='word_1_16' title='bbox 577 478 715 565; x_wconf 75' lang='grc' dir='ltr'><strong><em>ἅμα</em></strong></span> <span class='ocrx_word' id='word_1_17' title='bbox 738 484 983 567; x_wconf 78' lang='grc' dir='ltr'><strong><em>ἔβλεψα</em></strong></span> <span class='ocrx_word' id='word_1_18' title='bbox 1006 475 1175 561; x_wconf 80' lang='grc' dir='ltr'><strong><em>πρὸς</em></strong></span> <span class='ocrx_word' id='word_1_19' title='bbox 1205 485 1635 565; x_wconf 81' lang='grc' dir='ltr'><strong><em>φιλοσοφίαν,</em></strong></span> <span class='ocrx_word' id='word_1_20' title='bbox 1670 481 1781 548; x_wconf 86' lang='grc' dir='ltr'><strong><em>καὶ</em></strong></span> <span class='ocrx_word' id='word_1_21' title='bbox 1814 479 1978 548; x_wconf 71' lang='grc' dir='ltr'><strong><em>ἰδών</em></strong></span> <span class='ocrx_word' id='word_1_22' title='bbox 2014 505 2268 563; x_wconf 85' lang='grc' dir='ltr'><strong><em>προπε-</em></strong></span> 
     </span>
     <span class='ocr_line' id='line_1_4' title="bbox 255 573 2272 666; baseline 0 -22"><span class='ocrx_word' id='word_1_23' title='bbox 255 580 747 663; x_wconf 83' lang='grc' dir='ltr'><strong><em>πηλακισμένην</em></strong></span> <span class='ocrx_word' id='word_1_24' title='bbox 775 573 1054 655; x_wconf 78' lang='grc' dir='ltr'><strong><em>ἀναξίως</em></strong></span> <span class='ocrx_word' id='word_1_25' title='bbox 1075 573 1537 662; x_wconf 76' lang='grc' dir='ltr'><strong><em>ἀγανακτήσας</em></strong></span> <span class='ocrx_word' id='word_1_26' title='bbox 1557 604 1669 663; x_wconf 93' lang='grc' dir='ltr'><strong><em>μοι</em></strong></span> <span class='ocrx_word' id='word_1_27' title='bbox 1704 583 1883 647; x_wconf 69' lang='grc' dir='ltr'><strong><em>δοκεῖ</em></strong></span> <span class='ocrx_word' id='word_1_28' title='bbox 1916 579 2027 646; x_wconf 88' lang='grc' dir='ltr'><strong><em>καὶ</em></strong></span> <span class='ocrx_word' id='word_1_29' title='bbox 2050 575 2272 666; x_wconf 74' lang='grc' dir='ltr'><strong><em>ὥσπερ</em></strong></span> 
     </span>
     <span class='ocr_line' id='line_1_5' title="bbox 256 671 2274 759; baseline 0 -17"><span class='ocrx_word' id='word_1_30' title='bbox 256 677 605 759; x_wconf 82' lang='grc' dir='ltr'><strong><em>θυμωθεὶς</em></strong></span> <span class='ocrx_word' id='word_1_31' title='bbox 632 686 766 751; x_wconf 78' lang='grc' dir='ltr'><strong><em>τοῖς</em></strong></span> <span class='ocrx_word' id='word_1_32' title='bbox 787 677 1014 751; x_wconf 78' lang='grc' dir='ltr'><strong><em>αἰτίοις</em></strong></span> <span class='ocrx_word' id='word_1_33' title='bbox 1049 672 1575 758; x_wconf 75' lang='grc' dir='ltr'><strong><em>σπουδαιότερον</em></strong></span> <span class='ocrx_word' id='word_1_34' title='bbox 1597 681 1806 744; x_wconf 84' lang='grc' dir='ltr'><strong><em>εἰπεῖν</em></strong></span> <span class='ocrx_word' id='word_1_35' title='bbox 1837 671 1880 742; x_wconf 77' lang='grc' dir='ltr'><em>ἃ</em></span> <span class='ocrx_word' id='word_1_36' title='bbox 1914 675 2118 743; x_wconf 82' lang='grc' dir='ltr'><strong><em>εἶπον.</em></strong></span> <span class='ocrx_word' id='word_1_37' title='bbox 2169 673 2274 743; x_wconf 81' lang='grc' dir='ltr'><strong><em>Οὐ</em></strong></span> 
     </span>
     <span class='ocr_line' id='line_1_6' title="bbox 257 767 2276 861; baseline -0 -22"><span class='ocrx_word' id='word_1_38' title='bbox 257 771 348 859; x_wconf 76' lang='grc' dir='ltr'><strong><em>μὰ</em></strong></span> <span class='ocrx_word' id='word_1_39' title='bbox 371 772 493 839; x_wconf 77' lang='grc' dir='ltr'><strong><em>τὸν</em></strong></span> <span class='ocrx_word' id='word_1_40' title='bbox 514 767 658 854; x_wconf 88' lang='grc' dir='ltr'><strong><em>Δί’,</em></strong></span> <span class='ocrx_word' id='word_1_41' title='bbox 694 777 845 857; x_wconf 81' lang='grc' dir='ltr'><strong><em>ἔφη,</em></strong></span> <span class='ocrx_word' id='word_1_42' title='bbox 883 770 1138 838; x_wconf 84' lang='grc' dir='ltr'><strong><em>οὔκουν</em></strong></span> <span class='ocrx_word' id='word_1_43' title='bbox 1180 769 1268 849; x_wconf 72' lang='grc' dir='ltr'><strong><em>ὥς</em></strong></span> <span class='ocrx_word' id='word_1_44' title='bbox 1309 768 1376 855; x_wconf 87' lang='grc' dir='ltr'><strong><em>γ’</em></strong></span> <span class='ocrx_word' id='word_1_45' title='bbox 1423 774 1566 856; x_wconf 75' lang='grc' dir='ltr'><strong><em>ἐμοὶ</em></strong></span> <span class='ocrx_word' id='word_1_46' title='bbox 1611 769 1926 861; x_wconf 83' lang='grc' dir='ltr'><strong><em>ἀκροατῇ.</em></strong></span> <span class='ocrx_word' id='word_1_47' title='bbox 1965 768 2137 841; x_wconf 79' lang='grc' dir='ltr'><strong><em>Ἀλλ’</em></strong></span> <span class='ocrx_word' id='word_1_48' title='bbox 2189 769 2276 850; x_wconf 78' lang='grc' dir='ltr'><strong><em>ὦς</em></strong></span> 
     </span>
     <span class='ocr_line' id='line_1_7' title="bbox 258 862 2275 962; baseline -0 -25"><span class='ocrx_word' id='word_1_49' title='bbox 258 872 421 955; x_wconf 79' lang='grc' dir='ltr'><strong><em>ἐμοί,</em></strong></span> <span class='ocrx_word' id='word_1_50' title='bbox 443 862 531 955; x_wconf 80' lang='grc' dir='ltr'><strong><em>ἦν</em></strong></span> <span class='ocrx_word' id='word_1_51' title='bbox 556 868 617 936; x_wconf 91' lang='grc' dir='ltr'><strong><em>δ’</em></strong></span> <span class='ocrx_word' id='word_1_52' title='bbox 644 869 795 955; x_wconf 82' lang='grc' dir='ltr'><strong><em>ἐγω,</em></strong></span> <span class='ocrx_word' id='word_1_53' title='bbox 820 869 1065 956; x_wconf 74' lang='grc' dir='ltr'><strong><em>ῥήτορι.</em></strong></span> <span class='ocrx_word' id='word_1_54' title='bbox 1081 867 1261 962; x_wconf 53' lang='grc' dir='ltr'><strong><em>χτόδε</em></strong></span> <span class='ocrx_word' id='word_1_55' title='bbox 1286 871 1359 936; x_wconf 77' lang='grc' dir='ltr'><strong><em>δὲ</em></strong></span> <span class='ocrx_word' id='word_1_56' title='bbox 1379 867 1466 955; x_wconf 81' lang='grc' dir='ltr'><strong><em>μὴ</em></strong></span> <span class='ocrx_word' id='word_1_57' title='bbox 1506 869 2133 956; x_wconf 73' lang='grc' dir='ltr'><strong><em>ἐπιλανθανώμεθα,</em></strong></span> <span class='ocrx_word' id='word_1_58' title='bbox 2171 866 2275 938; x_wconf 79' lang='grc' dir='ltr'><strong><em>ὅτι</em></strong></span> 
     </span>
     <span class='ocr_line' id='line_1_8' title="bbox 260 966 2273 1055; baseline 0 -22"><span class='ocrx_word' id='word_1_59' title='bbox 260 968 333 1034; x_wconf 80' lang='grc' dir='ltr'><strong><em>ἐν</em></strong></span> <span class='ocrx_word' id='word_1_60' title='bbox 367 969 491 1053; x_wconf 82' lang='grc' dir='ltr'><strong><em>μὲν</em></strong></span> <span class='ocrx_word' id='word_1_61' title='bbox 527 974 611 1055; x_wconf 85' lang='grc' dir='ltr'><strong><em>τῇ</em></strong></span> <span class='ocrx_word' id='word_1_62' title='bbox 641 968 930 1055; x_wconf 79' lang='grc' dir='ltr'><strong><em>προτέρᾳ</em></strong></span> <span class='ocrx_word' id='word_1_63' title='bbox 962 969 1202 1053; x_wconf 74' lang='grc' dir='ltr'><strong><em>ἐκλογῇ</em></strong></span> <span class='ocrx_word' id='word_1_64' title='bbox 1234 966 1613 1053; x_wconf 81' lang='grc' dir='ltr'><strong><em>πρεσβύτας</em></strong></span> <span class='ocrx_word' id='word_1_65' title='bbox 1648 970 2050 1054; x_wconf 75' lang='grc' dir='ltr'><strong><em>ἐξελέγομεν,</em></strong></span> <span class='ocrx_word' id='word_1_66' title='bbox 2086 971 2160 1034; x_wconf 83' lang='grc' dir='ltr'><strong><em>έν</em></strong></span> <span class='ocrx_word' id='word_1_67' title='bbox 2202 967 2273 1035; x_wconf 70' lang='grc' dir='ltr'><strong><em>δὲ</em></strong></span> 
     </span>
     <span class='ocr_line' id='line_1_9' title="bbox 254 1061 2361 1153; baseline -0.001 -20"><span class='ocrx_word' id='word_1_68' title='bbox 254 1065 465 1153; x_wconf 82' lang='grc' dir='ltr'><strong><em>’ταύτῃ</em></strong></span> <span class='ocrx_word' id='word_1_69' title='bbox 484 1061 609 1134; x_wconf 81' lang='grc' dir='ltr'><strong><em>οὐκ</em></strong></span> <span class='ocrx_word' id='word_1_70' title='bbox 637 1065 1022 1152; x_wconf 80' lang='grc' dir='ltr'><strong><em>ἐγχωρήσει·</em></strong></span> <span class='ocrx_word' id='word_1_71' title='bbox 1062 1064 1331 1132; x_wconf 85' lang='grc' dir='ltr'><strong><em>Σόλωνι</em></strong></span> <span class='ocrx_word' id='word_1_72' title='bbox 1349 1062 1480 1150; x_wconf 77' lang='grc' dir='ltr'><strong><em>γὰρ</em></strong></span> <span class='ocrx_word' id='word_1_73' title='bbox 1504 1062 1588 1132; x_wconf 81' lang='grc' dir='ltr'><strong><em>οὐ</em></strong></span> <span class='ocrx_word' id='word_1_74' title='bbox 1608 1069 1931 1150; x_wconf 81' lang='grc' dir='ltr'><strong><em>πειστέον,</em></strong></span> <span class='ocrx_word' id='word_1_75' title='bbox 1957 1062 2046 1144; x_wconf 74' lang='grc' dir='ltr'><strong><em>ὥς</em></strong></span> <span class='ocrx_word' id='word_1_76' title='bbox 2066 1066 2276 1151; x_wconf 60' lang='grc' dir='ltr'><strong><em>γηρά-</em></strong></span> <span class='ocrx_word' id='word_1_77' title='bbox 2320 1083 2361 1131; x_wconf 87' lang='lat' dir='ltr'>D</span> 
     </span>
     <span class='ocr_line' id='line_1_10' title="bbox 261 1155 2274 1251; baseline -0 -21"><span class='ocrx_word' id='word_1_78' title='bbox 261 1184 443 1230; x_wconf 86' lang='grc' dir='ltr'><strong><em>σκων</em></strong></span> <span class='ocrx_word' id='word_1_79' title='bbox 463 1188 562 1242; x_wconf 90' lang='grc' dir='ltr'><strong><em>τις</em></strong></span> <span class='ocrx_word' id='word_1_80' title='bbox 576 1160 787 1230; x_wconf 83' lang='grc' dir='ltr'><strong><em>πολλὰ</em></strong></span> <span class='ocrx_word' id='word_1_81' title='bbox 812 1162 1097 1241; x_wconf 80' lang='grc' dir='ltr'><strong><em>δυνατὸς</em></strong></span> <span class='ocrx_word' id='word_1_82' title='bbox 1122 1161 1518 1249; x_wconf 77' lang='grc' dir='ltr'><strong><em>μανθάνειν,</em></strong></span> <span class='ocrx_word' id='word_1_83' title='bbox 1541 1160 1686 1231; x_wconf 87' lang='grc' dir='ltr'><strong><em>ἀλλ’</em></strong></span> <span class='ocrx_word' id='word_1_84' title='bbox 1714 1155 1914 1249; x_wconf 79' lang='grc' dir='ltr'><strong><em>ἦττον</em></strong></span> <span class='ocrx_word' id='word_1_85' title='bbox 1934 1158 1979 1250; x_wconf 80' lang='grc' dir='ltr'><em>ἢ</em></span> <span class='ocrx_word' id='word_1_86' title='bbox 1999 1166 2274 1251; x_wconf 79' lang='grc' dir='ltr'><strong><em>τρέχειν,</em></strong></span> 
     </span>
     <span class='ocr_line' id='line_1_11' title="bbox 260 1258 2271 1346; baseline -0.001 -18"><span class='ocrx_word' id='word_1_87' title='bbox 260 1264 432 1328; x_wconf 83' lang='grc' dir='ltr'><strong><em>νέων</em></strong></span> <span class='ocrx_word' id='word_1_88' title='bbox 456 1260 528 1328; x_wconf 74' lang='grc' dir='ltr'><strong><em>δὲ</em></strong></span> <span class='ocrx_word' id='word_1_89' title='bbox 548 1260 789 1339; x_wconf 89' lang='grc' dir='ltr'><strong><em>πάντες</em></strong></span> <span class='ocrx_word' id='word_1_90' title='bbox 809 1263 880 1327; x_wconf 75' lang='grc' dir='ltr'><strong><em>οἰ</em></strong></span> <span class='ocrx_word' id='word_1_91' title='bbox 893 1261 1170 1346; x_wconf 78' lang='grc' dir='ltr'><strong><em>μεγάλοι</em></strong></span> <span class='ocrx_word' id='word_1_92' title='bbox 1190 1261 1300 1328; x_wconf 85' lang='grc' dir='ltr'><strong><em>καὶ</em></strong></span> <span class='ocrx_word' id='word_1_93' title='bbox 1322 1264 1392 1327; x_wconf 69' lang='lat' dir='ltr'><strong><em>ot</em></strong></span> <span class='ocrx_word' id='word_1_94' title='bbox 1421 1262 1653 1329; x_wconf 87' lang='grc' dir='ltr'><strong><em>πολλοὶ</em></strong></span> <span class='ocrx_word' id='word_1_95' title='bbox 1686 1260 1901 1330; x_wconf 90' lang='grc' dir='ltr'><strong><em>πόνοι.</em></strong></span> <span class='ocrx_word' id='word_1_96' title='bbox 1960 1258 2271 1346; x_wconf 77' lang='grc' dir='ltr'><strong><em>Ἀνάγκη,</em></strong></span> 
     </span>
     <span class='ocr_line' id='line_1_12' title="bbox 427 1453 2273 1542; baseline 0 -19"><span class='ocrx_word' id='word_1_97' title='bbox 427 1456 577 1523; x_wconf 88' lang='lat' dir='ltr'><strong>XVI.</strong></span> <span class='ocrx_word' id='word_1_98' title='bbox 628 1453 724 1524; x_wconf 79' lang='grc' dir='ltr'><strong><em>Τὰ</em></strong></span> <span class='ocrx_word' id='word_1_99' title='bbox 744 1456 870 1542; x_wconf 74' lang='grc' dir='ltr'><strong><em>μὲν</em></strong></span> <span class='ocrx_word' id='word_1_100' title='bbox 886 1463 1119 1526; x_wconf 86' lang='grc' dir='ltr'><strong><em>τοίνυν</em></strong></span> <span class='ocrx_word' id='word_1_101' title='bbox 1141 1463 1478 1542; x_wconf 68' lang='grc' dir='ltr'><strong><em>λογισμῶν</em></strong></span> <span class='ocrx_word' id='word_1_102' title='bbox 1497 1481 1568 1523; x_wconf 92' lang='grc' dir='ltr'><strong><em>τε</em></strong></span> <span class='ocrx_word' id='word_1_103' title='bbox 1589 1457 1700 1523; x_wconf 82' lang='grc' dir='ltr'><strong><em>καὶ</em></strong></span> <span class='ocrx_word' id='word_1_104' title='bbox 1724 1462 2142 1541; x_wconf 73' lang='grc' dir='ltr'><strong><em>γεωμετριῶν</em></strong></span> <span class='ocrx_word' id='word_1_105' title='bbox 2160 1456 2273 1524; x_wconf 70' lang='grc' dir='ltr'><strong><em>καὶ</em></strong></span> 
     </span>
     <span class='ocr_line' id='line_1_13' title="bbox 261 1551 2276 1640; baseline 0 -22"><span class='ocrx_word' id='word_1_106' title='bbox 261 1553 476 1639; x_wconf 85' lang='grc' dir='ltr'><strong><em>πάσης</em></strong></span> <span class='ocrx_word' id='word_1_107' title='bbox 507 1560 623 1639; x_wconf 81' lang='grc' dir='ltr'><strong><em>τῆς</em></strong></span> <span class='ocrx_word' id='word_1_108' title='bbox 656 1558 1103 1638; x_wconf 77' lang='grc' dir='ltr'><strong><em>προπαιδείας,</em></strong></span> <span class='ocrx_word' id='word_1_109' title='bbox 1135 1551 1226 1640; x_wconf 81' lang='grc' dir='ltr'><strong><em>ἣν</em></strong></span> <span class='ocrx_word' id='word_1_110' title='bbox 1262 1563 1379 1640; x_wconf 86' lang='grc' dir='ltr'><strong><em>τῆς</em></strong></span> <span class='ocrx_word' id='word_1_111' title='bbox 1410 1557 1818 1639; x_wconf 78' lang='grc' dir='ltr'><strong><em>διαλεκτικῆς</em></strong></span> <span class='ocrx_word' id='word_1_112' title='bbox 1855 1559 1961 1621; x_wconf 76' lang='grc' dir='ltr'><strong><em>δεῖ</em></strong></span> <span class='ocrx_word' id='word_1_113' title='bbox 1990 1577 2276 1637; x_wconf 83' lang='grc' dir='ltr'><strong><em>προπαι-</em></strong></span> 
     </span>
     <span class='ocr_line' id='line_1_14' title="bbox 268 1646 2281 1737; baseline -0.001 -19"><span class='ocrx_word' id='word_1_114' title='bbox 268 1654 617 1735; x_wconf 84' lang='grc' dir='ltr'><strong><em>δευθῆναι,</em></strong></span> <span class='ocrx_word' id='word_1_115' title='bbox 638 1652 865 1719; x_wconf 86' lang='grc' dir='ltr'><strong><em>παισὶν</em></strong></span> <span class='ocrx_word' id='word_1_116' title='bbox 886 1646 1037 1718; x_wconf 84' lang='grc' dir='ltr'><strong><em>οὖσι</em></strong></span> <span class='ocrx_word' id='word_1_117' title='bbox 1056 1651 1179 1736; x_wconf 75' lang='grc' dir='ltr'><strong><em>χρὴ</em></strong></span> <span class='ocrx_word' id='word_1_118' title='bbox 1201 1651 1627 1737; x_wconf 85' lang='grc' dir='ltr'><strong><em>προβάλλειν,</em></strong></span> <span class='ocrx_word' id='word_1_119' title='bbox 1659 1648 1781 1735; x_wconf 77' lang='grc' dir='ltr'><strong><em>οὐχ</em></strong></span> <span class='ocrx_word' id='word_1_120' title='bbox 1803 1647 1892 1728; x_wconf 72' lang='grc' dir='ltr'><strong><em>ὥς</em></strong></span> <span class='ocrx_word' id='word_1_121' title='bbox 1915 1648 2281 1734; x_wconf 83' lang='grc' dir='ltr'><strong><em>ἐπάναγκες</em></strong></span> 
     </span>
     <span class='ocr_line' id='line_1_15' title="bbox 262 1745 2278 1834; baseline 0 -21"><span class='ocrx_word' id='word_1_122' title='bbox 262 1755 509 1831; x_wconf 80' lang='grc' dir='ltr'><strong><em>μαθεῖν</em></strong></span> <span class='ocrx_word' id='word_1_123' title='bbox 537 1746 611 1816; x_wconf 81' lang='grc' dir='ltr'><strong><em>τὸ</em></strong></span> <span class='ocrx_word' id='word_1_124' title='bbox 647 1754 862 1834; x_wconf 79' lang='grc' dir='ltr'><strong><em>σχῆμα</em></strong></span> <span class='ocrx_word' id='word_1_125' title='bbox 894 1754 1010 1834; x_wconf 83' lang='grc' dir='ltr'><strong><em>τῆς</em></strong></span> <span class='ocrx_word' id='word_1_126' title='bbox 1044 1751 1311 1833; x_wconf 79' lang='grc' dir='ltr'><strong><em>διδαχῆς</em></strong></span> <span class='ocrx_word' id='word_1_127' title='bbox 1345 1748 1806 1833; x_wconf 79' lang='grc' dir='ltr'><strong><em>ποιουμένους.</em></strong></span> <span class='ocrx_word' id='word_1_128' title='bbox 1858 1752 1942 1814; x_wconf 90' lang='grc' dir='ltr'><strong><em>Τί</em></strong></span> <span class='ocrx_word' id='word_1_129' title='bbox 1971 1747 2084 1833; x_wconf 79' lang='grc' dir='ltr'><strong><em>δή;</em></strong></span> <span class='ocrx_word' id='word_1_130' title='bbox 2114 1745 2278 1832; x_wconf 85' lang='grc' dir='ltr'><strong><em>Ὅτι,</em></strong></span> 
     </span>
     <span class='ocr_line' id='line_1_16' title="bbox 260 1835 2358 1937; baseline 0.003 -27"><span class='ocrx_word' id='word_1_131' title='bbox 260 1835 347 1928; x_wconf 79' lang='grc' dir='ltr'><strong><em>ἦν</em></strong></span> <span class='ocrx_word' id='word_1_132' title='bbox 394 1841 462 1911; x_wconf 86' lang='grc' dir='ltr'><strong><em>δ’</em></strong></span> <span class='ocrx_word' id='word_1_133' title='bbox 501 1844 652 1930; x_wconf 68' lang='grc' dir='ltr'><strong><em>ἐγώ,</em></strong></span> <span class='ocrx_word' id='word_1_134' title='bbox 686 1840 889 1937; x_wconf 64' lang='grc' dir='ltr'><strong><em>οὐδὲν</em></strong></span> <span class='ocrx_word' id='word_1_135' title='bbox 916 1844 1196 1930; x_wconf 77' lang='grc' dir='ltr'><strong><em>μάθημα</em></strong></span> <span class='ocrx_word' id='word_1_136' title='bbox 1228 1841 1392 1932; x_wconf 79' lang='grc' dir='ltr'><strong><em>μετὰ</em></strong></span> <span class='ocrx_word' id='word_1_137' title='bbox 1429 1849 1731 1923; x_wconf 86' lang='grc' dir='ltr'><strong><em>δουλείας</em></strong></span> <span class='ocrx_word' id='word_1_138' title='bbox 1763 1843 1883 1911; x_wconf 83' lang='grc' dir='ltr'><strong><em>τὸν</em></strong></span> <span class='ocrx_word' id='word_1_139' title='bbox 1911 1844 2280 1928; x_wconf 79' lang='grc' dir='ltr'><strong><em>ἐλεύθερον</em></strong></span> <span class='ocrx_word' id='word_1_140' title='bbox 2315 1866 2358 1916; x_wconf 86' lang='grc' dir='ltr'>Ε</span> 
     </span>
     <span class='ocr_line' id='line_1_17' title="bbox 261 1941 2279 2030; baseline -0 -20"><span class='ocrx_word' id='word_1_141' title='bbox 261 1942 381 2029; x_wconf 79' lang='grc' dir='ltr'><strong><em>χρὴ</em></strong></span> <span class='ocrx_word' id='word_1_142' title='bbox 406 1943 804 2028; x_wconf 83' lang='grc' dir='ltr'><strong><em>μανθάνειν.</em></strong></span> <span class='ocrx_word' id='word_1_143' title='bbox 845 1946 914 2012; x_wconf 77' lang='grc' dir='ltr'><strong><em>οἰ</em></strong></span> <span class='ocrx_word' id='word_1_144' title='bbox 941 1942 1066 2029; x_wconf 76' lang='grc' dir='ltr'><strong><em>μὲν</em></strong></span> <span class='ocrx_word' id='word_1_145' title='bbox 1103 1944 1232 2029; x_wconf 83' lang='grc' dir='ltr'><strong><em>γάρ</em></strong></span> <span class='ocrx_word' id='word_1_146' title='bbox 1263 1950 1387 2011; x_wconf 85' lang='grc' dir='ltr'><strong><em>τοῦ</em></strong></span> <span class='ocrx_word' id='word_1_147' title='bbox 1429 1943 1732 2029; x_wconf 72' lang='grc' dir='ltr'><strong><em>σώματος</em></strong></span> <span class='ocrx_word' id='word_1_148' title='bbox 1763 1941 1958 2012; x_wconf 92' lang='grc' dir='ltr'><strong><em>πόνοι</em></strong></span> <span class='ocrx_word' id='word_1_149' title='bbox 2000 1948 2114 2030; x_wconf 78' lang='grc' dir='ltr'><strong><em>βίᾳ</em></strong></span> <span class='ocrx_word' id='word_1_150' title='bbox 2153 1967 2279 2009; x_wconf 90' lang='grc' dir='ltr'><strong><em>πο-</em></strong></span> 
     </span>
     <span class='ocr_line' id='line_1_18' title="bbox 267 2040 2279 2130; baseline 0 -20"><span class='ocrx_word' id='word_1_151' title='bbox 267 2041 581 2127; x_wconf 84' lang='grc' dir='ltr'><strong><em>νούμενοι</em></strong></span> <span class='ocrx_word' id='word_1_152' title='bbox 614 2056 837 2129; x_wconf 78' lang='grc' dir='ltr'><strong><em>χεῖρον</em></strong></span> <span class='ocrx_word' id='word_1_153' title='bbox 869 2040 1071 2110; x_wconf 76' lang='grc' dir='ltr'><strong><em>οὐδὲν</em></strong></span> <span class='ocrx_word' id='word_1_154' title='bbox 1110 2043 1182 2110; x_wconf 83' lang='grc' dir='ltr'><strong><em>τὰ</em></strong></span> <span class='ocrx_word' id='word_1_155' title='bbox 1228 2051 1420 2129; x_wconf 73' lang='grc' dir='ltr'><strong><em>σῶμα</em></strong></span> <span class='ocrx_word' id='word_1_156' title='bbox 1455 2040 1954 2128; x_wconf 81' lang='grc' dir='ltr'><strong><em>ἀπεργάζονται,</em></strong></span> <span class='ocrx_word' id='word_1_157' title='bbox 1989 2050 2168 2130; x_wconf 84' lang='grc' dir='ltr'><strong><em>ψυχῇ</em></strong></span> <span class='ocrx_word' id='word_1_158' title='bbox 2207 2046 2279 2110; x_wconf 75' lang='grc' dir='ltr'><strong><em>δὲ</em></strong></span> 
     </span>
     <span class='ocr_line' id='line_1_19' title="bbox 265 2138 2276 2227; baseline 0 -20"><span class='ocrx_word' id='word_1_159' title='bbox 265 2146 487 2226; x_wconf 88' lang='grc' dir='ltr'><strong><em>βίαιον</em></strong></span> <span class='ocrx_word' id='word_1_160' title='bbox 507 2139 708 2209; x_wconf 71' lang='grc' dir='ltr'><strong><em>οὐδὲν</em></strong></span> <span class='ocrx_word' id='word_1_161' title='bbox 741 2145 1032 2226; x_wconf 72' lang='grc' dir='ltr'><strong><em>ἔμμονον</em></strong></span> <span class='ocrx_word' id='word_1_162' title='bbox 1064 2139 1363 2226; x_wconf 82' lang='grc' dir='ltr'><strong><em>μάθημα.</em></strong></span> <span class='ocrx_word' id='word_1_163' title='bbox 1404 2138 1674 2226; x_wconf 81' lang='grc' dir='ltr'><strong><em>Ἀληθῆ,</em></strong></span> <span class='ocrx_word' id='word_1_164' title='bbox 1699 2146 1847 2225; x_wconf 83' lang='grc' dir='ltr'><strong><em>ἔφη.</em></strong></span> <span class='ocrx_word' id='word_1_165' title='bbox 1887 2139 2008 2227; x_wconf 83' lang='grc' dir='ltr'><strong><em>Μὴ</em></strong></span> <span class='ocrx_word' id='word_1_166' title='bbox 2041 2148 2276 2208; x_wconf 88' lang='grc' dir='ltr'><strong><em>τοίνυν</em></strong></span> 
     </span>
     <span class='ocr_line' id='line_1_20' title="bbox 267 2233 2274 2327; baseline 0 -21"><span class='ocrx_word' id='word_1_167' title='bbox 267 2247 402 2327; x_wconf 79' lang='grc' dir='ltr'><strong><em>βίᾳ,</em></strong></span> <span class='ocrx_word' id='word_1_168' title='bbox 430 2238 636 2324; x_wconf 84' lang='grc' dir='ltr'><strong><em>εἶπον,</em></strong></span> <span class='ocrx_word' id='word_1_169' title='bbox 661 2233 715 2307; x_wconf 71' lang='grc' dir='ltr'><em>ὦ</em></span> <span class='ocrx_word' id='word_1_170' title='bbox 740 2239 986 2326; x_wconf 80' lang='grc' dir='ltr'><strong><em>ἄριστε,</em></strong></span> <span class='ocrx_word' id='word_1_171' title='bbox 1010 2237 1168 2318; x_wconf 82' lang='grc' dir='ltr'><strong><em>τούς</em></strong></span> <span class='ocrx_word' id='word_1_172' title='bbox 1191 2243 1427 2318; x_wconf 76' lang='grc' dir='ltr'><strong><em>παῖδας</em></strong></span> <span class='ocrx_word' id='word_1_173' title='bbox 1447 2244 1522 2307; x_wconf 83' lang='grc' dir='ltr'><strong><em>ἐν</em></strong></span> <span class='ocrx_word' id='word_1_174' title='bbox 1542 2254 1675 2318; x_wconf 77' lang='grc' dir='ltr'><strong><em>τοῖς</em></strong></span> <span class='ocrx_word' id='word_1_175' title='bbox 1695 2240 2084 2326; x_wconf 84' lang='grc' dir='ltr'><strong><em>μαθήμασιν</em></strong></span> <span class='ocrx_word' id='word_1_176' title='bbox 2106 2238 2274 2307; x_wconf 80' lang='grc' dir='ltr'><strong><em>ἀλλὰ</em></strong></span> 
     </span>
     <span class='ocr_line' id='line_1_21' title="bbox 267 2332 2414 2426; baseline 0.001 -21"><span class='ocrx_word' id='word_1_177' title='bbox 267 2343 614 2419; x_wconf 75' lang='grc' dir='ltr'><strong><em>παίζοντας</em></strong></span> <span class='ocrx_word' id='word_1_178' title='bbox 633 2342 856 2424; x_wconf 84' lang='grc' dir='ltr'><strong><em>τρέφε,</em></strong></span> <span class='ocrx_word' id='word_1_179' title='bbox 878 2342 989 2406; x_wconf 80' lang='grc' dir='ltr'><strong><em>ἵνα</em></strong></span> <span class='ocrx_word' id='word_1_180' title='bbox 1023 2339 1131 2406; x_wconf 85' lang='grc' dir='ltr'><strong><em>καὶ</em></strong></span> <span class='ocrx_word' id='word_1_181' title='bbox 1165 2346 1422 2423; x_wconf 80' lang='grc' dir='ltr'><strong><em>μᾶλλον</em></strong></span> <span class='ocrx_word' id='word_1_182' title='bbox 1454 2333 1593 2417; x_wconf 85' lang='grc' dir='ltr'><strong><em>οἶός</em></strong></span> <span class='ocrx_word' id='word_1_183' title='bbox 1627 2336 1688 2405; x_wconf 87' lang='grc' dir='ltr'><strong><em>τ’</em></strong></span> <span class='ocrx_word' id='word_1_184' title='bbox 1727 2332 1806 2426; x_wconf 79' lang='grc' dir='ltr'><strong><em>ᾖς</em></strong></span> <span class='ocrx_word' id='word_1_185' title='bbox 1830 2344 2141 2426; x_wconf 81' lang='grc' dir='ltr'><strong><em>καθορᾷν</em></strong></span> <span class='ocrx_word' id='word_1_186' title='bbox 2164 2337 2279 2424; x_wconf 80' lang='grc' dir='ltr'><strong><em>ἐφ’</em></strong></span> <span class='ocrx_word' id='word_1_187' title='bbox 2313 2361 2414 2420; x_wconf 79' lang='lat'><strong><em>537</em></strong></span> 
     </span>
     <span class='ocr_line' id='line_1_22' title="bbox 266 2432 2281 2522; baseline 0.001 -20"><span class='ocrx_word' id='word_1_188' title='bbox 266 2432 305 2501; x_wconf 80' lang='grc' dir='ltr'>ὃ</span> <span class='ocrx_word' id='word_1_189' title='bbox 326 2438 602 2515; x_wconf 78' lang='grc' dir='ltr'><strong><em>ἕκαστος</em></strong></span> <span class='ocrx_word' id='word_1_190' title='bbox 634 2440 950 2522; x_wconf 84' lang='grc' dir='ltr'><strong><em>πέφυκεν.</em></strong></span> <span class='ocrx_word' id='word_1_191' title='bbox 997 2435 1175 2521; x_wconf 60' lang='lat' dir='ltr'><strong><em>”Exn</em></strong></span> <span class='ocrx_word' id='word_1_192' title='bbox 1203 2434 1244 2502; x_wconf 75' lang='grc' dir='ltr'><strong><em>δ’</em></strong></span> <span class='ocrx_word' id='word_1_193' title='bbox 1275 2440 1501 2521; x_wconf 86' lang='grc' dir='ltr'><strong><em>λέγεις,</em></strong></span> <span class='ocrx_word' id='word_1_194' title='bbox 1532 2442 1680 2522; x_wconf 84' lang='grc' dir='ltr'><strong><em>ἔφη,</em></strong></span> <span class='ocrx_word' id='word_1_195' title='bbox 1712 2435 1935 2520; x_wconf 85' lang='grc' dir='ltr'><strong><em>λόγον.</em></strong></span> <span class='ocrx_word' id='word_1_196' title='bbox 2003 2434 2281 2504; x_wconf 79' lang='grc' dir='ltr'><strong><em>Οὐκοῦν</em></strong></span> 
     </span>
     <span class='ocr_line' id='line_1_23' title="bbox 268 2526 2282 2620; baseline -0 -19"><span class='ocrx_word' id='word_1_197' title='bbox 268 2532 727 2620; x_wconf 81' lang='grc' dir='ltr'><strong><em>μνημονεύεις,</em></strong></span> <span class='ocrx_word' id='word_1_198' title='bbox 748 2526 836 2618; x_wconf 79' lang='grc' dir='ltr'><strong><em>ἦν</em></strong></span> <span class='ocrx_word' id='word_1_199' title='bbox 859 2532 924 2599; x_wconf 82' lang='grc' dir='ltr'><strong><em>δ’</em></strong></span> <span class='ocrx_word' id='word_1_200' title='bbox 960 2532 1112 2618; x_wconf 69' lang='grc' dir='ltr'><strong><em>ἐγώ,</em></strong></span> <span class='ocrx_word' id='word_1_201' title='bbox 1148 2530 1252 2599; x_wconf 83' lang='grc' dir='ltr'><strong><em>ὅτι</em></strong></span> <span class='ocrx_word' id='word_1_202' title='bbox 1283 2536 1395 2602; x_wconf 82' lang='grc' dir='ltr'><strong><em>καὶ</em></strong></span> <span class='ocrx_word' id='word_1_203' title='bbox 1429 2539 1523 2611; x_wconf 80' lang='grc' dir='ltr'><strong><em>εἰς</em></strong></span> <span class='ocrx_word' id='word_1_204' title='bbox 1548 2531 1667 2600; x_wconf 86' lang='grc' dir='ltr'><strong><em>τὸν</em></strong></span> <span class='ocrx_word' id='word_1_205' title='bbox 1700 2534 1995 2620; x_wconf 90' lang='grc' dir='ltr'><strong><em>πόλεμον</em></strong></span> <span class='ocrx_word' id='word_1_206' title='bbox 2027 2541 2282 2620; x_wconf 81' lang='grc' dir='ltr'><strong><em>ἔφαμεν</em></strong></span> 
     </span>
     <span class='ocr_line' id='line_1_24' title="bbox 266 2629 2282 2715; baseline -0.001 -15"><span class='ocrx_word' id='word_1_207' title='bbox 266 2629 426 2711; x_wconf 77' lang='grc' dir='ltr'><strong><em>τούς</em></strong></span> <span class='ocrx_word' id='word_1_208' title='bbox 449 2636 684 2710; x_wconf 84' lang='grc' dir='ltr'><strong><em>παῖδας</em></strong></span> <span class='ocrx_word' id='word_1_209' title='bbox 704 2631 872 2700; x_wconf 77' lang='grc' dir='ltr'><strong><em>εἶναι</em></strong></span> <span class='ocrx_word' id='word_1_210' title='bbox 892 2632 1128 2699; x_wconf 82' lang='grc' dir='ltr'><strong><em>ἀκτέον</em></strong></span> <span class='ocrx_word' id='word_1_211' title='bbox 1150 2634 1257 2700; x_wconf 80' lang='grc' dir='ltr'><strong><em>ἐπὶ</em></strong></span> <span class='ocrx_word' id='word_1_212' title='bbox 1276 2633 1416 2700; x_wconf 66' lang='grc' dir='ltr'><strong><em>τῶν</em></strong></span> <span class='ocrx_word' id='word_1_213' title='bbox 1437 2636 1656 2698; x_wconf 81' lang='grc' dir='ltr'><strong><em>ἳππων</em></strong></span> <span class='ocrx_word' id='word_1_214' title='bbox 1679 2632 2003 2715; x_wconf 83' lang='grc' dir='ltr'><strong><em>θεωρούς,</em></strong></span> <span class='ocrx_word' id='word_1_215' title='bbox 2028 2634 2139 2700; x_wconf 81' lang='grc' dir='ltr'><strong><em>καὶ</em></strong></span> <span class='ocrx_word' id='word_1_216' title='bbox 2162 2629 2282 2697; x_wconf 86' lang='grc' dir='ltr'><strong><em>έάν</em></strong></span> 
     </span>
     <span class='ocr_line' id='line_1_25' title="bbox 268 2722 2277 2817; baseline -0.002 -19"><span class='ocrx_word' id='word_1_217' title='bbox 268 2755 403 2798; x_wconf 93' lang='grc' dir='ltr'><strong><em>που</em></strong></span> <span class='ocrx_word' id='word_1_218' title='bbox 427 2728 718 2816; x_wconf 74' lang='grc' dir='ltr'><strong><em>ἀσφαλὲς</em></strong></span> <span class='ocrx_word' id='word_1_219' title='bbox 737 2722 804 2817; x_wconf 80' lang='grc' dir='ltr'><strong><em>ᾖ,</em></strong></span> <span class='ocrx_word' id='word_1_220' title='bbox 829 2733 1239 2812; x_wconf 84' lang='grc' dir='ltr'><strong><em>προσακτέον</em></strong></span> <span class='ocrx_word' id='word_1_221' title='bbox 1267 2728 1465 2815; x_wconf 78' lang='grc' dir='ltr'><strong><em>ἐγγὺς</em></strong></span> <span class='ocrx_word' id='word_1_222' title='bbox 1496 2733 1606 2797; x_wconf 85' lang='grc' dir='ltr'><strong><em>καὶ</em></strong></span> <span class='ocrx_word' id='word_1_223' title='bbox 1636 2732 1950 2815; x_wconf 87' lang='grc' dir='ltr'><strong><em>γευστέον</em></strong></span> <span class='ocrx_word' id='word_1_224' title='bbox 1985 2731 2277 2814; x_wconf 82' lang='grc' dir='ltr'><strong><em>αἵματος,</em></strong></span> 
     </span>
     <span class='ocr_line' id='line_1_26' title="bbox 268 2824 2282 2913; baseline -0.002 -17"><span class='ocrx_word' id='word_1_225' title='bbox 268 2828 493 2913; x_wconf 66' lang='grc' dir='ltr'><strong><em>ὥσπερ</em></strong></span> <span class='ocrx_word' id='word_1_226' title='bbox 513 2826 1059 2908; x_wconf 67' lang='grc' dir='ltr'><strong><em>τοῦςσκύλακαςς</em></strong></span> <span class='ocrx_word' id='word_1_227' title='bbox 1102 2830 1488 2913; x_wconf 89' lang='grc' dir='ltr'><strong><em>Μέμνημαι,</em></strong></span> <span class='ocrx_word' id='word_1_228' title='bbox 1513 2833 1661 2913; x_wconf 83' lang='grc' dir='ltr'><strong><em>ἔφη.</em></strong></span> <span class='ocrx_word' id='word_1_229' title='bbox 1700 2825 1805 2894; x_wconf 81' lang='grc' dir='ltr'><strong><em>Ἐν</em></strong></span> <span class='ocrx_word' id='word_1_230' title='bbox 1828 2832 1993 2893; x_wconf 74' lang='grc' dir='ltr'><strong><em>πᾶσι</em></strong></span> <span class='ocrx_word' id='word_1_231' title='bbox 2015 2824 2097 2911; x_wconf 87' lang='grc' dir='ltr'><strong><em>δὴ</em></strong></span> <span class='ocrx_word' id='word_1_232' title='bbox 2117 2825 2282 2892; x_wconf 82' lang='grc' dir='ltr'><strong><em>τού-</em></strong></span> 
     </span>
     <span class='ocr_line' id='line_1_27' title="bbox 271 2919 2280 3013; baseline -0.002 -18"><span class='ocrx_word' id='word_1_233' title='bbox 271 2954 425 3012; x_wconf 84' lang='grc' dir='ltr'><strong><em>τοις,</em></strong></span> <span class='ocrx_word' id='word_1_234' title='bbox 449 2919 534 3013; x_wconf 82' lang='grc' dir='ltr'><strong><em>ἦν</em></strong></span> <span class='ocrx_word' id='word_1_235' title='bbox 557 2925 623 2995; x_wconf 86' lang='grc' dir='ltr'><strong><em>δ’</em></strong></span> <span class='ocrx_word' id='word_1_236' title='bbox 661 2926 814 3013; x_wconf 71' lang='grc' dir='ltr'><strong><em>ἐγώ,</em></strong></span> <span class='ocrx_word' id='word_1_237' title='bbox 846 2941 983 3005; x_wconf 86' lang='grc' dir='ltr'><strong><em>τοῖς</em></strong></span> <span class='ocrx_word' id='word_1_238' title='bbox 1004 2952 1074 2993; x_wconf 90' lang='grc' dir='ltr'><strong><em>τε</em></strong></span> <span class='ocrx_word' id='word_1_239' title='bbox 1097 2924 1330 3004; x_wconf 89' lang='grc' dir='ltr'><strong><em>πόνοις</em></strong></span> <span class='ocrx_word' id='word_1_240' title='bbox 1370 2927 1479 2992; x_wconf 80' lang='grc' dir='ltr'><strong><em>καὶ</em></strong></span> <span class='ocrx_word' id='word_1_241' title='bbox 1500 2925 1848 3011; x_wconf 83' lang='grc' dir='ltr'><strong><em>μαθήμασι</em></strong></span> <span class='ocrx_word' id='word_1_242' title='bbox 1877 2928 1986 2991; x_wconf 82' lang='grc' dir='ltr'><strong><em>καὶ</em></strong></span> <span class='ocrx_word' id='word_1_243' title='bbox 2021 2923 2280 3010; x_wconf 91' lang='grc' dir='ltr'><strong><em>φόβοις,</em></strong></span> 
     </span>
     <span class='ocr_line' id='line_1_28' title="bbox 272 3018 2282 3108; baseline -0.002 -17"><span class='ocrx_word' id='word_1_244' title='bbox 272 3021 347 3102; x_wconf 78' lang='grc' dir='ltr'><strong><em>ὃς</em></strong></span> <span class='ocrx_word' id='word_1_245' title='bbox 367 3018 456 3090; x_wconf 74' lang='grc' dir='ltr'><strong><em>ἂν</em></strong></span> <span class='ocrx_word' id='word_1_246' title='bbox 475 3025 967 3108; x_wconf 82' lang='grc' dir='ltr'><strong><em>ἐντρεχέστατος</em></strong></span> <span class='ocrx_word' id='word_1_247' title='bbox 977 3021 1079 3090; x_wconf 84' lang='grc' dir='ltr'><strong><em>ἀεὶ</em></strong></span> <span class='ocrx_word' id='word_1_248' title='bbox 1095 3030 1429 3108; x_wconf 88' lang='grc' dir='ltr'><strong><em>φαίνηται,</em></strong></span> <span class='ocrx_word' id='word_1_249' title='bbox 1455 3026 1547 3100; x_wconf 83' lang='grc' dir='ltr'><strong><em>είς</em></strong></span> <span class='ocrx_word' id='word_1_250' title='bbox 1569 3019 1868 3106; x_wconf 82' lang='grc' dir='ltr'><strong><em>ἀριθμόν</em></strong></span> <span class='ocrx_word' id='word_1_251' title='bbox 1886 3048 2036 3090; x_wconf 90' lang='grc' dir='ltr'><strong><em>τινα</em></strong></span> <span class='ocrx_word' id='word_1_252' title='bbox 2057 3023 2282 3105; x_wconf 78' lang='grc' dir='ltr'><strong><em>ἐγκρι-</em></strong></span> 
     </span>
     <span class='ocr_line' id='line_1_29' title="bbox 270 3111 2358 3208; baseline -0.003 -18"><span class='ocrx_word' id='word_1_253' title='bbox 270 3125 441 3191; x_wconf 89' lang='grc' dir='ltr'><strong><em>τέον.</em></strong></span> <span class='ocrx_word' id='word_1_254' title='bbox 483 3120 587 3191; x_wconf 87' lang='grc' dir='ltr'><strong><em>Ἐν</em></strong></span> <span class='ocrx_word' id='word_1_255' title='bbox 610 3129 759 3208; x_wconf 85' lang='grc' dir='ltr'><strong><em>τίνι,</em></strong></span> <span class='ocrx_word' id='word_1_256' title='bbox 782 3128 934 3208; x_wconf 84' lang='grc' dir='ltr'><strong><em>ἔφη,</em></strong></span> <span class='ocrx_word' id='word_1_257' title='bbox 969 3118 1220 3208; x_wconf 67' lang='grc' dir='ltr'><strong><em>ἡλικίας</em></strong></span> <span class='ocrx_word' id='word_1_258' title='bbox 1246 3117 1502 3203; x_wconf 85' lang='grc' dir='ltr'><strong><em>Ἡνίκα,</em></strong></span> <span class='ocrx_word' id='word_1_259' title='bbox 1522 3111 1610 3204; x_wconf 78' lang='grc' dir='ltr'><strong><em>ἦν</em></strong></span> <span class='ocrx_word' id='word_1_260' title='bbox 1631 3115 1693 3187; x_wconf 89' lang='grc' dir='ltr'><strong><em>δ’</em></strong></span> <span class='ocrx_word' id='word_1_261' title='bbox 1719 3118 1871 3203; x_wconf 75' lang='grc' dir='ltr'><strong><em>ἐγώ,</em></strong></span> <span class='ocrx_word' id='word_1_262' title='bbox 1898 3124 2035 3185; x_wconf 78' lang='grc' dir='ltr'><strong><em>ταῖν</em></strong></span> <span class='ocrx_word' id='word_1_263' title='bbox 2069 3118 2279 3201; x_wconf 84' lang='grc' dir='ltr'><strong><em>ἀναγ-·</em></strong></span> <span class='ocrx_word' id='word_1_264' title='bbox 2315 3146 2358 3197; x_wconf 78' lang='grc' dir='ltr'>Β</span> 
     </span>
     <span class='ocr_line' id='line_1_30' title="bbox 266 3208 2281 3306; baseline -0.004 -17"><span class='ocrx_word' id='word_1_265' title='bbox 266 3228 479 3289; x_wconf 81' lang='grc' dir='ltr'><strong><em>καίων</em></strong></span> <span class='ocrx_word' id='word_1_266' title='bbox 511 3227 898 3306; x_wconf 84' lang='grc' dir='ltr'><strong><em>γυμνασίων</em></strong></span> <span class='ocrx_word' id='word_1_267' title='bbox 930 3225 1287 3305; x_wconf 87' lang='grc' dir='ltr'><strong><em>μεθίενται.</em></strong></span> <span class='ocrx_word' id='word_1_268' title='bbox 1335 3208 1530 3294; x_wconf 82' lang='grc' dir='ltr'><strong><em>οὗτος</em></strong></span> <span class='ocrx_word' id='word_1_269' title='bbox 1563 3214 1692 3300; x_wconf 84' lang='grc' dir='ltr'><strong><em>γάρ</em></strong></span> <span class='ocrx_word' id='word_1_270' title='bbox 1716 3212 1753 3282; x_wconf 88' lang='grc' dir='ltr'>ὁ</span> <span class='ocrx_word' id='word_1_271' title='bbox 1786 3213 2047 3301; x_wconf 89' lang='grc' dir='ltr'><strong><em>χρόνος,</em></strong></span> <span class='ocrx_word' id='word_1_272' title='bbox 2072 3217 2191 3281; x_wconf 81' lang='grc' dir='ltr'><strong><em>ἐάν</em></strong></span> <span class='ocrx_word' id='word_1_273' title='bbox 2208 3238 2281 3281; x_wconf 85' lang='grc' dir='ltr'><strong><em>τε</em></strong></span> 
     </span>
     <span class='ocr_line' id='line_1_31' title="bbox 271 3314 2405 3405; baseline -0.007 -14"><span class='ocrx_word' id='word_1_274' title='bbox 271 3323 393 3391; x_wconf 82' lang='grc' dir='ltr'><strong><em>δύο</em></strong></span> <span class='ocrx_word' id='word_1_275' title='bbox 415 3322 533 3390; x_wconf 80' lang='grc' dir='ltr'><strong><em>ἐάν</em></strong></span> <span class='ocrx_word' id='word_1_276' title='bbox 559 3347 631 3390; x_wconf 90' lang='grc' dir='ltr'><strong><em>τε</em></strong></span> <span class='ocrx_word' id='word_1_277' title='bbox 670 3327 819 3403; x_wconf 91' lang='grc' dir='ltr'><strong><em>τρία</em></strong></span> <span class='ocrx_word' id='word_1_278' title='bbox 853 3324 961 3405; x_wconf 81' lang='grc' dir='ltr'><strong><em>ἔτη</em></strong></span> <span class='ocrx_word' id='word_1_279' title='bbox 995 3325 1322 3405; x_wconf 86' lang='grc' dir='ltr'><strong><em>γίγνηται,</em></strong></span> <span class='ocrx_word' id='word_1_280' title='bbox 1359 3316 1688 3395; x_wconf 83' lang='grc' dir='ltr'><strong><em>ἀδύνατός</em></strong></span> <span class='ocrx_word' id='word_1_281' title='bbox 1730 3342 1793 3382; x_wconf 90' lang='grc' dir='ltr'><strong><em>τι</em></strong></span> <span class='ocrx_word' id='word_1_282' title='bbox 1824 3314 1984 3382; x_wconf 76' lang='grc' dir='ltr'><strong><em>ἄλλο</em></strong></span> <span class='ocrx_word' id='word_1_283' title='bbox 2018 3317 2274 3396; x_wconf 79' lang='grc' dir='ltr'><strong><em>πρᾶξαι.</em></strong></span> <span class='ocrx_word' id='word_1_284' title='bbox 2399 3393 2405 3398; x_wconf 30' lang='lat'>·</span> 
     </span>
    </p>
   </div>
   <div class='ocr_carea' id='block_1_3' title="bbox 274 3410 2280 3562">
    <p class='ocr_par' dir='ltr' id='par_1_3' title="bbox 274 3410 2280 3562">
     <span class='ocr_line' id='line_1_32' title="bbox 274 3410 2280 3561; baseline -0.006 -74"><span class='ocrx_word' id='word_1_285' title='bbox 274 3422 464 3488; x_wconf 75' lang='grc' dir='ltr'><strong><em>κόποι</em></strong></span> <span class='ocrx_word' id='word_1_286' title='bbox 483 3418 616 3506; x_wconf 76' lang='grc' dir='ltr'><strong><em>γὰρ</em></strong></span> <span class='ocrx_word' id='word_1_287' title='bbox 637 3419 751 3487; x_wconf 82' lang='grc' dir='ltr'><strong><em>καὶ</em></strong></span> <span class='ocrx_word' id='word_1_288' title='bbox 772 3417 975 3486; x_wconf 79' lang='grc' dir='ltr'><strong><em>ὕπνοι</em></strong></span> <span class='ocrx_word' id='word_1_289' title='bbox 1001 3416 1351 3505; x_wconf 85' lang='grc' dir='ltr'><strong><em>μαθήμασι</em></strong></span> <span class='ocrx_word' id='word_1_290' title='bbox 1375 3419 1700 3500; x_wconf 85' lang='grc' dir='ltr'><strong><em>πολέμιοι·</em></strong></span> <span class='ocrx_word' id='word_1_291' title='bbox 1741 3410 2010 3561; x_wconf 60' lang='grc' dir='ltr'><strong><em>κιαὶ*ἃ’μα</em></strong></span> <span class='ocrx_word' id='word_1_292' title='bbox 2033 3417 2148 3495; x_wconf 92' lang='grc' dir='ltr'><strong><em>μία</em></strong></span> <span class='ocrx_word' id='word_1_293' title='bbox 2170 3410 2280 3475; x_wconf 82' lang='grc' dir='ltr'><strong><em>καὶ</em></strong></span> 
     </span>
     <span class='ocr_line' id='line_1_33' title="bbox 1794 3528 1826 3562; baseline 0 0"><span class='ocrx_word' id='word_1_294' title='bbox 1794 3528 1826 3562; x_wconf 80' lang='lat'>0</span> 
     </span>
    </p>
   </div>
  </div>
 </body>
</html>
