<?xml version="1.0" encoding="UTF-8"?>
<!DOCTYPE html PUBLIC "-//W3C//DTD XHTML 1.0 Transitional//EN"
    "http://www.w3.org/TR/xhtml1/DTD/xhtml1-transitional.dtd">
<html xmlns="http://www.w3.org/1999/xhtml" xml:lang="en" lang="en">
 <head>
  <title>
</title>
<meta http-equiv="Content-Type" content="text/html;charset=utf-8" />
  <meta name='ocr-system' content='tesseract 3.04.00' />
  <meta name='ocr-capabilities' content='ocr_page ocr_carea ocr_par ocr_line ocrx_word'/>
</head>
<body>
  <div class='ocr_page' id='page_1' title='image "./dialogisecundum07platgoog_0317.png"; bbox 0 0 2602 3928; ppageno 0'>
   <div class='ocr_carea' id='block_1_1' title="bbox 916 203 2266 274">
    <p class='ocr_par' dir='ltr' id='par_1_1' title="bbox 916 203 2266 274">
     <span class='ocr_line' id='line_1_1' title="bbox 916 203 2266 274; baseline 0.004 -6"><span class='ocrx_word' id='word_1_1' title='bbox 916 208 1500 268; x_wconf 85' lang='grc' dir='ltr'><em>ΠΟΛΙΤΕΙΑΣ</em></span> <span class='ocrx_word' id='word_1_2' title='bbox 1527 203 1609 270; x_wconf 79' lang='grc' dir='ltr'><strong><em>θ’.</em></strong></span> <span class='ocrx_word' id='word_1_3' title='bbox 2141 208 2266 274; x_wconf 73' lang='lat'><strong><em>281</em></strong></span> 
     </span>
    </p>
   </div>
   <div class='ocr_carea' id='block_1_2' title="bbox 241 365 2405 3191">
    <p class='ocr_par' dir='ltr' id='par_1_2' title="bbox 257 365 2337 922">
     <span class='ocr_line' id='line_1_2' title="bbox 262 365 2337 459; baseline 0.004 -24"><span class='ocrx_word' id='word_1_4' title='bbox 262 369 869 453; x_wconf 68' lang='grc' dir='ltr'><strong><em>ωτοχραινομέναις,</em></strong></span> <span class='ocrx_word' id='word_1_5' title='bbox 895 365 1062 436; x_wconf 73' lang='grc' dir='ltr'><strong><em>ὥστε</em></strong></span> <span class='ocrx_word' id='word_1_6' title='bbox 1083 367 1425 455; x_wconf 78' lang='grc' dir='ltr'><strong><em>σφοδροὺς</em></strong></span> <span class='ocrx_word' id='word_1_7' title='bbox 1446 369 1752 459; x_wconf 72' lang='grc' dir='ltr'><strong><em>ἑκατέρας</em></strong></span> <span class='ocrx_word' id='word_1_8' title='bbox 1773 375 2135 455; x_wconf 86' lang='grc' dir='ltr'><strong><em>φαίνεσθαι</em></strong></span> <span class='ocrx_word' id='word_1_9' title='bbox 2154 373 2266 443; x_wconf 72' lang='grc' dir='ltr'><strong><em>καὶ</em></strong></span> <span class='ocrx_word' id='word_1_10' title='bbox 2298 381 2337 432; x_wconf 78' lang='lat'><strong><em>&lt;2</em></strong></span> 
     </span>
     <span class='ocr_line' id='line_1_3' title="bbox 262 465 2302 554; baseline 0.002 -20"><span class='ocrx_word' id='word_1_11' title='bbox 262 471 506 550; x_wconf 75' lang='grc' dir='ltr'><strong><em>ἔρωτας</em></strong></span> <span class='ocrx_word' id='word_1_12' title='bbox 546 465 807 532; x_wconf 71' lang='grc' dir='ltr'><strong><em>ἑαυτῶν</em></strong></span> <span class='ocrx_word' id='word_1_13' title='bbox 861 473 1239 546; x_wconf 72' lang='grc' dir='ltr'><strong><em>λυττῶντας</em></strong></span> <span class='ocrx_word' id='word_1_14' title='bbox 1278 480 1416 546; x_wconf 80' lang='grc' dir='ltr'><strong><em>τοῖς</em></strong></span> <span class='ocrx_word' id='word_1_15' title='bbox 1458 465 1753 554; x_wconf 72' lang='grc' dir='ltr'><strong><em>ἄφροσιν</em></strong></span> <span class='ocrx_word' id='word_1_16' title='bbox 1803 471 2120 538; x_wconf 77' lang='grc' dir='ltr'><strong><em>ἐντίκτειν</em></strong></span> <span class='ocrx_word' id='word_1_17' title='bbox 2159 471 2302 539; x_wconf 80' lang='grc' dir='ltr'><strong><em>καὶ.</em></strong></span> 
     </span>
     <span class='ocr_line' id='line_1_4' title="bbox 259 561 2267 652; baseline 0.004 -23"><span class='ocrx_word' id='word_1_18' title='bbox 259 561 742 650; x_wconf 72' lang='grc' dir='ltr'><strong><em>περιμαχήτους</em></strong></span> <span class='ocrx_word' id='word_1_19' title='bbox 777 561 968 648; x_wconf 87' lang='grc' dir='ltr'><strong><em>εἶναι,</em></strong></span> <span class='ocrx_word' id='word_1_20' title='bbox 1004 561 1228 649; x_wconf 67' lang='grc' dir='ltr'><strong><em>ὥσπερ</em></strong></span> <span class='ocrx_word' id='word_1_21' title='bbox 1265 562 1340 633; x_wconf 88' lang='grc' dir='ltr'>τό</span> <span class='ocrx_word' id='word_1_22' title='bbox 1377 570 1495 651; x_wconf 82' lang='grc' dir='ltr'><strong><em>τῆς</em></strong></span> <span class='ocrx_word' id='word_1_23' title='bbox 1528 561 1791 652; x_wconf 81' lang='grc' dir='ltr'><strong><em>Ἑλένης</em></strong></span> <span class='ocrx_word' id='word_1_24' title='bbox 1827 571 2106 636; x_wconf 73' lang='grc' dir='ltr'><strong><em>εἴδωλον</em></strong></span> <span class='ocrx_word' id='word_1_25' title='bbox 2134 566 2267 638; x_wconf 79' lang='grc' dir='ltr'><strong><em>ὑπὸ</em></strong></span> 
     </span>
     <span class='ocr_line' id='line_1_5' title="bbox 258 662 2273 781; baseline 0.003 -55"><span class='ocrx_word' id='word_1_26' title='bbox 258 685 393 727; x_wconf 88' lang='grc' dir='ltr'><strong><em>των</em></strong></span> <span class='ocrx_word' id='word_1_27' title='bbox 443 663 519 727; x_wconf 78' lang='grc' dir='ltr'><strong><em>ἐν</em></strong></span> <span class='ocrx_word' id='word_1_28' title='bbox 568 667 775 781; x_wconf 67' lang='grc' dir='ltr'><strong><em>Τροίᾳ</em></strong></span> <span class='ocrx_word' id='word_1_29' title='bbox 816 662 1225 749; x_wconf 87' lang='grc' dir='ltr'><strong><em>Στησίχορός</em></strong></span> <span class='ocrx_word' id='word_1_30' title='bbox 1264 681 1433 748; x_wconf 87' lang='grc' dir='ltr'><strong><em>φησι</em></strong></span> <span class='ocrx_word' id='word_1_31' title='bbox 1470 664 1787 749; x_wconf 78' lang='grc' dir='ltr'><strong><em>γενέσθαι</em></strong></span> <span class='ocrx_word' id='word_1_32' title='bbox 1828 662 2273 751; x_wconf 78' lang='grc' dir='ltr'><strong><em>περιμάχητον</em></strong></span> 
     </span>
     <span class='ocr_line' id='line_1_6' title="bbox 257 755 2272 847; baseline 0.003 -23"><span class='ocrx_word' id='word_1_33' title='bbox 257 755 497 846; x_wconf 76' lang='grc' dir='ltr'><strong><em>ἀγνοίᾳ</em></strong></span> <span class='ocrx_word' id='word_1_34' title='bbox 531 764 654 825; x_wconf 88' lang='grc' dir='ltr'><strong><em>τοῦ</em></strong></span> <span class='ocrx_word' id='word_1_35' title='bbox 691 755 1028 844; x_wconf 82' lang='grc' dir='ltr'><strong><em>ἀληθοῦς;</em></strong></span> <span class='ocrx_word' id='word_1_36' title='bbox 1071 757 1295 846; x_wconf 79' lang='grc' dir='ltr'><strong><em>Πολλὴ</em></strong></span> <span class='ocrx_word' id='word_1_37' title='bbox 1340 758 1620 847; x_wconf 85' lang='grc' dir='ltr'><strong><em>ἀνάγκη,</em></strong></span> <span class='ocrx_word' id='word_1_38' title='bbox 1667 765 1816 846; x_wconf 78' lang='grc' dir='ltr'><strong><em>ἔφη,</em></strong></span> <span class='ocrx_word' id='word_1_39' title='bbox 1857 762 2170 830; x_wconf 87' lang='grc' dir='ltr'><strong><em>τοιοῦτόν</em></strong></span> <span class='ocrx_word' id='word_1_40' title='bbox 2207 788 2272 830; x_wconf 92' lang='grc' dir='ltr'><strong><em>τι</em></strong></span> 
     </span>
     <span class='ocr_line' id='line_1_7' title="bbox 261 851 640 922; baseline 0.006 -2"><span class='ocrx_word' id='word_1_41' title='bbox 261 851 423 921; x_wconf 79' lang='grc' dir='ltr'><strong><em>αὐτὰ</em></strong></span> <span class='ocrx_word' id='word_1_42' title='bbox 452 852 640 922; x_wconf 83' lang='grc' dir='ltr'><strong><em>εἶναι.</em></strong></span> 
     </span>
    </p>

    <p class='ocr_par' dir='ltr' id='par_1_3' title="bbox 251 949 2405 3191">
     <span class='ocr_line' id='line_1_8' title="bbox 424 949 2270 1042; baseline 0.002 -23"><span class='ocrx_word' id='word_1_43' title='bbox 424 956 527 1019; x_wconf 85' lang='lat' dir='ltr'><strong><em>xl.</em></strong></span> <span class='ocrx_word' id='word_1_44' title='bbox 578 957 664 1020; x_wconf 88' lang='grc' dir='ltr'><strong><em>Τί</em></strong></span> <span class='ocrx_word' id='word_1_45' title='bbox 679 956 780 1030; x_wconf 82' lang='grc' dir='ltr'><strong><em>δέ;</em></strong></span> <span class='ocrx_word' id='word_1_46' title='bbox 803 955 953 1033; x_wconf 77' lang='grc' dir='ltr'><strong><em>περὶ</em></strong></span> <span class='ocrx_word' id='word_1_47' title='bbox 973 978 1048 1019; x_wconf 91' lang='grc' dir='ltr'><strong><em>το</em></strong></span> <span class='ocrx_word' id='word_1_48' title='bbox 1027 950 1421 1038; x_wconf 73' lang='grc' dir='ltr'><strong><em>θυμοειδὲς</em></strong></span> <span class='ocrx_word' id='word_1_49' title='bbox 1435 949 1555 1038; x_wconf 76' lang='grc' dir='ltr'><strong><em>οὐχ</em></strong></span> <span class='ocrx_word' id='word_1_50' title='bbox 1569 954 1759 1040; x_wconf 80' lang='grc' dir='ltr'><strong><em>ἕτερα</em></strong></span> <span class='ocrx_word' id='word_1_51' title='bbox 1777 960 2053 1022; x_wconf 90' lang='grc' dir='ltr'><strong><em>τοιαῦτα</em></strong></span> <span class='ocrx_word' id='word_1_52' title='bbox 2073 952 2270 1042; x_wconf 89' lang='grc' dir='ltr'><strong><em>ἀνάγ-</em></strong></span> 
     </span>
     <span class='ocr_line' id='line_1_9' title="bbox 256 1047 2269 1144; baseline 0.001 -26"><span class='ocrx_word' id='word_1_53' title='bbox 256 1068 340 1136; x_wconf 82' lang='grc' dir='ltr'><strong><em>κη</em></strong></span> <span class='ocrx_word' id='word_1_54' title='bbox 374 1059 747 1136; x_wconf 74' lang='grc' dir='ltr'><strong><em>γίγνεσθαι,</em></strong></span> <span class='ocrx_word' id='word_1_55' title='bbox 784 1047 857 1129; x_wconf 80' lang='grc' dir='ltr'><strong><em>ὂς</em></strong></span> <span class='ocrx_word' id='word_1_56' title='bbox 887 1077 976 1119; x_wconf 90' lang='grc' dir='ltr'><strong><em>αν</em></strong></span> <span class='ocrx_word' id='word_1_57' title='bbox 1009 1049 1173 1119; x_wconf 81' lang='grc' dir='ltr'><strong><em>αὐτὸ</em></strong></span> <span class='ocrx_word' id='word_1_58' title='bbox 1206 1058 1407 1119; x_wconf 89' lang='grc' dir='ltr'><strong><em>τοῦτο</em></strong></span> <span class='ocrx_word' id='word_1_59' title='bbox 1441 1048 1992 1138; x_wconf 79' lang='grc' dir='ltr'><strong><em>διαπράττητάι”</em></strong></span> <span class='ocrx_word' id='word_1_60' title='bbox 1945 1080 1987 1138; x_wconf 91' lang='grc' dir='ltr'><strong><em>η</em></strong></span> <span class='ocrx_word' id='word_1_61' title='bbox 2027 1054 2269 1144; x_wconf 76' lang='grc' dir='ltr'><strong><em>φθόνῳ</em></strong></span> 
     </span>
     <span class='ocr_line' id='line_1_10' title="bbox 258 1141 2272 1239; baseline 0.002 -25"><span class='ocrx_word' id='word_1_62' title='bbox 258 1146 365 1214; x_wconf 76' lang='grc' dir='ltr'><strong><em>διὰ</em></strong></span> <span class='ocrx_word' id='word_1_63' title='bbox 402 1153 783 1233; x_wconf 83' lang='grc' dir='ltr'><strong><em>φιλοτιμίαν</em></strong></span> <span class='ocrx_word' id='word_1_64' title='bbox 816 1141 863 1233; x_wconf 79' lang='grc' dir='ltr'><strong><em>ἦ</em></strong></span> <span class='ocrx_word' id='word_1_65' title='bbox 889 1153 1004 1236; x_wconf 90' lang='grc' dir='ltr'><strong><em>βία</em></strong></span> <span class='ocrx_word' id='word_1_66' title='bbox 1037 1144 1146 1217; x_wconf 81' lang='grc' dir='ltr'><strong><em>διά</em></strong></span> <span class='ocrx_word' id='word_1_67' title='bbox 1170 1153 1551 1233; x_wconf 85' lang='grc' dir='ltr'><strong><em>φιλονικίαν</em></strong></span> <span class='ocrx_word' id='word_1_68' title='bbox 1585 1143 1632 1232; x_wconf 77' lang='grc' dir='ltr'><em>ἢ</em></span> <span class='ocrx_word' id='word_1_69' title='bbox 1662 1157 1869 1239; x_wconf 75' lang='grc' dir='ltr'><strong><em>θυμῷ</em></strong></span> <span class='ocrx_word' id='word_1_70' title='bbox 1891 1148 1999 1217; x_wconf 94' lang='grc' dir='ltr'><strong><em>δια</em></strong></span> <span class='ocrx_word' id='word_1_71' title='bbox 2022 1154 2272 1219; x_wconf 85' lang='grc' dir='ltr'><strong><em>δυσκο-</em></strong></span> 
     </span>
     <span class='ocr_line' id='line_1_11' title="bbox 257 1241 2348 1333; baseline 0 -18"><span class='ocrx_word' id='word_1_72' title='bbox 257 1251 429 1327; x_wconf 85' lang='grc' dir='ltr'><strong><em>λίαν,</em></strong></span> <span class='ocrx_word' id='word_1_73' title='bbox 472 1241 865 1330; x_wconf 84' lang='grc' dir='ltr'><strong><em>πλησμονὴν</em></strong></span> <span class='ocrx_word' id='word_1_74' title='bbox 898 1253 1089 1332; x_wconf 84' lang='grc' dir='ltr'><strong><em>τιμῆς</em></strong></span> <span class='ocrx_word' id='word_1_75' title='bbox 1126 1270 1198 1313; x_wconf 92' lang='grc' dir='ltr'><strong><em>τε</em></strong></span> <span class='ocrx_word' id='word_1_76' title='bbox 1230 1244 1343 1313; x_wconf 82' lang='grc' dir='ltr'><strong><em>καὶ</em></strong></span> <span class='ocrx_word' id='word_1_77' title='bbox 1377 1251 1566 1331; x_wconf 86' lang='grc' dir='ltr'><strong><em>νίκης</em></strong></span> <span class='ocrx_word' id='word_1_78' title='bbox 1598 1247 1711 1314; x_wconf 83' lang='grc' dir='ltr'><strong><em>καὶ</em></strong></span> <span class='ocrx_word' id='word_1_79' title='bbox 1739 1254 1974 1333; x_wconf 85' lang='grc' dir='ltr'><strong><em>θυμοῦ</em></strong></span> <span class='ocrx_word' id='word_1_80' title='bbox 2007 1248 2272 1317; x_wconf 88' lang='grc' dir='ltr'><strong><em>διώκων</em></strong></span> <span class='ocrx_word' id='word_1_81' title='bbox 2305 1272 2348 1322; x_wconf 78' lang='lat'><strong><em>1&gt;</em></strong></span> 
     </span>
     <span class='ocr_line' id='line_1_12' title="bbox 259 1334 2273 1430; baseline 0.001 -21"><span class='ocrx_word' id='word_1_82' title='bbox 259 1367 424 1409; x_wconf 88' lang='grc' dir='ltr'><strong><em>ανευ</em></strong></span> <span class='ocrx_word' id='word_1_83' title='bbox 445 1346 769 1428; x_wconf 77' lang='grc' dir='ltr'><strong><em>λογισμοῦ</em></strong></span> <span class='ocrx_word' id='word_1_84' title='bbox 787 1367 859 1409; x_wconf 90' lang='grc' dir='ltr'><strong><em>τε</em></strong></span> <span class='ocrx_word' id='word_1_85' title='bbox 879 1343 991 1409; x_wconf 84' lang='grc' dir='ltr'><strong><em>καὶ</em></strong></span> <span class='ocrx_word' id='word_1_86' title='bbox 1012 1347 1172 1420; x_wconf 87' lang='grc' dir='ltr'><strong><em>νοῦ;</em></strong></span> <span class='ocrx_word' id='word_1_87' title='bbox 1220 1348 1532 1427; x_wconf 85' lang='grc' dir='ltr'><strong><em>Τοιαῦτα,</em></strong></span> <span class='ocrx_word' id='word_1_88' title='bbox 1558 1334 1604 1429; x_wconf 80' lang='grc' dir='ltr'><strong><em>ἦ</em></strong></span> <span class='ocrx_word' id='word_1_89' title='bbox 1636 1341 1704 1410; x_wconf 86' lang='grc' dir='ltr'><strong><em>δ’</em></strong></span> <span class='ocrx_word' id='word_1_90' title='bbox 1737 1368 1835 1430; x_wconf 87' lang='grc' dir='ltr'><strong><em>ος,</em></strong></span> <span class='ocrx_word' id='word_1_91' title='bbox 1868 1341 2125 1430; x_wconf 87' lang='grc' dir='ltr'><strong><em>ἀνάγκη</em></strong></span> <span class='ocrx_word' id='word_1_92' title='bbox 2162 1347 2273 1412; x_wconf 86' lang='grc' dir='ltr'><strong><em>καὶ</em></strong></span> 
     </span>
     <span class='ocr_line' id='line_1_13' title="bbox 256 1429 2273 1527; baseline 0.001 -21"><span class='ocrx_word' id='word_1_93' title='bbox 256 1440 627 1524; x_wconf 56' lang='grc' dir='ltr'><strong><em>περὶτοῦτο</em></strong></span> <span class='ocrx_word' id='word_1_94' title='bbox 651 1439 836 1508; x_wconf 84' lang='grc' dir='ltr'><strong><em>εἶναι.</em></strong></span> <span class='ocrx_word' id='word_1_95' title='bbox 882 1443 970 1507; x_wconf 89' lang='grc' dir='ltr'><strong><em>Τί</em></strong></span> <span class='ocrx_word' id='word_1_96' title='bbox 985 1429 1149 1521; x_wconf 65' lang='grc' dir='ltr'><strong><em>οὖν,</em></strong></span> <span class='ocrx_word' id='word_1_97' title='bbox 1181 1430 1272 1525; x_wconf 80' lang='grc' dir='ltr'><strong><em>ἦν</em></strong></span> <span class='ocrx_word' id='word_1_98' title='bbox 1305 1436 1370 1505; x_wconf 87' lang='grc' dir='ltr'><strong><em>δ’</em></strong></span> <span class='ocrx_word' id='word_1_99' title='bbox 1405 1438 1570 1524; x_wconf 80' lang='grc' dir='ltr'><strong><em>ἐγώ·</em></strong></span> <span class='ocrx_word' id='word_1_100' title='bbox 1612 1447 2031 1527; x_wconf 78' lang='grc' dir='ltr'><strong><em>θαρροῦντες</em></strong></span> <span class='ocrx_word' id='word_1_101' title='bbox 2063 1445 2273 1527; x_wconf 82' lang='grc' dir='ltr'><strong><em>λέγω-</em></strong></span> 
     </span>
     <span class='ocr_line' id='line_1_14' title="bbox 258 1535 2268 1626; baseline 0.002 -21"><span class='ocrx_word' id='word_1_102' title='bbox 258 1564 403 1626; x_wconf 89' lang='grc' dir='ltr'><strong><em>μεν,</em></strong></span> <span class='ocrx_word' id='word_1_103' title='bbox 446 1564 549 1606; x_wconf 91' lang='grc' dir='ltr'><strong><em>οτι</em></strong></span> <span class='ocrx_word' id='word_1_104' title='bbox 593 1540 704 1607; x_wconf 81' lang='grc' dir='ltr'><strong><em>καὶ</em></strong></span> <span class='ocrx_word' id='word_1_105' title='bbox 740 1541 890 1625; x_wconf 88' lang='grc' dir='ltr'><strong><em>περὶ</em></strong></span> <span class='ocrx_word' id='word_1_106' title='bbox 930 1535 1006 1606; x_wconf 81' lang='grc' dir='ltr'><strong><em>τὸ</em></strong></span> <span class='ocrx_word' id='word_1_107' title='bbox 1043 1537 1431 1624; x_wconf 74' lang='grc' dir='ltr'><strong><em>φιλοκερδὲς</em></strong></span> <span class='ocrx_word' id='word_1_108' title='bbox 1469 1541 1580 1606; x_wconf 77' lang='grc' dir='ltr'><strong><em>καὶ</em></strong></span> <span class='ocrx_word' id='word_1_109' title='bbox 1620 1539 1695 1605; x_wconf 84' lang='grc' dir='ltr'><strong><em>τὸ</em></strong></span> <span class='ocrx_word' id='word_1_110' title='bbox 1731 1539 2079 1624; x_wconf 79' lang='grc' dir='ltr'><strong><em>φιλόνικον</em></strong></span> <span class='ocrx_word' id='word_1_111' title='bbox 2113 1539 2268 1609; x_wconf 80' lang='grc' dir='ltr'><strong><em>ὅσαι</em></strong></span> 
     </span>
     <span class='ocr_line' id='line_1_15' title="bbox 261 1631 2268 1728; baseline 0.001 -24"><span class='ocrx_word' id='word_1_112' title='bbox 261 1637 607 1721; x_wconf 79' lang='grc' dir='ltr'><strong><em>ἐπιθυμίαι</em></strong></span> <span class='ocrx_word' id='word_1_113' title='bbox 627 1641 816 1716; x_wconf 84' lang='grc' dir='ltr'><strong><em>εἰσίν,</em></strong></span> <span class='ocrx_word' id='word_1_114' title='bbox 841 1641 917 1704; x_wconf 84' lang='grc' dir='ltr'><strong><em>αἳ</em></strong></span> <span class='ocrx_word' id='word_1_115' title='bbox 930 1631 1123 1721; x_wconf 50' lang='lat' dir='ltr'><strong><em>ubst*</em></strong></span> <span class='ocrx_word' id='word_1_116' title='bbox 1077 1662 1166 1704; x_wconf 92' lang='grc' dir='ltr'><strong><em>αν</em></strong></span> <span class='ocrx_word' id='word_1_117' title='bbox 1198 1643 1283 1722; x_wconf 82' lang='grc' dir='ltr'><strong><em>τῇ</em></strong></span> <span class='ocrx_word' id='word_1_118' title='bbox 1317 1637 1638 1723; x_wconf 75' lang='grc' dir='ltr'><strong><em>ἐπιστήμῃ</em></strong></span> <span class='ocrx_word' id='word_1_119' title='bbox 1667 1637 1779 1705; x_wconf 83' lang='grc' dir='ltr'><strong><em>καὶ</em></strong></span> <span class='ocrx_word' id='word_1_120' title='bbox 1809 1636 1991 1728; x_wconf 71' lang='grc' dir='ltr'><strong><em>λόγῳ</em></strong></span> <span class='ocrx_word' id='word_1_121' title='bbox 2026 1639 2268 1724; x_wconf 81' lang='grc' dir='ltr'><strong><em>ἑπόμε-</em></strong></span> 
     </span>
     <span class='ocr_line' id='line_1_16' title="bbox 261 1729 2268 1820; baseline 0.001 -20"><span class='ocrx_word' id='word_1_122' title='bbox 261 1759 371 1800; x_wconf 90' lang='grc' dir='ltr'><strong><em>ναι</em></strong></span> <span class='ocrx_word' id='word_1_123' title='bbox 412 1734 523 1800; x_wconf 82' lang='grc' dir='ltr'><strong><em>καὶ</em></strong></span> <span class='ocrx_word' id='word_1_124' title='bbox 564 1731 725 1819; x_wconf 79' lang='grc' dir='ltr'><strong><em>μετὰ</em></strong></span> <span class='ocrx_word' id='word_1_125' title='bbox 768 1732 1029 1800; x_wconf 78' lang='grc' dir='ltr'><strong><em>τούτων</em></strong></span> <span class='ocrx_word' id='word_1_126' title='bbox 1071 1730 1190 1811; x_wconf 80' lang='grc' dir='ltr'><strong><em>τὰς</em></strong></span> <span class='ocrx_word' id='word_1_127' title='bbox 1222 1730 1470 1820; x_wconf 78' lang='grc' dir='ltr'><strong><em>ἡδονὰς</em></strong></span> <span class='ocrx_word' id='word_1_128' title='bbox 1514 1733 1896 1820; x_wconf 73' lang='grc' dir='ltr'><strong><em>διώκουσαι,</em></strong></span> <span class='ocrx_word' id='word_1_129' title='bbox 1942 1733 2021 1813; x_wconf 71' lang='grc' dir='ltr'><strong><em>ἃς</em></strong></span> <span class='ocrx_word' id='word_1_130' title='bbox 2063 1729 2152 1802; x_wconf 77' lang='grc' dir='ltr'><strong><em>ἀν</em></strong></span> <span class='ocrx_word' id='word_1_131' title='bbox 2192 1735 2268 1803; x_wconf 81' lang='grc' dir='ltr'><strong><em>τὸ</em></strong></span> 
     </span>
     <span class='ocr_line' id='line_1_17' title="bbox 257 1828 2272 1920; baseline 0.001 -20"><span class='ocrx_word' id='word_1_132' title='bbox 257 1832 595 1918; x_wconf 85' lang='grc' dir='ltr'><strong><em>φρόνιμον</em></strong></span> <span class='ocrx_word' id='word_1_133' title='bbox 613 1834 941 1918; x_wconf 76' lang='grc' dir='ltr'><strong><em>ἐξηγῆται,</em></strong></span> <span class='ocrx_word' id='word_1_134' title='bbox 963 1831 1373 1919; x_wconf 83' lang='grc' dir='ltr'><strong><em>λαμβάνωσι,</em></strong></span> <span class='ocrx_word' id='word_1_135' title='bbox 1407 1828 1526 1910; x_wconf 76' lang='grc' dir='ltr'><strong><em>τὰς</em></strong></span> <span class='ocrx_word' id='word_1_136' title='bbox 1559 1829 2014 1919; x_wconf 75' lang='grc' dir='ltr'><strong><em>ἀληθεστάτας</em></strong></span> <span class='ocrx_word' id='word_1_137' title='bbox 2046 1858 2118 1899; x_wconf 89' lang='grc' dir='ltr'><strong><em>τε</em></strong></span> <span class='ocrx_word' id='word_1_138' title='bbox 2150 1833 2272 1920; x_wconf 83' lang='grc' dir='ltr'><strong><em>λή-</em></strong></span> 
     </span>
     <span class='ocr_line' id='line_1_18' title="bbox 256 1923 2273 2022; baseline 0.001 -25"><span class='ocrx_word' id='word_1_139' title='bbox 256 1942 518 2014; x_wconf 82' lang='grc' dir='ltr'><strong><em>ψονται,</em></strong></span> <span class='ocrx_word' id='word_1_140' title='bbox 556 1926 643 2007; x_wconf 74' lang='grc' dir='ltr'><strong><em>ὥς</em></strong></span> <span class='ocrx_word' id='word_1_141' title='bbox 675 1923 822 1998; x_wconf 85' lang='grc' dir='ltr'><strong><em>οἷόν</em></strong></span> <span class='ocrx_word' id='word_1_142' title='bbox 855 1954 930 1998; x_wconf 87' lang='grc' dir='ltr'><strong><em>τε</em></strong></span> <span class='ocrx_word' id='word_1_143' title='bbox 966 1927 1196 2009; x_wconf 80' lang='grc' dir='ltr'><strong><em>αὐταῖς</em></strong></span> <span class='ocrx_word' id='word_1_144' title='bbox 1227 1927 1500 2017; x_wconf 77' lang='grc' dir='ltr'><strong><em>ἀληθεῖς</em></strong></span> <span class='ocrx_word' id='word_1_145' title='bbox 1541 1936 1793 2018; x_wconf 79' lang='grc' dir='ltr'><strong><em>λαβεῖν,</em></strong></span> <span class='ocrx_word' id='word_1_146' title='bbox 1830 1928 1945 1999; x_wconf 77' lang='grc' dir='ltr'><strong><em>ἅτε</em></strong></span> <span class='ocrx_word' id='word_1_147' title='bbox 1987 1927 2273 2022; x_wconf 90' lang='grc' dir='ltr'><strong><em>ἀληθεία</em></strong></span> 
     </span>
     <span class='ocr_line' id='line_1_19' title="bbox 257 2024 2343 2116; baseline 0.001 -21"><span class='ocrx_word' id='word_1_148' title='bbox 257 2029 617 2113; x_wconf 77' lang='grc' dir='ltr'><strong><em>ἑπομένων,</em></strong></span> <span class='ocrx_word' id='word_1_149' title='bbox 656 2030 767 2095; x_wconf 86' lang='grc' dir='ltr'><strong><em>καὶ</em></strong></span> <span class='ocrx_word' id='word_1_150' title='bbox 799 2024 918 2107; x_wconf 83' lang='grc' dir='ltr'><strong><em>τάς</em></strong></span> <span class='ocrx_word' id='word_1_151' title='bbox 973 2029 1232 2097; x_wconf 77' lang='grc' dir='ltr'><strong><em>ἑαυτῶν</em></strong></span> <span class='ocrx_word' id='word_1_152' title='bbox 1276 2033 1539 2112; x_wconf 84' lang='grc' dir='ltr'><strong><em>οἰκείας,</em></strong></span> <span class='ocrx_word' id='word_1_153' title='bbox 1585 2036 1771 2113; x_wconf 74' lang='grc' dir='ltr'><strong><em>εἴπερ</em></strong></span> <span class='ocrx_word' id='word_1_154' title='bbox 1810 2028 1885 2096; x_wconf 82' lang='grc' dir='ltr'><strong><em>τὸ</em></strong></span> <span class='ocrx_word' id='word_1_155' title='bbox 1929 2032 2272 2116; x_wconf 78' lang='grc' dir='ltr'><strong><em>βέλτιστον</em></strong></span> <span class='ocrx_word' id='word_1_156' title='bbox 2300 2060 2343 2110; x_wconf 75' lang='lat' dir='ltr'>E</span> 
     </span>
     <span class='ocr_line' id='line_1_20' title="bbox 255 2121 2273 2211; baseline 0.002 -20"><span class='ocrx_word' id='word_1_157' title='bbox 255 2124 509 2192; x_wconf 77' lang='grc' dir='ltr'><strong><em>ἑκάστω</em></strong></span> <span class='ocrx_word' id='word_1_158' title='bbox 543 2131 741 2191; x_wconf 88' lang='grc' dir='ltr'><strong><em>τοῦτο</em></strong></span> <span class='ocrx_word' id='word_1_159' title='bbox 764 2125 878 2193; x_wconf 86' lang='grc' dir='ltr'><strong><em>καὶ</em></strong></span> <span class='ocrx_word' id='word_1_160' title='bbox 899 2124 1344 2206; x_wconf 80' lang='grc' dir='ltr'><strong><em>οἰκειότατον,</em></strong></span> <span class='ocrx_word' id='word_1_161' title='bbox 1382 2121 1574 2193; x_wconf 84' lang='grc' dir='ltr'><strong><em>Ἀλλά</em></strong></span> <span class='ocrx_word' id='word_1_162' title='bbox 1594 2125 1751 2211; x_wconf 82' lang='grc' dir='ltr'><strong><em>μήν,</em></strong></span> <span class='ocrx_word' id='word_1_163' title='bbox 1774 2130 1925 2211; x_wconf 79' lang='grc' dir='ltr'><strong><em>ἔφη,</em></strong></span> <span class='ocrx_word' id='word_1_164' title='bbox 1948 2127 2273 2195; x_wconf 80' lang='grc' dir='ltr'><strong><em>οἰκειότα-</em></strong></span> 
     </span>
     <span class='ocr_line' id='line_1_21' title="bbox 254 2213 2272 2311; baseline 0.001 -22"><span class='ocrx_word' id='word_1_165' title='bbox 254 2221 376 2289; x_wconf 87' lang='grc' dir='ltr'><strong><em>τόν</em></strong></span> <span class='ocrx_word' id='word_1_166' title='bbox 406 2245 501 2305; x_wconf 91' lang='grc' dir='ltr'><strong><em>γε.</em></strong></span> <span class='ocrx_word' id='word_1_167' title='bbox 551 2226 663 2309; x_wconf 74' lang='grc' dir='ltr'><strong><em>Τῷ</em></strong></span> <span class='ocrx_word' id='word_1_168' title='bbox 696 2217 1045 2311; x_wconf 73' lang='grc' dir='ltr'><strong><em>φιλοσόφῳ</em></strong></span> <span class='ocrx_word' id='word_1_169' title='bbox 1081 2221 1215 2306; x_wconf 85' lang='grc' dir='ltr'><strong><em>α’ρα</em></strong></span> <span class='ocrx_word' id='word_1_170' title='bbox 1251 2224 1576 2310; x_wconf 80' lang='grc' dir='ltr'><strong><em>ἑπομένης</em></strong></span> <span class='ocrx_word' id='word_1_171' title='bbox 1609 2219 1869 2310; x_wconf 81' lang='grc' dir='ltr'><strong><em>ἁπάσης</em></strong></span> <span class='ocrx_word' id='word_1_172' title='bbox 1908 2231 2026 2308; x_wconf 82' lang='grc' dir='ltr'><strong><em>τῆς</em></strong></span> <span class='ocrx_word' id='word_1_173' title='bbox 2057 2213 2272 2310; x_wconf 71' lang='grc' dir='ltr'><strong><em>ψυχῆς</em></strong></span> 
     </span>
     <span class='ocr_line' id='line_1_22' title="bbox 254 2312 2271 2409; baseline 0 -24"><span class='ocrx_word' id='word_1_174' title='bbox 254 2320 366 2385; x_wconf 85' lang='grc' dir='ltr'><strong><em>καὶ</em></strong></span> <span class='ocrx_word' id='word_1_175' title='bbox 376 2316 466 2404; x_wconf 83' lang='grc' dir='ltr'><strong><em>μὴ</em></strong></span> <span class='ocrx_word' id='word_1_176' title='bbox 483 2318 955 2405; x_wconf 76' lang='grc' dir='ltr'><strong><em>στασιαζούσης</em></strong></span> <span class='ocrx_word' id='word_1_177' title='bbox 975 2317 1226 2409; x_wconf 79' lang='grc' dir='ltr'><strong><em>ἑκάστω</em></strong></span> <span class='ocrx_word' id='word_1_178' title='bbox 1247 2344 1342 2409; x_wconf 94' lang='grc' dir='ltr'><strong><em>τω</em></strong></span> <span class='ocrx_word' id='word_1_179' title='bbox 1356 2323 1540 2408; x_wconf 81' lang='grc' dir='ltr'><strong><em>μέρει</em></strong></span> <span class='ocrx_word' id='word_1_180' title='bbox 1554 2315 1836 2404; x_wconf 79' lang='grc' dir='ltr'><strong><em>ὑπάρχει</em></strong></span> <span class='ocrx_word' id='word_1_181' title='bbox 1857 2328 1950 2398; x_wconf 77' lang='grc' dir='ltr'><strong><em>εἰς</em></strong></span> <span class='ocrx_word' id='word_1_182' title='bbox 1969 2345 2041 2387; x_wconf 89' lang='grc' dir='ltr'><strong><em>τε</em></strong></span> <span class='ocrx_word' id='word_1_183' title='bbox 2062 2312 2271 2388; x_wconf 78' lang='grc' dir='ltr'><strong><em>τᾶλλα</em></strong></span> 
     </span>
     <span class='ocr_line' id='line_1_23' title="bbox 253 2414 2270 2506; baseline 0 -23"><span class='ocrx_word' id='word_1_184' title='bbox 253 2442 335 2484; x_wconf 88' lang='grc' dir='ltr'><strong><em>τα</em></strong></span> <span class='ocrx_word' id='word_1_185' title='bbox 362 2416 607 2483; x_wconf 80' lang='grc' dir='ltr'><strong><em>ἑαυτοῦ</em></strong></span> <span class='ocrx_word' id='word_1_186' title='bbox 627 2415 942 2502; x_wconf 87' lang='grc' dir='ltr'><strong><em>πράττειν</em></strong></span> <span class='ocrx_word' id='word_1_187' title='bbox 958 2416 1069 2484; x_wconf 83' lang='grc' dir='ltr'><strong><em>καὶ</em></strong></span> <span class='ocrx_word' id='word_1_188' title='bbox 1093 2419 1323 2506; x_wconf 82' lang='grc' dir='ltr'><strong><em>δικαίφ</em></strong></span> <span class='ocrx_word' id='word_1_189' title='bbox 1347 2414 1537 2501; x_wconf 83' lang='grc' dir='ltr'><strong><em>εἶναι,</em></strong></span> <span class='ocrx_word' id='word_1_190' title='bbox 1559 2417 1673 2485; x_wconf 81' lang='grc' dir='ltr'><strong><em>καὶ</em></strong></span> <span class='ocrx_word' id='word_1_191' title='bbox 1706 2414 1788 2501; x_wconf 79' lang='grc' dir='ltr'><strong><em>δὴ</em></strong></span> <span class='ocrx_word' id='word_1_192' title='bbox 1823 2418 1934 2485; x_wconf 89' lang='grc' dir='ltr'><strong><em>καὶ</em></strong></span> <span class='ocrx_word' id='word_1_193' title='bbox 1959 2416 2077 2496; x_wconf 81' lang='grc' dir='ltr'><strong><em>τάς</em></strong></span> <span class='ocrx_word' id='word_1_194' title='bbox 2105 2414 2270 2503; x_wconf 87' lang='grc' dir='ltr'><strong><em>ἡδο-</em></strong></span> 
     </span>
     <span class='ocr_line' id='line_1_24' title="bbox 253 2502 2271 2601; baseline 0.001 -22"><span class='ocrx_word' id='word_1_195' title='bbox 253 2539 375 2592; x_wconf 85' lang='grc' dir='ltr'><strong><em>νας</em></strong></span> <span class='ocrx_word' id='word_1_196' title='bbox 396 2511 515 2591; x_wconf 82' lang='grc' dir='ltr'><strong><em>τὰς</em></strong></span> <span class='ocrx_word' id='word_1_197' title='bbox 541 2513 847 2581; x_wconf 75' lang='grc' dir='ltr'><strong><em>ἑαυτοῦ”</em></strong></span> <span class='ocrx_word' id='word_1_198' title='bbox 806 2531 1086 2581; x_wconf 85' lang='grc' dir='ltr'><strong><em>εκάστον</em></strong></span> <span class='ocrx_word' id='word_1_199' title='bbox 1107 2502 1358 2592; x_wconf 77' lang='grc' dir='ltr'><strong><em>καὶτὰς</em></strong></span> <span class='ocrx_word' id='word_1_200' title='bbox 1385 2519 1725 2601; x_wconf 82' lang='grc' dir='ltr'><strong><em>βελτίστας</em></strong></span> <span class='ocrx_word' id='word_1_201' title='bbox 1760 2516 1872 2582; x_wconf 89' lang='grc' dir='ltr'><strong><em>καὶ</em></strong></span> <span class='ocrx_word' id='word_1_202' title='bbox 1908 2518 2000 2592; x_wconf 86' lang='grc' dir='ltr'><strong><em>είς</em></strong></span> <span class='ocrx_word' id='word_1_203' title='bbox 2032 2511 2107 2581; x_wconf 88' lang='grc' dir='ltr'><strong>τό</strong></span> <span class='ocrx_word' id='word_1_204' title='bbox 2148 2519 2271 2582; x_wconf 90' lang='grc' dir='ltr'><strong><em>δυ-</em></strong></span> 
     </span>
     <span class='ocr_line' id='line_1_25' title="bbox 254 2606 2405 2701; baseline 0.001 -24"><span class='ocrx_word' id='word_1_205' title='bbox 254 2610 459 2678; x_wconf 79' lang='grc' dir='ltr'><strong><em>νατὸν</em></strong></span> <span class='ocrx_word' id='word_1_206' title='bbox 500 2608 618 2689; x_wconf 80' lang='grc' dir='ltr'><strong><em>τὰς</em></strong></span> <span class='ocrx_word' id='word_1_207' title='bbox 662 2608 1116 2697; x_wconf 84' lang='grc' dir='ltr'><strong><em>ἀληθεστάτας</em></strong></span> <span class='ocrx_word' id='word_1_208' title='bbox 1156 2619 1608 2701; x_wconf 75' lang='grc' dir='ltr'><strong><em>καρποῦσθαι.</em></strong></span> <span class='ocrx_word' id='word_1_209' title='bbox 1663 2618 1928 2701; x_wconf 79' lang='grc' dir='ltr'><strong><em>Κομιδῇ</em></strong></span> <span class='ocrx_word' id='word_1_210' title='bbox 1962 2616 2084 2699; x_wconf 76' lang='grc' dir='ltr'><strong><em>μὲν</em></strong></span> <span class='ocrx_word' id='word_1_211' title='bbox 2123 2606 2269 2680; x_wconf 79' lang='grc' dir='ltr'><strong><em>οὖν.</em></strong></span> <span class='ocrx_word' id='word_1_212' title='bbox 2304 2630 2405 2688; x_wconf 78' lang='grc'><strong><em>587</em></strong></span> 
     </span>
     <span class='ocr_line' id='line_1_26' title="bbox 241 2706 2270 2800; baseline 0.002 -24.042"><span class='ocrx_word' id='word_1_213' title='bbox 241 2706 443 2776; x_wconf 82' lang='grc' dir='ltr'><strong><em>Ὅταν</em></strong></span> <span class='ocrx_word' id='word_1_214' title='bbox 468 2707 610 2776; x_wconf 71' lang='grc' dir='ltr'><strong><em>δὲ”</em></strong></span> <span class='ocrx_word' id='word_1_215' title='bbox 566 2734 698 2796; x_wconf 90' lang='grc' dir='ltr'><strong><em>αρα</em></strong></span> <span class='ocrx_word' id='word_1_216' title='bbox 723 2735 862 2777; x_wconf 88' lang='grc' dir='ltr'><strong><em>των</em></strong></span> <span class='ocrx_word' id='word_1_217' title='bbox 882 2712 1123 2797; x_wconf 80' lang='grc' dir='ltr'><strong><em>ἑτέρων</em></strong></span> <span class='ocrx_word' id='word_1_218' title='bbox 1144 2738 1207 2778; x_wconf 93' lang='grc' dir='ltr'><strong><em>τι</em></strong></span> <span class='ocrx_word' id='word_1_219' title='bbox 1229 2711 1548 2799; x_wconf 75' lang='grc' dir='ltr'><strong><em>κρατήσῃ,</em></strong></span> <span class='ocrx_word' id='word_1_220' title='bbox 1572 2707 1854 2796; x_wconf 80' lang='grc' dir='ltr'><strong><em>ὑπάρχει</em></strong></span> <span class='ocrx_word' id='word_1_221' title='bbox 1887 2708 2074 2800; x_wconf 82' lang='grc' dir='ltr'><strong><em>αὐτω</em></strong></span> <span class='ocrx_word' id='word_1_222' title='bbox 2107 2712 2270 2798; x_wconf 79' lang='grc' dir='ltr'><strong><em>μήτε</em></strong></span> 
     </span>
     <span class='ocr_line' id='line_1_27' title="bbox 252 2805 2270 2897; baseline 0.002 -22"><span class='ocrx_word' id='word_1_223' title='bbox 252 2809 375 2895; x_wconf 79' lang='grc' dir='ltr'><strong><em>τὴν</em></strong></span> <span class='ocrx_word' id='word_1_224' title='bbox 418 2809 661 2877; x_wconf 82' lang='grc' dir='ltr'><strong><em>ἑαυτοῦ</em></strong></span> <span class='ocrx_word' id='word_1_225' title='bbox 700 2805 954 2896; x_wconf 85' lang='grc' dir='ltr'><strong><em>ἡδονην</em></strong></span> <span class='ocrx_word' id='word_1_226' title='bbox 991 2813 1423 2897; x_wconf 79' lang='grc' dir='ltr'><strong><em>ἐξευρίσκειν,</em></strong></span> <span class='ocrx_word' id='word_1_227' title='bbox 1458 2811 1541 2879; x_wconf 88' lang='grc' dir='ltr'><strong><em>τά</em></strong></span> <span class='ocrx_word' id='word_1_228' title='bbox 1583 2835 1656 2879; x_wconf 85' lang='grc' dir='ltr'><strong><em>τε</em></strong></span> <span class='ocrx_word' id='word_1_229' title='bbox 1688 2806 1840 2879; x_wconf 84' lang='grc' dir='ltr'><strong><em>αλλ’</em></strong></span> <span class='ocrx_word' id='word_1_230' title='bbox 1875 2807 2270 2897; x_wconf 78' lang='grc' dir='ltr'><strong><em>ἀναγκάζειν</em></strong></span> 
     </span>
     <span class='ocr_line' id='line_1_28' title="bbox 252 2901 2266 2996; baseline 0 -21"><span class='ocrx_word' id='word_1_231' title='bbox 252 2907 607 2994; x_wconf 85' lang='grc' dir='ltr'><strong><em>ἀλλοτρίαν</em></strong></span> <span class='ocrx_word' id='word_1_232' title='bbox 640 2901 753 2975; x_wconf 84' lang='grc' dir='ltr'><strong><em>καὶ</em></strong></span> <span class='ocrx_word' id='word_1_233' title='bbox 783 2905 880 2995; x_wconf 81' lang='grc' dir='ltr'><strong><em>μὴ</em></strong></span> <span class='ocrx_word' id='word_1_234' title='bbox 914 2904 1141 2995; x_wconf 82' lang='grc' dir='ltr'><strong><em>ἀληθῆ</em></strong></span> <span class='ocrx_word' id='word_1_235' title='bbox 1166 2905 1425 2996; x_wconf 82' lang='grc' dir='ltr'><strong><em>ἡδονὴν</em></strong></span> <span class='ocrx_word' id='word_1_236' title='bbox 1468 2907 1752 2976; x_wconf 88' lang='grc' dir='ltr'><strong><em>διώκειν.</em></strong></span> <span class='ocrx_word' id='word_1_237' title='bbox 1812 2906 2068 2994; x_wconf 84' lang='grc' dir='ltr'><strong><em>Οῦτως,</em></strong></span> <span class='ocrx_word' id='word_1_238' title='bbox 2120 2914 2266 2996; x_wconf 75' lang='grc' dir='ltr'><strong><em>ἔφη.</em></strong></span> 
     </span>
     <span class='ocr_line' id='line_1_29' title="bbox 255 3002 2266 3094; baseline 0.001 -21"><span class='ocrx_word' id='word_1_239' title='bbox 255 3002 530 3073; x_wconf 78' lang='grc' dir='ltr'><strong><em>Οὐκοῦν</em></strong></span> <span class='ocrx_word' id='word_1_240' title='bbox 566 3002 611 3071; x_wconf 78' lang='grc' dir='ltr'><strong><em>ὁὶ</em></strong></span> <span class='ocrx_word' id='word_1_241' title='bbox 642 3012 954 3073; x_wconf 76' lang='grc' dir='ltr'><strong><em>πλεῖστον</em></strong></span> <span class='ocrx_word' id='word_1_242' title='bbox 987 3014 1388 3093; x_wconf 82' lang='grc' dir='ltr'><strong><em>φιλοσοφίας</em></strong></span> <span class='ocrx_word' id='word_1_243' title='bbox 1421 3032 1495 3076; x_wconf 84' lang='grc' dir='ltr'><strong><em>τε</em></strong></span> <span class='ocrx_word' id='word_1_244' title='bbox 1525 3007 1638 3074; x_wconf 89' lang='grc' dir='ltr'><strong><em>καὶ</em></strong></span> <span class='ocrx_word' id='word_1_245' title='bbox 1669 3005 1880 3092; x_wconf 87' lang='grc' dir='ltr'><strong><em>λόγου</em></strong></span> <span class='ocrx_word' id='word_1_246' title='bbox 1912 3003 2266 3094; x_wconf 80' lang='grc' dir='ltr'><strong><em>ἀφέστηκε,</em></strong></span> 
     </span>
     <span class='ocr_line' id='line_1_30' title="bbox 251 3096 2270 3191; baseline 0 -20"><span class='ocrx_word' id='word_1_247' title='bbox 251 3098 512 3189; x_wconf 86' lang='grc' dir='ltr'><strong><em>μάλιστ’</em></strong></span> <span class='ocrx_word' id='word_1_248' title='bbox 554 3096 641 3168; x_wconf 74' lang='grc' dir='ltr'><strong><em>ἄν</em></strong></span> <span class='ocrx_word' id='word_1_249' title='bbox 672 3109 946 3172; x_wconf 88' lang='grc' dir='ltr'><strong><em>τοιαῦτα</em></strong></span> <span class='ocrx_word' id='word_1_250' title='bbox 979 3104 1413 3191; x_wconf 78' lang='grc' dir='ltr'><strong><em>ἐξεργάζοιτο;</em></strong></span> <span class='ocrx_word' id='word_1_251' title='bbox 1452 3104 1645 3173; x_wconf 79' lang='grc' dir='ltr'><strong><em>Πολύ</em></strong></span> <span class='ocrx_word' id='word_1_252' title='bbox 1681 3130 1775 3190; x_wconf 89' lang='grc' dir='ltr'><strong><em>γε.</em></strong></span> <span class='ocrx_word' id='word_1_253' title='bbox 1836 3112 2162 3173; x_wconf 78' lang='grc' dir='ltr'><strong><em>Πλεῖστον</em></strong></span> <span class='ocrx_word' id='word_1_254' title='bbox 2197 3108 2270 3172; x_wconf 75' lang='grc' dir='ltr'><strong><em>δὲ</em></strong></span> 
     </span>
    </p>
   </div>
   <div class='ocr_carea' id='block_1_3' title="bbox 115 3199 2270 3288">
    <p class='ocr_par' dir='ltr' id='par_1_4' title="bbox 115 3199 2270 3288">
     <span class='ocr_line' id='line_1_31' title="bbox 115 3199 2270 3288; baseline 0.001 -21"><span class='ocrx_word' id='word_1_255' title='bbox 115 3199 118 3202; x_wconf 67' lang='grc'><strong>’</strong></span> <span class='ocrx_word' id='word_1_256' title='bbox 251 3199 460 3286; x_wconf 85' lang='grc' dir='ltr'><strong><em>λόγου</em></strong></span> <span class='ocrx_word' id='word_1_257' title='bbox 499 3199 855 3286; x_wconf 88' lang='grc' dir='ltr'><strong><em>ἀφίσταται</em></strong></span> <span class='ocrx_word' id='word_1_258' title='bbox 874 3201 996 3286; x_wconf 78' lang='grc' dir='ltr'><strong><em>οὐχ</em></strong></span> <span class='ocrx_word' id='word_1_259' title='bbox 1025 3201 1189 3287; x_wconf 80' lang='grc' dir='ltr'><strong><em>ὅπερ</em></strong></span> <span class='ocrx_word' id='word_1_260' title='bbox 1222 3203 1439 3288; x_wconf 86' lang='grc' dir='ltr'><strong><em>νόμον</em></strong></span> <span class='ocrx_word' id='word_1_261' title='bbox 1470 3229 1541 3270; x_wconf 89' lang='grc' dir='ltr'><strong><em>τε</em></strong></span> <span class='ocrx_word' id='word_1_262' title='bbox 1573 3204 1683 3270; x_wconf 82' lang='grc' dir='ltr'><strong><em>καὶ</em></strong></span> <span class='ocrx_word' id='word_1_263' title='bbox 1719 3202 1992 3283; x_wconf 81' lang='grc' dir='ltr'><strong><em>τάξεως;</em></strong></span> <span class='ocrx_word' id='word_1_264' title='bbox 2035 3208 2270 3287; x_wconf 88' lang='grc' dir='ltr'><strong><em>Δῆλον</em></strong></span> 
     </span>
    </p>
   </div>
   <div class='ocr_carea' id='block_1_4' title="bbox 165 3295 2344 3486">
    <p class='ocr_par' dir='ltr' id='par_1_5' title="bbox 165 3295 2344 3486">
     <span class='ocr_line' id='line_1_32' title="bbox 165 3295 2271 3386; baseline 0 -22"><span class='ocrx_word' id='word_1_265' title='bbox 165 3318 171 3322; x_wconf 76' lang='grc'><em>’</em></span> <span class='ocrx_word' id='word_1_266' title='bbox 252 3296 355 3384; x_wconf 82' lang='grc' dir='ltr'><strong><em>δή.</em></strong></span> <span class='ocrx_word' id='word_1_267' title='bbox 392 3295 773 3385; x_wconf 85' lang='grc' dir='ltr'><strong><em>Ἐφάνησαν</em></strong></span> <span class='ocrx_word' id='word_1_268' title='bbox 794 3301 865 3368; x_wconf 78' lang='grc' dir='ltr'><strong><em>δὲ</em></strong></span> <span class='ocrx_word' id='word_1_269' title='bbox 890 3308 1198 3368; x_wconf 73' lang='grc' dir='ltr'><strong><em>πλεῖστον</em></strong></span> <span class='ocrx_word' id='word_1_270' title='bbox 1213 3298 1593 3385; x_wconf 68' lang='grc' dir='ltr'><strong><em>ἀφεστῶσαι</em></strong></span> <span class='ocrx_word' id='word_1_271' title='bbox 1614 3297 1735 3385; x_wconf 85' lang='grc' dir='ltr'><strong><em>οὐχ</em></strong></span> <span class='ocrx_word' id='word_1_272' title='bbox 1768 3304 1844 3367; x_wconf 74' lang='grc' dir='ltr'><strong><em>αἱ</em></strong></span> <span class='ocrx_word' id='word_1_273' title='bbox 1866 3302 2176 3386; x_wconf 80' lang='grc' dir='ltr'><strong><em>ἐρωτικαί</em></strong></span> <span class='ocrx_word' id='word_1_274' title='bbox 2199 3322 2271 3365; x_wconf 82' lang='grc' dir='ltr'><strong><em>τε</em></strong></span> 
     </span>
     <span class='ocr_line' id='line_1_33' title="bbox 251 3395 2344 3486; baseline -0.002 -21"><span class='ocrx_word' id='word_1_275' title='bbox 251 3397 363 3465; x_wconf 75' lang='grc' dir='ltr'><strong><em>καὶ</em></strong></span> <span class='ocrx_word' id='word_1_276' title='bbox 382 3402 774 3481; x_wconf 85' lang='grc' dir='ltr'><strong><em>τυραννικαὶ</em></strong></span> <span class='ocrx_word' id='word_1_277' title='bbox 795 3400 1177 3486; x_wconf 68' lang='grc' dir='ltr'><strong><em>ἐπιθυμίαις</em></strong></span> <span class='ocrx_word' id='word_1_278' title='bbox 1217 3399 1408 3467; x_wconf 83' lang='grc' dir='ltr'><strong><em>Πολύ</em></strong></span> <span class='ocrx_word' id='word_1_279' title='bbox 1429 3424 1521 3486; x_wconf 88' lang='grc' dir='ltr'><strong><em>γε.</em></strong></span> <span class='ocrx_word' id='word_1_280' title='bbox 1566 3398 1938 3484; x_wconf 81' lang='grc' dir='ltr'><strong><em>Ἐλάχιστον</em></strong></span> <span class='ocrx_word' id='word_1_281' title='bbox 1962 3395 2033 3463; x_wconf 74' lang='grc' dir='ltr'><strong><em>δὲ</em></strong></span> <span class='ocrx_word' id='word_1_282' title='bbox 2054 3397 2131 3464; x_wconf 73' lang='grc' dir='ltr'><strong><em>αἱ</em></strong></span> <span class='ocrx_word' id='word_1_283' title='bbox 2140 3400 2284 3483; x_wconf 66' lang='grc' dir='ltr'><strong><em>βοιυΔ</em></strong></span> <span class='ocrx_word' id='word_1_284' title='bbox 2301 3409 2344 3461; x_wconf 73' lang='grc' dir='ltr'><strong><em>Β</em></strong></span> 
     </span>
    </p>
   </div>
  </div>
 </body>
</html>
