2602 3928
0 625 28 661 Ι’

888 216 1474 276 ΠΟΛΙΤΕΙΑΣ
1511 209 1576 293 ζ’.
2127 214 2255 280 209

224 384 348 442 σθε
386 377 631 445 ἕκαστα
664 376 745 446 τά
785 380 1026 447 εἴδωλα
1057 374 1218 443 ἅττα
1253 376 1391 443 ἐστὶ
1425 379 1535 445 καὶ
1563 368 1679 463 ὧν,
1721 376 1829 445 διὰ
1874 376 1947 446 τὸ
1987 371 2249 466 τάληθῆ

224 474 589 557 ἑωρακέναι
623 484 848 544 καλῶν
885 500 954 543 τε
988 476 1099 541 καὶ
1138 478 1415 542 δικαίων
1439 479 1550 542 καὶ
1589 475 1871 562 ἀγαθοῖν
1908 481 2083 564 πέρι·
2137 481 2248 546 καὶ

224 570 400 640 οὕτω
429 571 611 659 ῦπαρ
645 570 805 661 ἡμῖν
839 575 949 640 καὶ
991 568 1154 658 ὑμῖν
1194 569 1236 658 ἡ
1282 572 1474 652 πόλις
1517 575 1872 661 οἰκήσεται,
1918 572 2069 642 ἀλλ’
2119 574 2265 651 οὐκ,

221 667 413 754 ὄναρ,
434 667 521 749 ὡς
541 680 674 738 νῦν
696 674 765 738 αἱ
785 672 1020 738 πολλαὶ
1041 667 1172 740 ὑπὸ
1194 672 1745 757 σκιαμαχούντων
1758 696 1829 739 τε
1853 670 2021 758 πρὸς
2042 669 2246 761 ἀλλή-

223 779 380 848 λους
403 773 514 837 καὶ
535 770 1021 851 στασιαζόντων
1043 772 1192 854 περὶ
1209 777 1333 837 τοῦ
1355 767 1585 856 ἄρχειν
1611 775 1972 857 οἰκοῦνται,
2003 768 2090 850 ὥς
2125 797 2246 857 με·
2281 786 2327 836 D

222 867 439 951 γάλου
459 866 639 948 τινὰς
659 868 927 953 ἀγαθοῦ
949 866 1164 954 ὄντος,
1189 866 1263 936 τὰ
1295 871 1373 936 δέ
1393 893 1526 935 που
1557 866 1802 956 ἀληθὲς
1827 860 1947 937 οἷδ’
1973 875 2103 956 ἔχει
2118 897 2132 911 ·
2172 873 2246 938 ἐν

224 963 409 1032 πόλει
463 956 508 1053 ᾖ
548 964 783 1051 ἥκιστα
828 969 1173 1054 πρόθυμοι
1218 966 1446 1052 ἄρχειν
1489 970 1558 1033 οἱ
1595 969 1944 1052 μέλλοντες
1995 968 2242 1055 ἄρξειν,

220 1063 472 1150 ταύτην
486 1062 722 1150 ἄριστα
743 1067 852 1132 καὶ
876 1061 1440 1161 αστασιαστότατα
1463 1061 1721 1150 ἀνάγκη
1746 1069 2096 1151 οἰκεῖσθαι,
2122 1064 2245 1152 τὴν

223 1156 289 1225 δ’
320 1160 730 1239 ἐναντίους*
684 1187 1009 1249 αρχοντας
1034 1170 1329 1247 σχοῦσαν
1352 1165 1686 1242 ἐναντίως.
1723 1163 1925 1230 Πάνυ
1948 1162 2071 1249 μὲν
2095 1155 2244 1248 οὖν,

223 1261 369 1342 ἔφη.
430 1254 948 1345 Ἀπειθῆσουσιν
990 1285 1120 1327 ουν
1162 1256 1344 1345 ἡμῖν,
1387 1268 1541 1344 οἰει,
1587 1263 1658 1327 οἱ
1693 1261 2007 1347 τρόφιμοι
2050 1260 2242 1331 ταῦτ’

224 1353 617 1440 ἀκούοντες,
660 1360 769 1425 καὶ
813 1383 940 1425 ουκ
984 1356 1383 1443 ἐθελήσουσι
1426 1361 1785 1442 ξυμπονεῖν
1825 1361 1899 1426 ἐν
1935 1366 2017 1446 τῇ
2060 1360 2249 1429 πόλει

223 1451 487 1520 ἕκαστοι
508 1458 584 1520 ἐν
603 1459 806 1541 μέρει,
822 1453 941 1524 τὸν
965 1456 1036 1524 δὲ
1050 1451 1271 1523 πολύν
1287 1453 1539 1541 χρόνον
1559 1452 1690 1540 μετ’
1718 1453 2024 1541 ἀλλήλων
2040 1463 2246 1527 οἰκεῖν

230 1554 304 1618 ἐν
325 1561 419 1639 τῷ
450 1561 765 1641 καθαροῖς
813 1553 1195 1640 Ἀδύνατον,
1232 1558 1390 1639 ἔφη·
1429 1557 1647 1621 δίκαια
1681 1554 1810 1640 γὰρ
1848 1553 1928 1640 δὴ
1966 1561 2243 1636 δικαίοις
2277 1565 2318 1616 Ε

225 1650 631 1736 ἐπιτάξομεν.
676 1648 924 1730 παντὸς
947 1650 1082 1737 μὴν
1112 1659 1369 1737 μᾶλλον
1398 1677 1485 1728 ως
1507 1647 1610 1717 ἐπ’
1638 1650 2003 1737 ἀναγκαῖον
2023 1653 2249 1722 αὐτων

224 1749 499 1827 ἕκαστος
522 1746 645 1815 εἶσι
666 1747 740 1815 τὸ
768 1773 1013 1834 αρχειν,
1041 1747 1440 1816 τούναντίον
1462 1756 1598 1815 τῶν
1621 1755 1751 1816 νῦν
1772 1750 1901 1816 ἐν’
1866 1749 2110 1838 εκάστῃ
2134 1753 2246 1821 πό-

226 1855 327 1914 λει
353 1840 716 1932 ἀρχόντων.
745 1844 945 1913 Οὕτω
967 1845 1097 1932 γὰρ
1126 1839 1347 1931 ἔχει,’
1301 1873 1391 1933 ην
1415 1844 1480 1914 δ’
1513 1847 1664 1931 ἐγω,
1691 1873 1740 1914 ω
1720 1838 2009 1933 ἑταῖρε·
2046 1852 2249 1935 εἰμὲν

221 1950 373 2034 βίον
394 1944 765 2033 ἐξευρήσεις
788 1942 1035 2032 ἀμείνω
1068 1951 1191 2013 τοῦ
1215 1941 1443 2031 ἄρχειν
1463 1958 1599 2025 τοῖς
1620 1950 1979 2032 μέλλουσιν
2003 1945 2247 2034 ἄρξειν,
2284 1963 2378 2018 521

222 2048 358 2110 ἔστι
391 2063 498 2109 σοι
546 2040 795 2129 δυνατὴ
830 2046 1149 2128 γενέσθαι
1182 2043 1371 2121 πόλις
1407 2034 1483 2111 εὖ
1519 2048 1908 2131 οἰκουμένη·
1967 2047 2040 2113 ἐν
2070 2046 2246 2134 μόνῃ

224 2166 356 2225 γαρ
383 2137 555 2226 αὐτῇ
576 2140 893 2226 ἄρξουσιν
916 2143 985 2207 oc
1000 2165 1091 2230 τω
1122 2138 1268 2208 ὄντι
1304 2140 1658 2227 πλούσιοι,
1658 2139 1743 2210 οὐ
1767 2148 2069 2229 χρυσίου,
2100 2140 2246 2211 ἀλλ’

226 2227 312 2304 οὗ
337 2241 441 2305 δεῖ
463 2236 584 2309 τὸν
619 2236 984 2324 εὐδαίμονα
1014 2244 1347 2322 πλουτεῖν,
1386 2244 1550 2326 ζωῆς
1588 2237 1851 2327 ἀγαθῆς
1884 2264 1954 2307 τε
1984 2243 2097 2310 καὶ
2131 2247 2249 2327 ε’μ-

230 2360 515 2422 φρονος·
563 2340 625 2403 εἰ
643 2338 715 2403 δε
736 2337 981 2422 πτωχοὶ
1008 2338 1117 2403 καὶ
1140 2360 1498 2416 πεινωντες
1520 2335 1805 2424 ἀγαθων
1829 2342 2018 2406 ἰδίων
2039 2343 2146 2407 ἐπὶ
2167 2338 2249 2407 τὰ

226 2432 513 2519 δημόσια
538 2442 735 2519 ἴασιν,
762 2436 1084 2501 ἐντεῦθεν
1105 2433 1403 2519 οἰόμενοι
1423 2431 1726 2519 τάγαθὸν
1750 2437 1890 2501 δεῖν
1913 2431 2246 2522 ἁρπαζειν,

218 2529 347 2599 οὐκ
370 2535 536 2598 ἔστι·
574 2529 1016 2617 περιμάχητον
1037 2528 1259 2616 γὰρτὸ
1300 2531 1530 2617 ἄρχειν
1563 2529 1983 2617 γιγνόμενον,
2011 2539 2249 2612 οἰκεῖος

226 2624 324 2695 οόν
342 2628 452 2695 καὶ
479 2631 679 2695 ἔνδον
704 2624 738 2693 ὁ
764 2636 1063 2706 τοιοῦτος
1084 2628 1371 2714 πόλεμος
1402 2626 1652 2708 αὐτούς
1671 2655 1741 2696 τε
1769 2626 2101 2698 ἀπόλλυσι
2134 2632 2247 2697 καὶ

220 2723 347 2812 τὴν
368 2722 580 2811 ἄλλην
600 2724 815 2798 πόλιν.
848 2723 1312 2813 Ἀληθέστατα,
1336 2731 1482 2813 ἔφη.
1510 2726 1715 2812 Ἔχεις
1732 2719 1880 2813 οὖν,
1901 2720 1988 2813 ἧν
2010 2724 2066 2794 δ’
2091 2728 2242 2813 ἐγώ,
2284 2743 2324 2793 Β

225 2830 377 2911 βίον
396 2822 606 2892 ἄλλον
626 2821 774 2890 τινὰ
811 2831 1168 2893 πολιτικῶν
1200 2822 1424 2909 ἀρχῶν
1459 2832 2017 2910 καταφρονοῦντα
2048 2823 2093 2912 ἦ
2125 2823 2249 2894 τὸν
2339 2880 2344 2883 .

224 2928 341 3007 τῆς
363 2920 688 3007 ἀληθινῆς
712 2928 1142 3007 φιλοσοφίαςς
1172 2921 1277 2990 Οὐ
1312 2921 1404 3009 μὰ
1432 2920 1552 2991 τὸν
1575 2928 1730 3008 Δία,
1751 2915 1797 3009 ἦ
1823 2921 1886 2990 δ’
1915 2918 2005 3002 ὅς.
2049 2921 2243 2993 Ἀλλά

220 3025 449 3105 μέντοι
472 3022 576 3086 δεῖ
591 3044 668 3103 γε
690 3014 779 3105 μὴ
803 3017 1082 3106 ἐραστὰς
1112 3029 1236 3088 τοῦ
1257 3018 1486 3106 ἄρχειν
1514 3024 1682 3088 ἰέναι
1704 3017 1808 3087 ἐπ’
1838 3017 2035 3087 αὐτό·
2081 3028 2142 3089 εἰ
2175 3026 2245 3091 δὲ

221 3116 337 3204 μή,
370 3122 439 3185 οἵ
467 3144 542 3203 γε
577 3116 969 3206 ἀντερασταὶ
989 3127 1371 3205 μαχοῦνται.
1418 3126 1576 3198 Πῶς
1608 3116 1672 3187 δ’
1713 3118 1829 3199 οῦ;
1885 3126 2083 3199 Τίνας
2119 3116 2246 3189 οὖν

220 3213 467 3294 αλλους
508 3213 906 3302 ἀναγκάσεις
949 3217 1120 3286 ἰέναι
1162 3219 1269 3285 ἐπὶ
1310 3215 1625 3305 φυλακὴν
1644 3227 1759 3304 τῆς
1787 3218 2062 3302 πόλεως,
2098 3213 2145 3304 ἦ
2178 3226 2251 3287 οἳ

216 3316 370 3402 περὶ
392 3312 654 3382 τούτων
674 3341 744 3383 τε
768 3315 1278 3404 φρονιμωτατοι,
1309 3315 1399 3384 δι’
1433 3343 1530 3384 ων
1550 3316 1785 3402 ἄριστα
1817 3317 2008 3395 πόλις
2041 3322 2243 3384 οἰκεῖ-

392 3424 575 3478 Puro
622 3423 720 3479 lv.
1847 3429 1914 3483 14
