<?xml version="1.0" encoding="UTF-8"?>
<!DOCTYPE html PUBLIC "-//W3C//DTD XHTML 1.0 Transitional//EN"
    "http://www.w3.org/TR/xhtml1/DTD/xhtml1-transitional.dtd">
<html xmlns="http://www.w3.org/1999/xhtml" xml:lang="en" lang="en">
 <head>
  <title>
</title>
<meta http-equiv="Content-Type" content="text/html;charset=utf-8" />
  <meta name='ocr-system' content='tesseract 3.04.00' />
  <meta name='ocr-capabilities' content='ocr_page ocr_carea ocr_par ocr_line ocrx_word'/>
</head>
<body>
  <div class='ocr_page' id='page_1' title='image "./dialogisecundum07platgoog_0015.png"; bbox 0 0 2602 3928; ppageno 0'>
   <div class='ocr_carea' id='block_1_1' title="bbox 1071 224 2378 282">
    <p class='ocr_par' dir='ltr' id='par_1_1' title="bbox 1071 224 2378 282">
     <span class='ocr_line' id='line_1_1' title="bbox 1071 224 2378 282; baseline 0.001 -8"><span class='ocrx_word' id='word_1_1' title='bbox 1071 224 1539 282; x_wconf 75' lang='lat' dir='ltr'><strong>PRAEFATIO.</strong></span> <span class='ocrx_word' id='word_1_2' title='bbox 2326 238 2378 275; x_wconf 74' lang='lat' dir='ltr'><strong>xi</strong></span> 
     </span>
    </p>
   </div>
   <div class='ocr_carea' id='block_1_2' title="bbox 206 347 2385 3474">
    <p class='ocr_par' dir='ltr' id='par_1_2' title="bbox 206 347 2385 3474">
     <span class='ocr_line' id='line_1_2' title="bbox 232 347 2383 431; baseline 0.003 -21"><span class='ocrx_word' id='word_1_3' title='bbox 232 361 337 410; x_wconf 86' lang='lat' dir='ltr'><strong>rius</strong></span> <span class='ocrx_word' id='word_1_4' title='bbox 372 366 604 410; x_wconf 74' lang='lat' dir='ltr'><strong>senserat</strong></span> <span class='ocrx_word' id='word_1_5' title='bbox 620 395 636 420; x_wconf 89' lang='lat'><strong>,</strong></span> <span class='ocrx_word' id='word_1_6' title='bbox 673 374 824 423; x_wconf 83' lang='lat' dir='ltr'><strong>quem</strong></span> <span class='ocrx_word' id='word_1_7' title='bbox 859 360 1024 410; x_wconf 89' lang='lat' dir='ltr'><strong>secuti</strong></span> <span class='ocrx_word' id='word_1_8' title='bbox 1049 358 1129 410; x_wconf 89' lang='lat' dir='ltr'><strong>BS</strong></span> <span class='ocrx_word' id='word_1_9' title='bbox 1162 353 1265 410; x_wconf 68' lang='grc' dir='ltr'><strong>οὐκ</strong></span> <span class='ocrx_word' id='word_1_10' title='bbox 1300 347 1366 410; x_wconf 79' lang='grc' dir='ltr'><strong>εὖ</strong></span> <span class='ocrx_word' id='word_1_11' title='bbox 1392 374 1461 427; x_wconf 82' lang='grc' dir='ltr'><strong>με</strong></span> <span class='ocrx_word' id='word_1_12' title='bbox 1497 363 1794 427; x_wconf 70' lang='lat' dir='ltr'><strong>edideruntg</strong></span> <span class='ocrx_word' id='word_1_13' title='bbox 1845 365 1973 416; x_wconf 88' lang='lat' dir='ltr'><strong>mihi</strong></span> <span class='ocrx_word' id='word_1_14' title='bbox 2004 372 2176 415; x_wconf 82' lang='lat' dir='ltr'><strong>tamen</strong></span> <span class='ocrx_word' id='word_1_15' title='bbox 2213 365 2383 431; x_wconf 83' lang='lat' dir='ltr'><strong>ipsum</strong></span> 
     </span>
     <span class='ocr_line' id='line_1_3' title="bbox 206 415 2383 493; baseline 0.001 -10"><span class='ocrx_word' id='word_1_16' title='bbox 206 415 295 483; x_wconf 76' lang='grc' dir='ltr'><strong>εὖ</strong></span> <span class='ocrx_word' id='word_1_17' title='bbox 329 429 518 480; x_wconf 86' lang='lat' dir='ltr'><strong>mutari</strong></span> <span class='ocrx_word' id='word_1_18' title='bbox 550 430 715 480; x_wconf 82' lang='lat' dir='ltr'><strong>satius</strong></span> <span class='ocrx_word' id='word_1_19' title='bbox 750 431 920 479; x_wconf 83' lang='lat' dir='ltr'><strong>visum</strong></span> <span class='ocrx_word' id='word_1_20' title='bbox 951 425 1059 492; x_wconf 72' lang='lat' dir='ltr'><strong>e&#39;st,</strong></span> <span class='ocrx_word' id='word_1_21' title='bbox 1095 445 1195 493; x_wconf 87' lang='lat' dir='ltr'><strong>quo</strong></span> <span class='ocrx_word' id='word_1_22' title='bbox 1233 431 1370 481; x_wconf 85' lang='lat' dir='ltr'><strong>facto</strong></span> <span class='ocrx_word' id='word_1_23' title='bbox 1401 440 1501 481; x_wconf 89' lang='lat' dir='ltr'><strong>non</strong></span> <span class='ocrx_word' id='word_1_24' title='bbox 1534 433 1663 485; x_wconf 83' lang='lat' dir='ltr'><strong>ratio</strong></span> <span class='ocrx_word' id='word_1_25' title='bbox 1701 433 1796 484; x_wconf 86' lang='lat' dir='ltr'><strong>sed</strong></span> <span class='ocrx_word' id='word_1_26' title='bbox 1830 434 2046 485; x_wconf 79' lang='lat' dir='ltr'><strong>effectus</strong></span> <span class='ocrx_word' id='word_1_27' title='bbox 2078 434 2383 486; x_wconf 85' lang='lat' dir='ltr'><strong>consolatio-</strong></span> 
     </span>
     <span class='ocr_line' id='line_1_4' title="bbox 232 487 2381 571; baseline 0.003 -23"><span class='ocrx_word' id='word_1_28' title='bbox 232 500 308 549; x_wconf 80' lang='lat' dir='ltr'><strong>nis</strong></span> <span class='ocrx_word' id='word_1_29' title='bbox 343 506 564 551; x_wconf 81' lang='lat' dir='ltr'><strong>notatur.</strong></span> <span class='ocrx_word' id='word_1_30' title='bbox 597 525 669 535; x_wconf 88' lang='lat'>-</span> <span class='ocrx_word' id='word_1_31' title='bbox 698 495 754 552; x_wconf 87' lang='lat' dir='ltr'><strong>P.</strong></span> <span class='ocrx_word' id='word_1_32' title='bbox 791 499 896 551; x_wconf 81' lang='lat'><strong>452</strong></span> <span class='ocrx_word' id='word_1_33' title='bbox 921 498 963 548; x_wconf 94' lang='lat' dir='ltr'>D</span> <span class='ocrx_word' id='word_1_34' title='bbox 1007 496 1184 549; x_wconf 79' lang='grc' dir='ltr'><strong><em>κακοῦ</em></strong></span> <span class='ocrx_word' id='word_1_35' title='bbox 1213 495 1312 549; x_wconf 72' lang='grc' dir='ltr'><strong><em>καὶ</em></strong></span> <span class='ocrx_word' id='word_1_36' title='bbox 1344 498 1518 551; x_wconf 77' lang='grc' dir='ltr'><strong><em>καλοῦ</em></strong></span> <span class='ocrx_word' id='word_1_37' title='bbox 1548 487 1625 550; x_wconf 75' lang='grc' dir='ltr'><strong><em>αὖ</em></strong></span> <span class='ocrx_word' id='word_1_38' title='bbox 1657 502 1696 551; x_wconf 89' lang='grc' dir='ltr'>Ρ</span> <span class='ocrx_word' id='word_1_39' title='bbox 1732 504 1987 567; x_wconf 87' lang='lat' dir='ltr'><strong>ceterique</strong></span> <span class='ocrx_word' id='word_1_40' title='bbox 2021 504 2217 571; x_wconf 83' lang='lat' dir='ltr'><strong>optimi,</strong></span> <span class='ocrx_word' id='word_1_41' title='bbox 2255 519 2381 568; x_wconf 78' lang='lat' dir='ltr'><strong>quos</strong></span> 
     </span>
     <span class='ocr_line' id='line_1_5' title="bbox 231 568 2383 633; baseline 0.002 -15"><span class='ocrx_word' id='word_1_42' title='bbox 231 584 386 632; x_wconf 87' lang='lat' dir='ltr'><strong>quum</strong></span> <span class='ocrx_word' id='word_1_43' title='bbox 418 571 476 620; x_wconf 87' lang='lat' dir='ltr'><strong>iu</strong></span> <span class='ocrx_word' id='word_1_44' title='bbox 510 568 684 633; x_wconf 84' lang='lat' dir='ltr'><strong>priore</strong></span> <span class='ocrx_word' id='word_1_45' title='bbox 719 568 941 619; x_wconf 74' lang='lat' dir='ltr'><strong>editione</strong></span> <span class='ocrx_word' id='word_1_46' title='bbox 970 568 1124 618; x_wconf 87' lang='lat' dir='ltr'><strong>etiam</strong></span> <span class='ocrx_word' id='word_1_47' title='bbox 1161 570 1334 620; x_wconf 88' lang='lat' dir='ltr'><strong>Turic.</strong></span> <span class='ocrx_word' id='word_1_48' title='bbox 1364 572 1527 621; x_wconf 87' lang='lat' dir='ltr'><strong>secuti</strong></span> <span class='ocrx_word' id='word_1_49' title='bbox 1562 579 1757 632; x_wconf 89' lang='lat' dir='ltr'><strong>essent,</strong></span> <span class='ocrx_word' id='word_1_50' title='bbox 1794 573 1849 622; x_wconf 90' lang='lat' dir='ltr'><strong>in</strong></span> <span class='ocrx_word' id='word_1_51' title='bbox 1878 573 2037 623; x_wconf 86' lang='lat' dir='ltr'><strong>altera</strong></span> <span class='ocrx_word' id='word_1_52' title='bbox 2071 588 2189 623; x_wconf 87' lang='lat' dir='ltr'><strong>cum</strong></span> <span class='ocrx_word' id='word_1_53' title='bbox 2217 572 2297 623; x_wconf 84' lang='lat' dir='ltr'><strong>Bs</strong></span> <span class='ocrx_word' id='word_1_54' title='bbox 2334 581 2383 623; x_wconf 92' lang='lat' dir='ltr'><strong>et</strong></span> 
     </span>
     <span class='ocr_line' id='line_1_6' title="bbox 230 625 2382 704; baseline 0.003 -18"><span class='ocrx_word' id='word_1_55' title='bbox 230 637 540 690; x_wconf 86' lang='lat' dir='ltr'><strong>Schneidero</strong></span> <span class='ocrx_word' id='word_1_56' title='bbox 568 638 638 689; x_wconf 83' lang='lat' dir='ltr'><strong>ad</strong></span> <span class='ocrx_word' id='word_1_57' title='bbox 664 636 1063 702; x_wconf 82' lang='lat' dir='ltr'><strong>Stephanianam</strong></span> <span class='ocrx_word' id='word_1_58' title='bbox 1096 638 1368 689; x_wconf 89' lang='lat' dir='ltr'><strong>lectionem</strong></span> <span class='ocrx_word' id='word_1_59' title='bbox 1392 636 1570 691; x_wconf 75' lang='grc' dir='ltr'><strong><em>κακοῦ</em></strong></span> <span class='ocrx_word' id='word_1_60' title='bbox 1600 626 1638 704; x_wconf 79' lang='grc' dir='ltr'><strong><em>ἢ</em></strong></span> <span class='ocrx_word' id='word_1_61' title='bbox 1669 642 1876 692; x_wconf 87' lang='lat' dir='ltr'><strong>omissis</strong></span> <span class='ocrx_word' id='word_1_62' title='bbox 1910 639 2083 691; x_wconf 83' lang='grc' dir='ltr'><strong><em>καλοῦ</em></strong></span> <span class='ocrx_word' id='word_1_63' title='bbox 2113 625 2191 692; x_wconf 69' lang='grc' dir='ltr'><strong><em>αὖ</em></strong></span> <span class='ocrx_word' id='word_1_64' title='bbox 2218 643 2382 693; x_wconf 89' lang='lat' dir='ltr'><strong>redie-</strong></span> 
     </span>
     <span class='ocr_line' id='line_1_7' title="bbox 229 706 2382 774; baseline 0.003 -19"><span class='ocrx_word' id='word_1_65' title='bbox 229 717 369 767; x_wconf 88' lang='lat' dir='ltr'><strong>runt;</strong></span> <span class='ocrx_word' id='word_1_66' title='bbox 412 716 466 756; x_wconf 87' lang='lat' dir='ltr'><strong>at</strong></span> <span class='ocrx_word' id='word_1_67' title='bbox 501 709 640 757; x_wconf 89' lang='lat' dir='ltr'><strong>enim</strong></span> <span class='ocrx_word' id='word_1_68' title='bbox 681 706 818 757; x_wconf 82' lang='lat' dir='ltr'><strong>haud</strong></span> <span class='ocrx_word' id='word_1_69' title='bbox 849 709 955 759; x_wconf 89' lang='lat' dir='ltr'><strong>scio</strong></span> <span class='ocrx_word' id='word_1_70' title='bbox 989 721 1056 756; x_wconf 88' lang='lat' dir='ltr'><strong>an</strong></span> <span class='ocrx_word' id='word_1_71' title='bbox 1093 708 1248 758; x_wconf 83' lang='lat' dir='ltr'><strong>altius</strong></span> <span class='ocrx_word' id='word_1_72' title='bbox 1283 709 1465 759; x_wconf 83' lang='lat' dir='ltr'><strong>vitium</strong></span> <span class='ocrx_word' id='word_1_73' title='bbox 1507 709 1663 760; x_wconf 84' lang='lat' dir='ltr'><strong>lateat</strong></span> <span class='ocrx_word' id='word_1_74' title='bbox 1698 717 1903 774; x_wconf 85' lang='lat' dir='ltr'><strong>totaque</strong></span> <span class='ocrx_word' id='word_1_75' title='bbox 1938 713 2145 762; x_wconf 82' lang='lat' dir='ltr'><strong>demum</strong></span> <span class='ocrx_word' id='word_1_76' title='bbox 2165 718 2382 762; x_wconf 86' lang='lat' dir='ltr'><strong>-antece-</strong></span> 
     </span>
     <span class='ocr_line' id='line_1_8' title="bbox 232 776 2381 831; baseline 0.002 -5"><span class='ocrx_word' id='word_1_77' title='bbox 232 777 383 827; x_wconf 87' lang='lat' dir='ltr'><strong>dente</strong></span> <span class='ocrx_word' id='word_1_78' title='bbox 427 777 680 827; x_wconf 84' lang='lat' dir='ltr'><strong>sententia</strong></span> <span class='ocrx_word' id='word_1_79' title='bbox 725 783 781 826; x_wconf 89' lang='lat' dir='ltr'><strong>ut</strong></span> <span class='ocrx_word' id='word_1_80' title='bbox 830 776 1002 827; x_wconf 82' lang='lat' dir='ltr'><strong>aliena</strong></span> <span class='ocrx_word' id='word_1_81' title='bbox 1058 776 1318 827; x_wconf 82' lang='lat' dir='ltr'><strong>eliminata</strong></span> <span class='ocrx_word' id='word_1_82' title='bbox 1364 779 1699 830; x_wconf 77' lang='lat' dir='ltr'><strong>commoditas</strong></span> <span class='ocrx_word' id='word_1_83' title='bbox 1741 787 2027 831; x_wconf 74' lang='lat' dir='ltr'><strong>structurae</strong></span> <span class='ocrx_word' id='word_1_84' title='bbox 2069 780 2381 830; x_wconf 76' lang='lat' dir='ltr'><strong>restituatur.</strong></span> 
     </span>
     <span class='ocr_line' id='line_1_9' title="bbox 226 838 2383 913; baseline 0.002 -18"><span class='ocrx_word' id='word_1_85' title='bbox 226 844 419 896; x_wconf 69' lang='grc' dir='ltr'><strong><em>Καλοῦ</em></strong></span> <span class='ocrx_word' id='word_1_86' title='bbox 454 861 487 896; x_wconf 94' lang='lat' dir='ltr'><strong>a</strong></span> <span class='ocrx_word' id='word_1_87' title='bbox 521 838 738 894; x_wconf 73' lang='grc' dir='ltr'><strong><em>σκοπὸν</em></strong></span> <span class='ocrx_word' id='word_1_88' title='bbox 774 846 997 911; x_wconf 87' lang='lat' dir='ltr'><strong>pendere</strong></span> <span class='ocrx_word' id='word_1_89' title='bbox 1041 846 1233 897; x_wconf 88' lang='lat' dir='ltr'><strong>clarum</strong></span> <span class='ocrx_word' id='word_1_90' title='bbox 1271 856 1377 906; x_wconf 85' lang='lat' dir='ltr'><strong>est;</strong></span> <span class='ocrx_word' id='word_1_91' title='bbox 1413 840 1757 913; x_wconf 77' lang='grc' dir='ltr'><strong><em>στησάμενος</em></strong></span> <span class='ocrx_word' id='word_1_92' title='bbox 1791 850 2047 912; x_wconf 79' lang='lat' dir='ltr'><strong>quomodo</strong></span> <span class='ocrx_word' id='word_1_93' title='bbox 2086 850 2267 901; x_wconf 86' lang='lat' dir='ltr'><strong>eodem</strong></span> <span class='ocrx_word' id='word_1_94' title='bbox 2302 864 2383 899; x_wconf 86' lang='lat' dir='ltr'><strong>re-</strong></span> 
     </span>
     <span class='ocr_line' id='line_1_10' title="bbox 229 907 2384 983; baseline 0.002 -19"><span class='ocrx_word' id='word_1_95' title='bbox 229 915 496 971; x_wconf 83' lang='lat' dir='ltr'><strong>ferendum</strong></span> <span class='ocrx_word' id='word_1_96' title='bbox 527 916 622 974; x_wconf 83' lang='lat' dir='ltr'><strong>sit,</strong></span> <span class='ocrx_word' id='word_1_97' title='bbox 660 915 767 965; x_wconf 82' lang='lat' dir='ltr'><strong>dixi</strong></span> <span class='ocrx_word' id='word_1_98' title='bbox 798 912 1057 969; x_wconf 86' lang='lat' dir='ltr'><strong>Gesamm.</strong></span> <span class='ocrx_word' id='word_1_99' title='bbox 1079 915 1250 968; x_wconf 84' lang='lat' dir='ltr'><strong>Abhh.</strong></span> <span class='ocrx_word' id='word_1_100' title='bbox 1276 931 1333 981; x_wconf 85' lang='lat' dir='ltr'><strong>p.</strong></span> <span class='ocrx_word' id='word_1_101' title='bbox 1360 918 1479 969; x_wconf 88' lang='grc'><strong>177.</strong></span> <span class='ocrx_word' id='word_1_102' title='bbox 1506 945 1575 955; x_wconf 89' lang='grc'><strong>-</strong></span> <span class='ocrx_word' id='word_1_103' title='bbox 1600 919 1656 968; x_wconf 90' lang='grc' dir='ltr'><strong>Ρ.</strong></span> <span class='ocrx_word' id='word_1_104' title='bbox 1683 919 1789 971; x_wconf 78' lang='lat'><strong>454</strong></span> <span class='ocrx_word' id='word_1_105' title='bbox 1808 919 1848 968; x_wconf 92' lang='lat' dir='ltr'>B</span> <span class='ocrx_word' id='word_1_106' title='bbox 1879 913 1986 983; x_wconf 80' lang='grc' dir='ltr'><strong>τὴν</strong></span> <span class='ocrx_word' id='word_1_107' title='bbox 2011 907 2185 981; x_wconf 74' lang='grc' dir='ltr'><strong><em>ἄλλην</em></strong></span> <span class='ocrx_word' id='word_1_108' title='bbox 2209 911 2384 982; x_wconf 76' lang='grc' dir='ltr'><strong><em>φύσιν</em></strong></span> 
     </span>
     <span class='ocr_line' id='line_1_11' title="bbox 228 975 2380 1053; baseline 0.001 -19"><span class='ocrx_word' id='word_1_109' title='bbox 228 985 272 1034; x_wconf 91' lang='lat' dir='ltr'>H</span> <span class='ocrx_word' id='word_1_110' title='bbox 301 1002 368 1036; x_wconf 83' lang='lat' dir='ltr'><strong>ex</strong></span> <span class='ocrx_word' id='word_1_111' title='bbox 404 985 623 1048; x_wconf 79' lang='lat' dir='ltr'><strong>conject.</strong></span> <span class='ocrx_word' id='word_1_112' title='bbox 662 984 878 1044; x_wconf 86' lang='lat' dir='ltr'><strong>Baiteri,</strong></span> <span class='ocrx_word' id='word_1_113' title='bbox 914 975 992 1048; x_wconf 77' lang='grc' dir='ltr'><strong>μὴ</strong></span> <span class='ocrx_word' id='word_1_114' title='bbox 1026 976 1133 1048; x_wconf 80' lang='grc' dir='ltr'><strong>τὴν</strong></span> <span class='ocrx_word' id='word_1_115' title='bbox 1170 977 1351 1048; x_wconf 71' lang='grc' dir='ltr'><strong><em>αὐτὴν</em></strong></span> <span class='ocrx_word' id='word_1_116' title='bbox 1387 1001 1450 1050; x_wconf 88' lang='grc' dir='ltr'><strong>φ.</strong></span> <span class='ocrx_word' id='word_1_117' title='bbox 1487 984 1653 1038; x_wconf 88' lang='lat' dir='ltr'><strong>VBST</strong></span> <span class='ocrx_word' id='word_1_118' title='bbox 1689 994 1739 1038; x_wconf 90' lang='lat' dir='ltr'><strong>et</strong></span> <span class='ocrx_word' id='word_1_119' title='bbox 1772 984 2136 1047; x_wconf 84' lang='lat' dir='ltr'><strong>Schneiderus;</strong></span> <span class='ocrx_word' id='word_1_120' title='bbox 2175 988 2268 1037; x_wconf 90' lang='lat' dir='ltr'><strong>sed</strong></span> <span class='ocrx_word' id='word_1_121' title='bbox 2301 979 2380 1053; x_wconf 84' lang='grc' dir='ltr'><strong>μὴ</strong></span> 
     </span>
     <span class='ocr_line' id='line_1_12' title="bbox 227 1052 2383 1124; baseline 0.002 -21"><span class='ocrx_word' id='word_1_122' title='bbox 227 1054 458 1120; x_wconf 87' lang='lat' dir='ltr'><strong>plerique</strong></span> <span class='ocrx_word' id='word_1_123' title='bbox 494 1054 612 1105; x_wconf 82' lang='lat' dir='ltr'><strong>libri</strong></span> <span class='ocrx_word' id='word_1_124' title='bbox 646 1061 697 1104; x_wconf 87' lang='lat' dir='ltr'><strong>et</strong></span> <span class='ocrx_word' id='word_1_125' title='bbox 726 1052 947 1104; x_wconf 84' lang='lat' dir='ltr'><strong>Galenus</strong></span> <span class='ocrx_word' id='word_1_126' title='bbox 980 1055 1216 1119; x_wconf 84' lang='lat' dir='ltr'><strong>ignorant</strong></span> <span class='ocrx_word' id='word_1_127' title='bbox 1248 1068 1413 1119; x_wconf 87' lang='lat' dir='ltr'><strong>neque</strong></span> <span class='ocrx_word' id='word_1_128' title='bbox 1449 1057 1607 1106; x_wconf 85' lang='lat' dir='ltr'><strong>inseri</strong></span> <span class='ocrx_word' id='word_1_129' title='bbox 1648 1057 1747 1107; x_wconf 84' lang='lat' dir='ltr'><strong>nisi</strong></span> <span class='ocrx_word' id='word_1_130' title='bbox 1782 1056 2028 1124; x_wconf 79' lang='lat' dir='ltr'><strong>languida</strong></span> <span class='ocrx_word' id='word_1_131' title='bbox 2072 1064 2122 1107; x_wconf 86' lang='lat' dir='ltr'><strong>et</strong></span> <span class='ocrx_word' id='word_1_132' title='bbox 2158 1064 2383 1107; x_wconf 85' lang='lat' dir='ltr'><strong>contorta</strong></span> 
     </span>
     <span class='ocr_line' id='line_1_13' title="bbox 226 1114 2379 1190; baseline 0.001 -16"><span class='ocrx_word' id='word_1_133' title='bbox 226 1124 605 1174; x_wconf 84' lang='lat' dir='ltr'><strong>constructione</strong></span> <span class='ocrx_word' id='word_1_134' title='bbox 640 1130 825 1186; x_wconf 85' lang='lat' dir='ltr'><strong>potest.</strong></span> <span class='ocrx_word' id='word_1_135' title='bbox 859 1145 933 1158; x_wconf 89' lang='lat'><strong>·—</strong></span> <span class='ocrx_word' id='word_1_136' title='bbox 960 1125 1021 1177; x_wconf 91' lang='lat' dir='ltr'><strong>P.</strong></span> <span class='ocrx_word' id='word_1_137' title='bbox 1056 1123 1163 1175; x_wconf 85' lang='lat'><strong>454</strong></span> <span class='ocrx_word' id='word_1_138' title='bbox 1194 1123 1237 1172; x_wconf 89' lang='lat' dir='ltr'>D</span> <span class='ocrx_word' id='word_1_139' title='bbox 1270 1117 1533 1190; x_wconf 77' lang='grc' dir='ltr'><strong><em>ἰατρικὴν</em></strong></span> <span class='ocrx_word' id='word_1_140' title='bbox 1558 1166 1572 1180; x_wconf 89' lang='grc'><strong>.</strong></span> <span class='ocrx_word' id='word_1_141' title='bbox 1596 1163 1612 1179; x_wconf 90' lang='grc'><strong>.</strong></span> <span class='ocrx_word' id='word_1_142' title='bbox 1640 1160 1654 1176; x_wconf 90' lang='grc'><strong>.</strong></span> <span class='ocrx_word' id='word_1_143' title='bbox 1679 1114 1848 1183; x_wconf 77' lang='grc' dir='ltr'><strong><em>ὄντας</em></strong></span> <span class='ocrx_word' id='word_1_144' title='bbox 1885 1129 1958 1186; x_wconf 87' lang='grc' dir='ltr'><strong>Η,</strong></span> <span class='ocrx_word' id='word_1_145' title='bbox 1996 1117 2259 1189; x_wconf 78' lang='grc' dir='ltr'><strong><em>ἰατρικὴν</em></strong></span> <span class='ocrx_word' id='word_1_146' title='bbox 2290 1162 2303 1175; x_wconf 95' lang='grc'><strong>.</strong></span> <span class='ocrx_word' id='word_1_147' title='bbox 2328 1162 2341 1176; x_wconf 91' lang='grc'><strong>.</strong></span> <span class='ocrx_word' id='word_1_148' title='bbox 2367 1163 2379 1175; x_wconf 94' lang='grc'><strong>.</strong></span> 
     </span>
     <span class='ocr_line' id='line_1_14' title="bbox 229 1181 2381 1258; baseline 0.001 -16"><span class='ocrx_word' id='word_1_149' title='bbox 229 1185 430 1258; x_wconf 70' lang='grc' dir='ltr'><strong><em>ἔχοντα</em></strong></span> <span class='ocrx_word' id='word_1_150' title='bbox 464 1194 531 1255; x_wconf 88' lang='lat' dir='ltr'><strong>V,</strong></span> <span class='ocrx_word' id='word_1_151' title='bbox 567 1184 823 1256; x_wconf 78' lang='grc' dir='ltr'><strong><em>ἰατρικὸν</em></strong></span> <span class='ocrx_word' id='word_1_152' title='bbox 845 1228 858 1240; x_wconf 94' lang='grc'><strong>.</strong></span> <span class='ocrx_word' id='word_1_153' title='bbox 883 1231 899 1245; x_wconf 95' lang='grc'><strong>.</strong></span> <span class='ocrx_word' id='word_1_154' title='bbox 928 1224 941 1240; x_wconf 84' lang='grc'><strong>.</strong></span> <span class='ocrx_word' id='word_1_155' title='bbox 967 1181 1101 1241; x_wconf 78' lang='grc' dir='ltr'><strong><em>ὄντα</em></strong></span> <span class='ocrx_word' id='word_1_156' title='bbox 1138 1191 1260 1243; x_wconf 88' lang='lat' dir='ltr'><strong>BST</strong></span> <span class='ocrx_word' id='word_1_157' title='bbox 1296 1202 1348 1243; x_wconf 88' lang='lat' dir='ltr'><strong>et</strong></span> <span class='ocrx_word' id='word_1_158' title='bbox 1384 1193 1723 1246; x_wconf 87' lang='lat' dir='ltr'><strong>Schneiderus</strong></span> <span class='ocrx_word' id='word_1_159' title='bbox 1759 1210 1877 1245; x_wconf 89' lang='lat' dir='ltr'><strong>cum</strong></span> <span class='ocrx_word' id='word_1_160' title='bbox 1912 1196 2047 1247; x_wconf 84' lang='lat' dir='ltr'><strong>Mon.</strong></span> <span class='ocrx_word' id='word_1_161' title='bbox 2088 1196 2129 1245; x_wconf 93' lang='lat' dir='ltr'>B</span> <span class='ocrx_word' id='word_1_162' title='bbox 2165 1203 2216 1245; x_wconf 90' lang='lat' dir='ltr'><strong>et</strong></span> <span class='ocrx_word' id='word_1_163' title='bbox 2249 1195 2381 1245; x_wconf 83' lang='lat' dir='ltr'><strong>Flor.</strong></span> 
     </span>
     <span class='ocr_line' id='line_1_15' title="bbox 226 1261 2381 1328; baseline 0.001 -15"><span class='ocrx_word' id='word_1_164' title='bbox 226 1263 300 1324; x_wconf 80' lang='grc' dir='ltr'><strong>Ἡ,</strong></span> <span class='ocrx_word' id='word_1_165' title='bbox 342 1264 535 1327; x_wconf 86' lang='lat' dir='ltr'><strong>quibus</strong></span> <span class='ocrx_word' id='word_1_166' title='bbox 571 1277 707 1312; x_wconf 88' lang='lat' dir='ltr'><strong>nunc</strong></span> <span class='ocrx_word' id='word_1_167' title='bbox 740 1269 1079 1312; x_wconf 87' lang='lat' dir='ltr'><strong>correcturam</strong></span> <span class='ocrx_word' id='word_1_168' title='bbox 1115 1261 1249 1312; x_wconf 85' lang='lat' dir='ltr'><strong>male</strong></span> <span class='ocrx_word' id='word_1_169' title='bbox 1295 1264 1512 1314; x_wconf 79' lang='lat' dir='ltr'><strong>cessisse</strong></span> <span class='ocrx_word' id='word_1_170' title='bbox 1559 1264 1804 1326; x_wconf 81' lang='lat' dir='ltr'><strong>arbitror,</strong></span> <span class='ocrx_word' id='word_1_171' title='bbox 1857 1279 2147 1328; x_wconf 88' lang='lat' dir='ltr'><strong>quanquam</strong></span> <span class='ocrx_word' id='word_1_172' title='bbox 2183 1263 2381 1316; x_wconf 82' lang='lat' dir='ltr'><strong>medela</strong></span> 
     </span>
     <span class='ocr_line' id='line_1_16' title="bbox 228 1321 2382 1399; baseline 0.001 -17"><span class='ocrx_word' id='word_1_173' title='bbox 228 1336 381 1383; x_wconf 81' lang='lat' dir='ltr'><strong>etiam</strong></span> <span class='ocrx_word' id='word_1_174' title='bbox 414 1334 531 1382; x_wconf 86' lang='lat' dir='ltr'><strong>Par.</strong></span> <span class='ocrx_word' id='word_1_175' title='bbox 569 1333 1010 1397; x_wconf 85' lang='lat' dir='ltr'><strong>plurimorumque</strong></span> <span class='ocrx_word' id='word_1_176' title='bbox 1042 1330 1194 1382; x_wconf 88' lang='lat' dir='ltr'><strong>lectio</strong></span> <span class='ocrx_word' id='word_1_177' title='bbox 1232 1323 1493 1397; x_wconf 79' lang='grc' dir='ltr'><strong><em>ἰατρικὴν</em></strong></span> <span class='ocrx_word' id='word_1_178' title='bbox 1514 1369 1527 1382; x_wconf 94' lang='grc'><strong>.</strong></span> <span class='ocrx_word' id='word_1_179' title='bbox 1552 1370 1565 1381; x_wconf 90' lang='grc'><strong>.</strong></span> <span class='ocrx_word' id='word_1_180' title='bbox 1589 1367 1604 1382; x_wconf 93' lang='grc'><strong>.</strong></span> <span class='ocrx_word' id='word_1_181' title='bbox 1628 1321 1768 1382; x_wconf 77' lang='grc' dir='ltr'><strong><em>ὄντα</em></strong></span> <span class='ocrx_word' id='word_1_182' title='bbox 1802 1334 2022 1399; x_wconf 57' lang='lat' dir='ltr'><strong>indigen</strong></span> <span class='ocrx_word' id='word_1_183' title='bbox 2067 1348 2179 1383; x_wconf 86' lang='lat' dir='ltr'><strong>eam</strong></span> <span class='ocrx_word' id='word_1_184' title='bbox 2212 1341 2382 1384; x_wconf 90' lang='lat' dir='ltr'><strong>tamen</strong></span> 
     </span>
     <span class='ocr_line' id='line_1_17' title="bbox 229 1393 2383 1467; baseline -0 -15"><span class='ocrx_word' id='word_1_185' title='bbox 229 1413 279 1452; x_wconf 92' lang='lat' dir='ltr'><strong>et</strong></span> <span class='ocrx_word' id='word_1_186' title='bbox 315 1401 599 1453; x_wconf 80' lang='lat' dir='ltr'><strong>faciliorem</strong></span> <span class='ocrx_word' id='word_1_187' title='bbox 647 1409 699 1452; x_wconf 92' lang='lat' dir='ltr'><strong>et</strong></span> <span class='ocrx_word' id='word_1_188' title='bbox 738 1401 991 1467; x_wconf 81' lang='lat' dir='ltr'><strong>aptiorem</strong></span> <span class='ocrx_word' id='word_1_189' title='bbox 1035 1399 1249 1450; x_wconf 89' lang='lat' dir='ltr'><strong>habebis</strong></span> <span class='ocrx_word' id='word_1_190' title='bbox 1286 1400 1336 1450; x_wconf 89' lang='lat' dir='ltr'><strong>le</strong></span> <span class='ocrx_word' id='word_1_191' title='bbox 1375 1402 1505 1453; x_wconf 91' lang='lat' dir='ltr'><strong>endo</strong></span> <span class='ocrx_word' id='word_1_192' title='bbox 1556 1393 1751 1464; x_wconf 81' lang='grc' dir='ltr'><strong><em>ὄντας,</em></strong></span> <span class='ocrx_word' id='word_1_193' title='bbox 1797 1418 1898 1466; x_wconf 92' lang='lat' dir='ltr'><strong>quo</strong></span> <span class='ocrx_word' id='word_1_194' title='bbox 1941 1403 2077 1453; x_wconf 85' lang='lat' dir='ltr'><strong>facto</strong></span> <span class='ocrx_word' id='word_1_195' title='bbox 2120 1395 2383 1467; x_wconf 79' lang='grc' dir='ltr'><strong><em>ἰατρικὴν</em></strong></span> 
     </span>
     <span class='ocr_line' id='line_1_18' title="bbox 230 1467 2382 1538; baseline 0 -16"><span class='ocrx_word' id='word_1_196' title='bbox 230 1471 494 1522; x_wconf 87' lang='lat' dir='ltr'><strong>mulierem</strong></span> <span class='ocrx_word' id='word_1_197' title='bbox 528 1473 704 1535; x_wconf 88' lang='lat' dir='ltr'><strong>potius</strong></span> <span class='ocrx_word' id='word_1_198' title='bbox 736 1485 885 1534; x_wconf 88' lang='lat' dir='ltr'><strong>quam</strong></span> <span class='ocrx_word' id='word_1_199' title='bbox 918 1471 1141 1519; x_wconf 86' lang='lat' dir='ltr'><strong>animam</strong></span> <span class='ocrx_word' id='word_1_200' title='bbox 1178 1485 1290 1520; x_wconf 88' lang='lat' dir='ltr'><strong>cum</strong></span> <span class='ocrx_word' id='word_1_201' title='bbox 1346 1467 1554 1538; x_wconf 74' lang='grc' dir='ltr'><strong><em>ατρικῷ</em></strong></span> <span class='ocrx_word' id='word_1_202' title='bbox 1589 1473 1807 1537; x_wconf 78' lang='lat' dir='ltr'><strong>jungere</strong></span> <span class='ocrx_word' id='word_1_203' title='bbox 1843 1472 2038 1523; x_wconf 83' lang='lat' dir='ltr'><strong>licebit.</strong></span> <span class='ocrx_word' id='word_1_204' title='bbox 2078 1498 2146 1508; x_wconf 90' lang='lat'><em>-</em></span> <span class='ocrx_word' id='word_1_205' title='bbox 2181 1473 2241 1523; x_wconf 89' lang='lat' dir='ltr'><strong>P.</strong></span> <span class='ocrx_word' id='word_1_206' title='bbox 2278 1473 2382 1523; x_wconf 83' lang='lat'><strong>455</strong></span> 
     </span>
     <span class='ocr_line' id='line_1_19' title="bbox 228 1534 2383 1607; baseline 0.001 -17"><span class='ocrx_word' id='word_1_207' title='bbox 228 1542 270 1590; x_wconf 88' lang='lat' dir='ltr'>D</span> <span class='ocrx_word' id='word_1_208' title='bbox 300 1534 405 1604; x_wconf 81' lang='grc' dir='ltr'><strong>μέν</strong></span> <span class='ocrx_word' id='word_1_209' title='bbox 426 1552 515 1588; x_wconf 84' lang='grc' dir='ltr'><strong>τοι</strong></span> <span class='ocrx_word' id='word_1_210' title='bbox 545 1539 606 1600; x_wconf 89' lang='lat' dir='ltr'><strong>H,</strong></span> <span class='ocrx_word' id='word_1_211' title='bbox 636 1535 831 1605; x_wconf 70' lang='grc' dir='ltr'><strong><em>μέντοι</em></strong></span> <span class='ocrx_word' id='word_1_212' title='bbox 851 1539 996 1597; x_wconf 81' lang='lat' dir='ltr'><strong>libri3</strong></span> <span class='ocrx_word' id='word_1_213' title='bbox 1027 1539 1276 1589; x_wconf 87' lang='lat' dir='ltr'><strong>medelam</strong></span> <span class='ocrx_word' id='word_1_214' title='bbox 1303 1548 1584 1606; x_wconf 83' lang='lat' dir='ltr'><strong>praeeunte</strong></span> <span class='ocrx_word' id='word_1_215' title='bbox 1606 1539 1861 1592; x_wconf 81' lang='lat' dir='ltr'><strong>Boeckhio</strong></span> <span class='ocrx_word' id='word_1_216' title='bbox 1884 1543 1996 1606; x_wconf 84' lang='lat' dir='ltr'><strong>jam</strong></span> <span class='ocrx_word' id='word_1_217' title='bbox 2020 1540 2210 1591; x_wconf 84' lang='lat' dir='ltr'><strong>Phaed.</strong></span> <span class='ocrx_word' id='word_1_218' title='bbox 2235 1556 2291 1607; x_wconf 89' lang='lat' dir='ltr'><strong>p.</strong></span> <span class='ocrx_word' id='word_1_219' title='bbox 2316 1540 2383 1592; x_wconf 88' lang='grc'><strong>76</strong></span> 
     </span>
     <span class='ocr_line' id='line_1_20' title="bbox 228 1607 2379 1674; baseline -0 -14"><span class='ocrx_word' id='word_1_220' title='bbox 228 1610 267 1659; x_wconf 91' lang='grc' dir='ltr'><em>Β</em></span> <span class='ocrx_word' id='word_1_221' title='bbox 302 1609 586 1660; x_wconf 85' lang='lat' dir='ltr'><strong>adhibitam</strong></span> <span class='ocrx_word' id='word_1_222' title='bbox 631 1624 726 1660; x_wconf 89' lang='lat' dir='ltr'><strong>nec</strong></span> <span class='ocrx_word' id='word_1_223' title='bbox 762 1609 848 1659; x_wconf 88' lang='lat' dir='ltr'><strong>hic</strong></span> <span class='ocrx_word' id='word_1_224' title='bbox 893 1623 987 1658; x_wconf 91' lang='lat' dir='ltr'><strong>nec</strong></span> <span class='ocrx_word' id='word_1_225' title='bbox 1018 1607 1112 1663; x_wconf 76' lang='lat' dir='ltr'><strong>inf.</strong></span> <span class='ocrx_word' id='word_1_226' title='bbox 1159 1623 1215 1674; x_wconf 88' lang='lat' dir='ltr'><strong>p.</strong></span> <span class='ocrx_word' id='word_1_227' title='bbox 1247 1609 1353 1661; x_wconf 82' lang='lat'><strong>473</strong></span> <span class='ocrx_word' id='word_1_228' title='bbox 1387 1609 1426 1658; x_wconf 88' lang='lat' dir='ltr'><strong>G</strong></span> <span class='ocrx_word' id='word_1_229' title='bbox 1462 1609 1787 1660; x_wconf 81' lang='lat' dir='ltr'><strong>audaciorem</strong></span> <span class='ocrx_word' id='word_1_230' title='bbox 1831 1626 1945 1660; x_wconf 85' lang='lat' dir='ltr'><strong>esse</strong></span> <span class='ocrx_word' id='word_1_231' title='bbox 1980 1611 2173 1661; x_wconf 87' lang='lat' dir='ltr'><strong>censui.</strong></span> <span class='ocrx_word' id='word_1_232' title='bbox 2216 1637 2285 1647; x_wconf 92' lang='grc'><strong>--</strong></span> <span class='ocrx_word' id='word_1_233' title='bbox 2324 1612 2379 1660; x_wconf 92' lang='grc' dir='ltr'><strong>Ρ.</strong></span> 
     </span>
     <span class='ocr_line' id='line_1_21' title="bbox 226 1668 2382 1745; baseline -0.001 -14"><span class='ocrx_word' id='word_1_234' title='bbox 226 1680 332 1731; x_wconf 87' lang='grc'><strong>456</strong></span> <span class='ocrx_word' id='word_1_235' title='bbox 375 1678 414 1730; x_wconf 81' lang='lat' dir='ltr'>G</span> <span class='ocrx_word' id='word_1_236' title='bbox 457 1671 674 1727; x_wconf 82' lang='grc' dir='ltr'><strong><em>δυνατά</em></strong></span> <span class='ocrx_word' id='word_1_237' title='bbox 711 1691 772 1728; x_wconf 79' lang='grc' dir='ltr'><strong>τε</strong></span> <span class='ocrx_word' id='word_1_238' title='bbox 810 1678 883 1739; x_wconf 92' lang='grc' dir='ltr'><strong>Β,</strong></span> <span class='ocrx_word' id='word_1_239' title='bbox 930 1668 1148 1726; x_wconf 77' lang='grc' dir='ltr'><strong><em>δυνατά</em></strong></span> <span class='ocrx_word' id='word_1_240' title='bbox 1186 1690 1248 1741; x_wconf 74' lang='grc' dir='ltr'><strong>γε</strong></span> <span class='ocrx_word' id='word_1_241' title='bbox 1290 1676 1418 1728; x_wconf 87' lang='lat' dir='ltr'><strong>VST</strong></span> <span class='ocrx_word' id='word_1_242' title='bbox 1462 1686 1512 1727; x_wconf 90' lang='lat' dir='ltr'><strong>et</strong></span> <span class='ocrx_word' id='word_1_243' title='bbox 1543 1678 1882 1729; x_wconf 87' lang='lat' dir='ltr'><strong>Schneiderus</strong></span> <span class='ocrx_word' id='word_1_244' title='bbox 1912 1695 2030 1729; x_wconf 90' lang='lat' dir='ltr'><strong>cum</strong></span> <span class='ocrx_word' id='word_1_245' title='bbox 2060 1679 2203 1729; x_wconf 87' lang='lat' dir='ltr'><strong>libris</strong></span> <span class='ocrx_word' id='word_1_246' title='bbox 2232 1694 2382 1745; x_wconf 86' lang='lat' dir='ltr'><strong>prae-</strong></span> 
     </span>
     <span class='ocr_line' id='line_1_22' title="bbox 229 1747 2381 1813; baseline -0.001 -14"><span class='ocrx_word' id='word_1_247' title='bbox 229 1758 305 1799; x_wconf 87' lang='lat' dir='ltr'><strong>ter</strong></span> <span class='ocrx_word' id='word_1_248' title='bbox 337 1748 469 1801; x_wconf 86' lang='lat' dir='ltr'><strong>Flor.</strong></span> <span class='ocrx_word' id='word_1_249' title='bbox 511 1750 552 1799; x_wconf 91' lang='lat' dir='ltr'>T</span> <span class='ocrx_word' id='word_1_250' title='bbox 591 1749 860 1806; x_wconf 86' lang='lat' dir='ltr'><strong>omnibus;</strong></span> <span class='ocrx_word' id='word_1_251' title='bbox 900 1760 1000 1796; x_wconf 91' lang='lat' dir='ltr'><strong>non</strong></span> <span class='ocrx_word' id='word_1_252' title='bbox 1036 1755 1205 1797; x_wconf 86' lang='lat' dir='ltr'><strong>tamen</strong></span> <span class='ocrx_word' id='word_1_253' title='bbox 1242 1747 1473 1799; x_wconf 84' lang='lat' dir='ltr'><strong>dubitavi</strong></span> <span class='ocrx_word' id='word_1_254' title='bbox 1507 1747 1587 1797; x_wconf 85' lang='lat' dir='ltr'><strong>vel</strong></span> <span class='ocrx_word' id='word_1_255' title='bbox 1627 1747 1856 1798; x_wconf 84' lang='lat' dir='ltr'><strong>solitario</strong></span> <span class='ocrx_word' id='word_1_256' title='bbox 1893 1757 2101 1798; x_wconf 89' lang='lat' dir='ltr'><strong>auctore</strong></span> <span class='ocrx_word' id='word_1_257' title='bbox 2137 1750 2381 1813; x_wconf 74' lang='lat' dir='ltr'><strong>recipere,</strong></span> 
     </span>
     <span class='ocr_line' id='line_1_23' title="bbox 228 1808 2381 1882; baseline -0 -14"><span class='ocrx_word' id='word_1_258' title='bbox 228 1818 366 1882; x_wconf 86' lang='lat' dir='ltr'><strong>quod</strong></span> <span class='ocrx_word' id='word_1_259' title='bbox 399 1832 463 1866; x_wconf 91' lang='lat' dir='ltr'><strong>ne</strong></span> <span class='ocrx_word' id='word_1_260' title='bbox 501 1819 825 1881; x_wconf 88' lang='lat' dir='ltr'><strong>conjecturae</strong></span> <span class='ocrx_word' id='word_1_261' title='bbox 861 1816 1068 1879; x_wconf 82' lang='lat' dir='ltr'><strong>quidem</strong></span> <span class='ocrx_word' id='word_1_262' title='bbox 1106 1816 1260 1867; x_wconf 77' lang='lat' dir='ltr'><strong>facile</strong></span> <span class='ocrx_word' id='word_1_263' title='bbox 1292 1830 1583 1882; x_wconf 77' lang='lat' dir='ltr'><strong>negassem.</strong></span> <span class='ocrx_word' id='word_1_264' title='bbox 1621 1841 1694 1854; x_wconf 91' lang='lat'>-</span> <span class='ocrx_word' id='word_1_265' title='bbox 1723 1818 1780 1867; x_wconf 90' lang='lat' dir='ltr'><strong>P.</strong></span> <span class='ocrx_word' id='word_1_266' title='bbox 1817 1816 1924 1868; x_wconf 78' lang='lat'><strong>458</strong></span> <span class='ocrx_word' id='word_1_267' title='bbox 1957 1816 1999 1866; x_wconf 94' lang='grc' dir='ltr'>Β</span> <span class='ocrx_word' id='word_1_268' title='bbox 2032 1813 2101 1882; x_wconf 80' lang='grc' dir='ltr'><strong>τῇ</strong></span> <span class='ocrx_word' id='word_1_269' title='bbox 2128 1808 2289 1866; x_wconf 77' lang='grc' dir='ltr'><strong><em>πόλει</em></strong></span> <span class='ocrx_word' id='word_1_270' title='bbox 2323 1819 2381 1880; x_wconf 89' lang='grc' dir='ltr'><strong>Ρ,</strong></span> 
     </span>
     <span class='ocr_line' id='line_1_24' title="bbox 226 1876 2379 1954; baseline 0 -18"><span class='ocrx_word' id='word_1_271' title='bbox 226 1885 296 1954; x_wconf 80' lang='grc' dir='ltr'><strong>τῇ</strong></span> <span class='ocrx_word' id='word_1_272' title='bbox 326 1900 385 1936; x_wconf 82' lang='grc' dir='ltr'><strong>τε</strong></span> <span class='ocrx_word' id='word_1_273' title='bbox 410 1876 568 1936; x_wconf 84' lang='grc' dir='ltr'><strong><em>πόλει</em></strong></span> <span class='ocrx_word' id='word_1_274' title='bbox 591 1885 777 1936; x_wconf 91' lang='lat' dir='ltr'><strong>VBST.</strong></span> <span class='ocrx_word' id='word_1_275' title='bbox 801 1910 872 1922; x_wconf 93' lang='lat'>—</span> <span class='ocrx_word' id='word_1_276' title='bbox 903 1885 957 1934; x_wconf 87' lang='lat' dir='ltr'><strong>P.</strong></span> <span class='ocrx_word' id='word_1_277' title='bbox 986 1884 1090 1937; x_wconf 84' lang='lat'><strong>460</strong></span> <span class='ocrx_word' id='word_1_278' title='bbox 1120 1886 1163 1934; x_wconf 89' lang='grc' dir='ltr'><strong>Ε</strong></span> <span class='ocrx_word' id='word_1_279' title='bbox 1186 1883 1367 1934; x_wconf 71' lang='grc' dir='ltr'><strong><em>εἴκοσι</em></strong></span> <span class='ocrx_word' id='word_1_280' title='bbox 1399 1887 1438 1936; x_wconf 89' lang='grc' dir='ltr'>Ρ</span> <span class='ocrx_word' id='word_1_281' title='bbox 1465 1893 1516 1935; x_wconf 86' lang='lat' dir='ltr'><strong>et</strong></span> <span class='ocrx_word' id='word_1_282' title='bbox 1542 1883 1912 1946; x_wconf 87' lang='lat' dir='ltr'><strong>Schneiderus‚</strong></span> <span class='ocrx_word' id='word_1_283' title='bbox 1944 1881 2158 1934; x_wconf 75' lang='grc' dir='ltr'><strong><em>εἴκοσιν</em></strong></span> <span class='ocrx_word' id='word_1_284' title='bbox 2190 1884 2379 1938; x_wconf 88' lang='lat' dir='ltr'><strong>VBST.</strong></span> 
     </span>
     <span class='ocr_line' id='line_1_25' title="bbox 228 1945 2383 2020; baseline -0.001 -14"><span class='ocrx_word' id='word_1_285' title='bbox 228 1986 294 1995; x_wconf 90' lang='lat'><strong>-—</strong></span> <span class='ocrx_word' id='word_1_286' title='bbox 330 1958 390 2006; x_wconf 88' lang='lat' dir='ltr'><strong>P.</strong></span> <span class='ocrx_word' id='word_1_287' title='bbox 434 1956 541 2007; x_wconf 88' lang='grc'><strong>464</strong></span> <span class='ocrx_word' id='word_1_288' title='bbox 583 1957 623 2007; x_wconf 96' lang='grc' dir='ltr'>Β</span> <span class='ocrx_word' id='word_1_289' title='bbox 668 1947 1048 2020; x_wconf 73' lang='grc' dir='ltr'><strong><em>ὁμολογοῦμεν</em></strong></span> <span class='ocrx_word' id='word_1_290' title='bbox 1084 1951 1189 2015; x_wconf 91' lang='lat' dir='ltr'><strong>BS,</strong></span> <span class='ocrx_word' id='word_1_291' title='bbox 1227 1945 1617 2020; x_wconf 71' lang='grc' dir='ltr'><strong><em>ὁμολογοῦμεν</em></strong></span> <span class='ocrx_word' id='word_1_292' title='bbox 1656 1956 1749 2006; x_wconf 87' lang='lat' dir='ltr'><strong>VT</strong></span> <span class='ocrx_word' id='word_1_293' title='bbox 1787 1963 1837 2006; x_wconf 89' lang='lat' dir='ltr'><strong>et</strong></span> <span class='ocrx_word' id='word_1_294' title='bbox 1885 1952 2223 2006; x_wconf 86' lang='lat' dir='ltr'><strong>Schneiderus</strong></span> <span class='ocrx_word' id='word_1_295' title='bbox 2268 1971 2383 2005; x_wconf 88' lang='lat' dir='ltr'><strong>cum</strong></span> 
     </span>
     <span class='ocr_line' id='line_1_26' title="bbox 227 2023 2381 2091; baseline -0.002 -14"><span class='ocrx_word' id='word_1_296' title='bbox 227 2028 366 2077; x_wconf 88' lang='lat' dir='ltr'><strong>libris</strong></span> <span class='ocrx_word' id='word_1_297' title='bbox 406 2025 641 2090; x_wconf 85' lang='lat' dir='ltr'><strong>plurimis</strong></span> <span class='ocrx_word' id='word_1_298' title='bbox 676 2025 1015 2091; x_wconf 84' lang='lat' dir='ltr'><strong>optimisque,</strong></span> <span class='ocrx_word' id='word_1_299' title='bbox 1052 2024 1145 2073; x_wconf 88' lang='lat' dir='ltr'><strong>sed</strong></span> <span class='ocrx_word' id='word_1_300' title='bbox 1178 2023 1379 2075; x_wconf 82' lang='lat' dir='ltr'><strong>difficili</strong></span> <span class='ocrx_word' id='word_1_301' title='bbox 1412 2023 1698 2090; x_wconf 76' lang='lat' dir='ltr'><strong>imperfecti</strong></span> <span class='ocrx_word' id='word_1_302' title='bbox 1731 2024 2003 2085; x_wconf 84' lang='lat' dir='ltr'><strong>relatione,</strong></span> <span class='ocrx_word' id='word_1_303' title='bbox 2043 2040 2144 2088; x_wconf 90' lang='lat' dir='ltr'><strong>quo</strong></span> <span class='ocrx_word' id='word_1_304' title='bbox 2180 2026 2271 2075; x_wconf 85' lang='lat' dir='ltr'><strong>vix</strong></span> <span class='ocrx_word' id='word_1_305' title='bbox 2303 2039 2381 2074; x_wconf 88' lang='lat' dir='ltr'><strong>ar-</strong></span> 
     </span>
     <span class='ocr_line' id='line_1_27' title="bbox 228 2091 2383 2158; baseline -0.001 -11"><span class='ocrx_word' id='word_1_306' title='bbox 228 2098 382 2147; x_wconf 86' lang='lat' dir='ltr'><strong>bitror</strong></span> <span class='ocrx_word' id='word_1_307' title='bbox 417 2095 656 2145; x_wconf 89' lang='lat' dir='ltr'><strong>lectorem</strong></span> <span class='ocrx_word' id='word_1_308' title='bbox 683 2096 749 2144; x_wconf 88' lang='lat' dir='ltr'><strong>ad</strong></span> <span class='ocrx_word' id='word_1_309' title='bbox 772 2108 825 2158; x_wconf 89' lang='grc' dir='ltr'><strong>Ρ.</strong></span> <span class='ocrx_word' id='word_1_310' title='bbox 852 2091 958 2143; x_wconf 83' lang='grc'><strong>423</strong></span> <span class='ocrx_word' id='word_1_311' title='bbox 990 2094 1180 2142; x_wconf 88' lang='lat' dir='ltr'><strong>remitti</strong></span> <span class='ocrx_word' id='word_1_312' title='bbox 1204 2107 1359 2158; x_wconf 90' lang='lat' dir='ltr'><strong>posse</strong></span> <span class='ocrx_word' id='word_1_313' title='bbox 1377 2131 1391 2154; x_wconf 88' lang='lat'><strong><em>‚</em></strong></span> <span class='ocrx_word' id='word_1_314' title='bbox 1427 2102 1484 2142; x_wconf 92' lang='lat' dir='ltr'><strong>ut</strong></span> <span class='ocrx_word' id='word_1_315' title='bbox 1514 2094 1622 2143; x_wconf 91' lang='lat' dir='ltr'><strong>illic</strong></span> <span class='ocrx_word' id='word_1_316' title='bbox 1645 2092 1907 2144; x_wconf 87' lang='lat' dir='ltr'><strong>Socratem</strong></span> <span class='ocrx_word' id='word_1_317' title='bbox 1934 2094 2016 2155; x_wconf 87' lang='lat' dir='ltr'><strong>iis,</strong></span> <span class='ocrx_word' id='word_1_318' title='bbox 2044 2109 2175 2157; x_wconf 88' lang='lat' dir='ltr'><strong>quae</strong></span> <span class='ocrx_word' id='word_1_319' title='bbox 2202 2108 2253 2158; x_wconf 90' lang='grc' dir='ltr'><strong>Ρ.</strong></span> <span class='ocrx_word' id='word_1_320' title='bbox 2280 2092 2383 2144; x_wconf 86' lang='grc'><strong>416</strong></span> 
     </span>
     <span class='ocr_line' id='line_1_28' title="bbox 226 2152 2383 2227; baseline -0.001 -13"><span class='ocrx_word' id='word_1_321' title='bbox 226 2166 480 2227; x_wconf 80' lang='lat' dir='ltr'><strong>dixisset,</strong></span> <span class='ocrx_word' id='word_1_322' title='bbox 513 2164 801 2213; x_wconf 81' lang='lat' dir='ltr'><strong>constitisse</strong></span> <span class='ocrx_word' id='word_1_323' title='bbox 835 2161 1112 2227; x_wconf 79' lang='lat' dir='ltr'><strong>intelligat!</strong></span> <span class='ocrx_word' id='word_1_324' title='bbox 1140 2189 1210 2198; x_wconf 94' lang='lat'>—</span> <span class='ocrx_word' id='word_1_325' title='bbox 1240 2163 1297 2216; x_wconf 91' lang='lat' dir='ltr'><strong>P.</strong></span> <span class='ocrx_word' id='word_1_326' title='bbox 1325 2161 1431 2215; x_wconf 90' lang='grc'><strong>466</strong></span> <span class='ocrx_word' id='word_1_327' title='bbox 1466 2165 1512 2212; x_wconf 87' lang='grc' dir='ltr'><strong>Α</strong></span> <span class='ocrx_word' id='word_1_328' title='bbox 1547 2153 1611 2211; x_wconf 83' lang='grc' dir='ltr'><strong>τὸ</strong></span> <span class='ocrx_word' id='word_1_329' title='bbox 1639 2152 1907 2226; x_wconf 74' lang='grc' dir='ltr'><strong><em>εὔδαιμον</em></strong></span> <span class='ocrx_word' id='word_1_330' title='bbox 1943 2164 1981 2212; x_wconf 88' lang='grc' dir='ltr'>Ρ</span> <span class='ocrx_word' id='word_1_331' title='bbox 2017 2170 2068 2212; x_wconf 85' lang='lat' dir='ltr'><strong>et</strong></span> <span class='ocrx_word' id='word_1_332' title='bbox 2097 2163 2164 2223; x_wconf 90' lang='lat' dir='ltr'><strong>V,</strong></span> <span class='ocrx_word' id='word_1_333' title='bbox 2197 2163 2383 2225; x_wconf 88' lang='lat' dir='ltr'><strong>quibus</strong></span> 
     </span>
     <span class='ocr_line' id='line_1_29' title="bbox 226 2229 2376 2297; baseline -0.001 -14"><span class='ocrx_word' id='word_1_334' title='bbox 226 2233 323 2285; x_wconf 65' lang='lat' dir='ltr'><strong>boc</strong></span> <span class='ocrx_word' id='word_1_335' title='bbox 367 2240 506 2282; x_wconf 89' lang='lat' dir='ltr'><strong>certe</strong></span> <span class='ocrx_word' id='word_1_336' title='bbox 540 2233 796 2291; x_wconf 86' lang='lat' dir='ltr'><strong>concessi,</strong></span> <span class='ocrx_word' id='word_1_337' title='bbox 844 2238 901 2280; x_wconf 87' lang='lat' dir='ltr'><strong>ut</strong></span> <span class='ocrx_word' id='word_1_338' title='bbox 946 2229 1218 2281; x_wconf 86' lang='lat' dir='ltr'><strong>articulum</strong></span> <span class='ocrx_word' id='word_1_339' title='bbox 1257 2247 1289 2281; x_wconf 89' lang='lat' dir='ltr'><strong>a</strong></span> <span class='ocrx_word' id='word_1_340' title='bbox 1338 2231 1567 2282; x_wconf 81' lang='lat' dir='ltr'><strong>Bekkero</strong></span> <span class='ocrx_word' id='word_1_341' title='bbox 1615 2232 1736 2281; x_wconf 84' lang='lat' dir='ltr'><strong>inde</strong></span> <span class='ocrx_word' id='word_1_342' title='bbox 1783 2240 2013 2297; x_wconf 84' lang='lat' dir='ltr'><strong>spretum</strong></span> <span class='ocrx_word' id='word_1_343' title='bbox 2057 2246 2376 2289; x_wconf 82' lang='lat' dir='ltr'><strong>revocarem;</strong></span> 
     </span>
     <span class='ocr_line' id='line_1_30' title="bbox 228 2300 2384 2365; baseline -0.002 -12"><span class='ocrx_word' id='word_1_344' title='bbox 228 2303 446 2354; x_wconf 86' lang='lat' dir='ltr'><strong>eundem</strong></span> <span class='ocrx_word' id='word_1_345' title='bbox 497 2309 692 2361; x_wconf 87' lang='lat' dir='ltr'><strong>tamen,</strong></span> <span class='ocrx_word' id='word_1_346' title='bbox 741 2301 861 2364; x_wconf 88' lang='lat' dir='ltr'><strong>quia</strong></span> <span class='ocrx_word' id='word_1_347' title='bbox 908 2315 974 2351; x_wconf 83' lang='lat' dir='ltr'><strong>ex</strong></span> <span class='ocrx_word' id='word_1_348' title='bbox 1016 2301 1253 2365; x_wconf 83' lang='lat' dir='ltr'><strong>proxime</strong></span> <span class='ocrx_word' id='word_1_349' title='bbox 1288 2300 1617 2351; x_wconf 84' lang='lat' dir='ltr'><strong>antecedente</strong></span> <span class='ocrx_word' id='word_1_350' title='bbox 1653 2300 1848 2365; x_wconf 66' lang='lat' dir='ltr'><strong>syllaba</strong></span> <span class='ocrx_word' id='word_1_351' title='bbox 1884 2301 2005 2349; x_wconf 88' lang='lat' dir='ltr'><strong>oriri</strong></span> <span class='ocrx_word' id='word_1_352' title='bbox 2047 2301 2214 2365; x_wconf 88' lang='lat' dir='ltr'><strong>potuit</strong></span> <span class='ocrx_word' id='word_1_353' title='bbox 2231 2337 2246 2364; x_wconf 92' lang='lat'><strong>,</strong></span> <span class='ocrx_word' id='word_1_354' title='bbox 2287 2301 2384 2349; x_wconf 89' lang='lat' dir='ltr'><strong>cir-</strong></span> 
     </span>
     <span class='ocr_line' id='line_1_31' title="bbox 226 2360 2382 2435; baseline -0.002 -14"><span class='ocrx_word' id='word_1_355' title='bbox 226 2371 547 2435; x_wconf 86' lang='lat' dir='ltr'><strong>cumscripsi.</strong></span> <span class='ocrx_word' id='word_1_356' title='bbox 594 2397 666 2408; x_wconf 90' lang='lat'><strong>—</strong></span> <span class='ocrx_word' id='word_1_357' title='bbox 712 2371 770 2420; x_wconf 91' lang='grc' dir='ltr'><strong>Ρ.</strong></span> <span class='ocrx_word' id='word_1_358' title='bbox 808 2368 912 2421; x_wconf 88' lang='grc'><strong>467</strong></span> <span class='ocrx_word' id='word_1_359' title='bbox 942 2369 984 2418; x_wconf 86' lang='grc' dir='ltr'><strong>Ε</strong></span> <span class='ocrx_word' id='word_1_360' title='bbox 1018 2360 1426 2432; x_wconf 75' lang='grc' dir='ltr'><strong>διδαξαμένους</strong></span> <span class='ocrx_word' id='word_1_361' title='bbox 1462 2369 1502 2418; x_wconf 93' lang='grc' dir='ltr'>Β</span> <span class='ocrx_word' id='word_1_362' title='bbox 1518 2406 1534 2432; x_wconf 89' lang='grc'><em>,</em></span> <span class='ocrx_word' id='word_1_363' title='bbox 1582 2363 1984 2433; x_wconf 74' lang='grc' dir='ltr'><strong><em>διδαξαμένους</em></strong></span> <span class='ocrx_word' id='word_1_364' title='bbox 2021 2367 2177 2434; x_wconf 82' lang='lat' dir='ltr'><strong>VST,</strong></span> <span class='ocrx_word' id='word_1_365' title='bbox 2222 2364 2382 2419; x_wconf 76' lang='grc' dir='ltr'><strong><em>διδα-</em></strong></span> 
     </span>
     <span class='ocr_line' id='line_1_32' title="bbox 225 2436 2380 2506; baseline -0.001 -16"><span class='ocrx_word' id='word_1_366' title='bbox 225 2436 472 2506; x_wconf 67' lang='grc' dir='ltr'><strong><em>χθέντας</em></strong></span> <span class='ocrx_word' id='word_1_367' title='bbox 494 2437 851 2496; x_wconf 87' lang='lat' dir='ltr'><strong>Schneiderus,</strong></span> <span class='ocrx_word' id='word_1_368' title='bbox 875 2439 1016 2502; x_wconf 91' lang='lat' dir='ltr'><strong>quod</strong></span> <span class='ocrx_word' id='word_1_369' title='bbox 1048 2439 1145 2487; x_wconf 86' lang='lat' dir='ltr'><strong>etsi</strong></span> <span class='ocrx_word' id='word_1_370' title='bbox 1172 2438 1324 2491; x_wconf 87' lang='lat' dir='ltr'><strong>codd.</strong></span> <span class='ocrx_word' id='word_1_371' title='bbox 1352 2438 1621 2502; x_wconf 87' lang='lat' dir='ltr'><strong>aliquanto</strong></span> <span class='ocrx_word' id='word_1_372' title='bbox 1651 2441 1899 2503; x_wconf 81' lang='lat' dir='ltr'><strong>majorem</strong></span> <span class='ocrx_word' id='word_1_373' title='bbox 1926 2453 2078 2502; x_wconf 85' lang='lat' dir='ltr'><strong>quam</strong></span> <span class='ocrx_word' id='word_1_374' title='bbox 2102 2452 2211 2491; x_wconf 87' lang='lat' dir='ltr'><strong>aor.</strong></span> <span class='ocrx_word' id='word_1_375' title='bbox 2244 2439 2380 2494; x_wconf 85' lang='lat' dir='ltr'><strong>med.</strong></span> 
     </span>
     <span class='ocr_line' id='line_1_33' title="bbox 225 2506 2384 2573; baseline -0.002 -13"><span class='ocrx_word' id='word_1_376' title='bbox 225 2510 579 2562; x_wconf 85' lang='lat' dir='ltr'><strong>auctoritatem</strong></span> <span class='ocrx_word' id='word_1_377' title='bbox 608 2509 798 2569; x_wconf 82' lang='lat' dir='ltr'><strong>habet,</strong></span> <span class='ocrx_word' id='word_1_378' title='bbox 839 2509 928 2557; x_wconf 80' lang='lat' dir='ltr'><strong>vix</strong></span> <span class='ocrx_word' id='word_1_379' title='bbox 964 2516 1133 2557; x_wconf 83' lang='lat' dir='ltr'><strong>tamen</strong></span> <span class='ocrx_word' id='word_1_380' title='bbox 1168 2508 1413 2558; x_wconf 87' lang='lat' dir='ltr'><strong>credibile</strong></span> <span class='ocrx_word' id='word_1_381' title='bbox 1450 2515 1528 2557; x_wconf 85' lang='lat' dir='ltr'><strong>est</strong></span> <span class='ocrx_word' id='word_1_382' title='bbox 1562 2522 1627 2557; x_wconf 82' lang='lat' dir='ltr'><strong>ex</strong></span> <span class='ocrx_word' id='word_1_383' title='bbox 1664 2507 1751 2558; x_wconf 86' lang='lat' dir='ltr'><strong>illo</strong></span> <span class='ocrx_word' id='word_1_384' title='bbox 1789 2509 1961 2573; x_wconf 89' lang='lat' dir='ltr'><strong>potius</strong></span> <span class='ocrx_word' id='word_1_385' title='bbox 1998 2522 2151 2570; x_wconf 89' lang='lat' dir='ltr'><strong>quam</strong></span> <span class='ocrx_word' id='word_1_386' title='bbox 2186 2523 2252 2557; x_wconf 88' lang='lat' dir='ltr'><strong>ex</strong></span> <span class='ocrx_word' id='word_1_387' title='bbox 2287 2506 2384 2556; x_wconf 86' lang='lat' dir='ltr'><strong>hoc</strong></span> 
     </span>
     <span class='ocr_line' id='line_1_34' title="bbox 224 2575 2384 2643; baseline -0.002 -14"><span class='ocrx_word' id='word_1_388' title='bbox 224 2580 451 2629; x_wconf 74' lang='lat' dir='ltr'><strong>futurum</strong></span> <span class='ocrx_word' id='word_1_389' title='bbox 487 2593 518 2626; x_wconf 86' lang='lat' dir='ltr'><strong>a</strong></span> <span class='ocrx_word' id='word_1_390' title='bbox 551 2576 783 2643; x_wconf 85' lang='lat' dir='ltr'><strong>plurimis</strong></span> <span class='ocrx_word' id='word_1_391' title='bbox 817 2577 1057 2627; x_wconf 83' lang='lat' dir='ltr'><strong>traditum</strong></span> <span class='ocrx_word' id='word_1_392' title='bbox 1092 2577 1378 2642; x_wconf 79' lang='lat' dir='ltr'><strong>prodiisse3</strong></span> <span class='ocrx_word' id='word_1_393' title='bbox 1416 2575 1637 2642; x_wconf 88' lang='lat' dir='ltr'><strong>praetuli</strong></span> <span class='ocrx_word' id='word_1_394' title='bbox 1666 2578 1825 2642; x_wconf 82' lang='lat' dir='ltr'><strong>igitur</strong></span> <span class='ocrx_word' id='word_1_395' title='bbox 1850 2578 2077 2627; x_wconf 86' lang='lat' dir='ltr'><strong>medium</strong></span> <span class='ocrx_word' id='word_1_396' title='bbox 2109 2577 2177 2627; x_wconf 89' lang='lat' dir='ltr'><strong>ad</strong></span> <span class='ocrx_word' id='word_1_397' title='bbox 2213 2585 2384 2642; x_wconf 87' lang='lat' dir='ltr'><strong>patres</strong></span> 
     </span>
     <span class='ocr_line' id='line_1_35' title="bbox 227 2645 2384 2713; baseline -0.002 -14"><span class='ocrx_word' id='word_1_398' title='bbox 227 2662 506 2713; x_wconf 79' lang='lat' dir='ltr'><strong>puerorum</strong></span> <span class='ocrx_word' id='word_1_399' title='bbox 537 2646 883 2705; x_wconf 83' lang='lat' dir='ltr'><strong>referendum,</strong></span> <span class='ocrx_word' id='word_1_400' title='bbox 926 2646 980 2696; x_wconf 89' lang='lat' dir='ltr'><strong>in</strong></span> <span class='ocrx_word' id='word_1_401' title='bbox 1017 2661 1117 2708; x_wconf 90' lang='lat' dir='ltr'><strong>quo</strong></span> <span class='ocrx_word' id='word_1_402' title='bbox 1156 2653 1353 2696; x_wconf 81' lang='lat' dir='ltr'><strong>mutata</strong></span> <span class='ocrx_word' id='word_1_403' title='bbox 1384 2647 1663 2696; x_wconf 86' lang='lat' dir='ltr'><strong>accusativi</strong></span> <span class='ocrx_word' id='word_1_404' title='bbox 1696 2653 1948 2711; x_wconf 86' lang='lat' dir='ltr'><strong>potestate</strong></span> <span class='ocrx_word' id='word_1_405' title='bbox 1994 2660 2055 2695; x_wconf 91' lang='lat' dir='ltr'><strong>eo</strong></span> <span class='ocrx_word' id='word_1_406' title='bbox 2088 2647 2256 2695; x_wconf 88' lang='lat' dir='ltr'><strong>minus</strong></span> <span class='ocrx_word' id='word_1_407' title='bbox 2296 2645 2384 2695; x_wconf 88' lang='lat' dir='ltr'><strong>de-</strong></span> 
     </span>
     <span class='ocr_line' id='line_1_36' title="bbox 224 2713 2384 2781; baseline -0.002 -13"><span class='ocrx_word' id='word_1_408' title='bbox 224 2727 446 2776; x_wconf 88' lang='lat' dir='ltr'><strong>terreor,</strong></span> <span class='ocrx_word' id='word_1_409' title='bbox 485 2731 585 2779; x_wconf 90' lang='lat' dir='ltr'><strong>quo</strong></span> <span class='ocrx_word' id='word_1_410' title='bbox 611 2716 778 2780; x_wconf 83' lang='lat' dir='ltr'><strong>magis</strong></span> <span class='ocrx_word' id='word_1_411' title='bbox 804 2714 1025 2765; x_wconf 84' lang='lat' dir='ltr'><strong>usitatus</strong></span> <span class='ocrx_word' id='word_1_412' title='bbox 1061 2722 1112 2763; x_wconf 86' lang='lat' dir='ltr'><strong>et</strong></span> <span class='ocrx_word' id='word_1_413' title='bbox 1141 2714 1249 2764; x_wconf 81' lang='lat' dir='ltr'><strong>fere</strong></span> <span class='ocrx_word' id='word_1_414' title='bbox 1273 2714 1534 2781; x_wconf 83' lang='lat' dir='ltr'><strong>legitimus</strong></span> <span class='ocrx_word' id='word_1_415' title='bbox 1560 2714 1644 2764; x_wconf 89' lang='lat' dir='ltr'><strong>hic</strong></span> <span class='ocrx_word' id='word_1_416' title='bbox 1676 2730 1827 2765; x_wconf 86' lang='lat' dir='ltr'><strong>casus</strong></span> <span class='ocrx_word' id='word_1_417' title='bbox 1864 2716 1914 2765; x_wconf 90' lang='lat' dir='ltr'><strong>in</strong></span> <span class='ocrx_word' id='word_1_418' title='bbox 1952 2713 2231 2764; x_wconf 87' lang='lat' dir='ltr'><strong>verbalium</strong></span> <span class='ocrx_word' id='word_1_419' title='bbox 2265 2715 2384 2764; x_wconf 87' lang='lat' dir='ltr'><strong>sub-</strong></span> 
     </span>
     <span class='ocr_line' id='line_1_37' title="bbox 221 2771 2383 2851; baseline -0.002 -15"><span class='ocrx_word' id='word_1_420' title='bbox 221 2787 370 2851; x_wconf 78' lang='lat' dir='ltr'><strong>jectis</strong></span> <span class='ocrx_word' id='word_1_421' title='bbox 422 2792 531 2844; x_wconf 88' lang='lat' dir='ltr'><strong>est,</strong></span> <span class='ocrx_word' id='word_1_422' title='bbox 579 2784 648 2837; x_wconf 78' lang='lat' dir='ltr'><strong>cf.</strong></span> <span class='ocrx_word' id='word_1_423' title='bbox 687 2783 926 2848; x_wconf 85' lang='lat' dir='ltr'><strong>Xenoph.</strong></span> <span class='ocrx_word' id='word_1_424' title='bbox 969 2783 1037 2833; x_wconf 90' lang='grc' dir='ltr'><strong>Μ.</strong></span> <span class='ocrx_word' id='word_1_425' title='bbox 1079 2783 1221 2836; x_wconf 88' lang='lat' dir='ltr'><strong>Socr.</strong></span> <span class='ocrx_word' id='word_1_426' title='bbox 1271 2784 1355 2833; x_wconf 93' lang='lat'><strong>111.</strong></span> <span class='ocrx_word' id='word_1_427' title='bbox 1396 2784 1489 2834; x_wconf 84' lang='lat'><strong>11:</strong></span> <span class='ocrx_word' id='word_1_428' title='bbox 1540 2777 1688 2833; x_wconf 80' lang='grc' dir='ltr'><strong><em>ἰτέον</em></strong></span> <span class='ocrx_word' id='word_1_429' title='bbox 1731 2771 1805 2833; x_wconf 73' lang='grc' dir='ltr'><strong>ἃν</strong></span> <span class='ocrx_word' id='word_1_430' title='bbox 1854 2780 1945 2849; x_wconf 75' lang='grc' dir='ltr'><strong>εἴη</strong></span> <span class='ocrx_word' id='word_1_431' title='bbox 1980 2779 2383 2848; x_wconf 76' lang='grc' dir='ltr'><strong><em>θεασαμένους,</em></strong></span> 
     </span>
     <span class='ocr_line' id='line_1_38' title="bbox 224 2844 2385 2920; baseline -0.001 -14"><span class='ocrx_word' id='word_1_432' title='bbox 224 2855 476 2920; x_wconf 84' lang='lat' dir='ltr'><strong>pluraque</strong></span> <span class='ocrx_word' id='word_1_433' title='bbox 513 2855 653 2918; x_wconf 88' lang='lat' dir='ltr'><strong>apud</strong></span> <span class='ocrx_word' id='word_1_434' title='bbox 689 2853 947 2903; x_wconf 83' lang='lat' dir='ltr'><strong>Schaefer.</strong></span> <span class='ocrx_word' id='word_1_435' title='bbox 987 2853 1054 2903; x_wconf 87' lang='lat' dir='ltr'><strong>ad</strong></span> <span class='ocrx_word' id='word_1_436' title='bbox 1087 2851 1352 2902; x_wconf 70' lang='lat' dir='ltr'><strong>Demosth.</strong></span> <span class='ocrx_word' id='word_1_437' title='bbox 1388 2852 1445 2902; x_wconf 90' lang='lat' dir='ltr'><strong>T.</strong></span> <span class='ocrx_word' id='word_1_438' title='bbox 1484 2852 1568 2905; x_wconf 71' lang='lat'><strong>111.</strong></span> <span class='ocrx_word' id='word_1_439' title='bbox 1606 2868 1658 2918; x_wconf 94' lang='grc' dir='ltr'><strong>Ρ.</strong></span> <span class='ocrx_word' id='word_1_440' title='bbox 1698 2853 1819 2907; x_wconf 90' lang='grc'><strong>416.</strong></span> <span class='ocrx_word' id='word_1_441' title='bbox 1855 2877 1927 2891; x_wconf 86' lang='lat'><strong>-—</strong></span> <span class='ocrx_word' id='word_1_442' title='bbox 1967 2854 2026 2911; x_wconf 85' lang='lat' dir='ltr'><strong>P,</strong></span> <span class='ocrx_word' id='word_1_443' title='bbox 2064 2853 2163 2903; x_wconf 88' lang='grc'><strong>471</strong></span> <span class='ocrx_word' id='word_1_444' title='bbox 2206 2854 2249 2901; x_wconf 91' lang='grc' dir='ltr'><strong>Α</strong></span> <span class='ocrx_word' id='word_1_445' title='bbox 2290 2844 2385 2903; x_wconf 69' lang='grc' dir='ltr'><strong><em>αὖ·</em></strong></span> 
     </span>
     <span class='ocr_line' id='line_1_39' title="bbox 225 2914 2385 3002; baseline -0 -29"><span class='ocrx_word' id='word_1_446' title='bbox 225 2926 343 2981; x_wconf 76' lang='grc' dir='ltr'><strong><em>τοῖς</em></strong></span> <span class='ocrx_word' id='word_1_447' title='bbox 374 2922 481 2982; x_wconf 91' lang='lat' dir='ltr'><strong>VB,</strong></span> <span class='ocrx_word' id='word_1_448' title='bbox 519 2914 714 2979; x_wconf 70' lang='grc' dir='ltr'><strong><em>αὐτοῖς</em></strong></span> <span class='ocrx_word' id='word_1_449' title='bbox 746 2920 826 2972; x_wconf 89' lang='lat' dir='ltr'><strong>ST</strong></span> <span class='ocrx_word' id='word_1_450' title='bbox 855 2929 905 2972; x_wconf 90' lang='lat' dir='ltr'><strong>et</strong></span> <span class='ocrx_word' id='word_1_451' title='bbox 935 2919 1292 2981; x_wconf 86' lang='lat' dir='ltr'><strong>Schneiderus,</strong></span> <span class='ocrx_word' id='word_1_452' title='bbox 1329 2922 1421 2972; x_wconf 86' lang='lat' dir='ltr'><strong>sed</strong></span> <span class='ocrx_word' id='word_1_453' title='bbox 1456 2924 1649 3002; x_wconf 60' lang='lat' dir='ltr'><strong>exigua</strong></span> <span class='ocrx_word' id='word_1_454' title='bbox 1681 2924 1920 2973; x_wconf 82' lang='lat' dir='ltr'><strong>librorum</strong></span> <span class='ocrx_word' id='word_1_455' title='bbox 1956 2922 2058 2972; x_wconf 86' lang='lat' dir='ltr'><strong>fide</strong></span> <span class='ocrx_word' id='word_1_456' title='bbox 2087 2930 2385 2988; x_wconf 84' lang='lat' dir='ltr'><strong>praeterque</strong></span> 
     </span>
     <span class='ocr_line' id='line_1_40' title="bbox 226 2990 2385 3056; baseline -0.001 -14"><span class='ocrx_word' id='word_1_457' title='bbox 226 2992 607 3053; x_wconf 84' lang='lat' dir='ltr'><strong>necessitatem,</strong></span> <span class='ocrx_word' id='word_1_458' title='bbox 643 3006 799 3055; x_wconf 87' lang='lat' dir='ltr'><strong>quum</strong></span> <span class='ocrx_word' id='word_1_459' title='bbox 828 2991 1121 3055; x_wconf 82' lang='lat' dir='ltr'><strong>proximum</strong></span> <span class='ocrx_word' id='word_1_460' title='bbox 1153 2991 1439 3056; x_wconf 85' lang='lat' dir='ltr'><strong>subjectum</strong></span> <span class='ocrx_word' id='word_1_461' title='bbox 1469 3004 1677 3048; x_wconf 77' lang='grc' dir='ltr'><strong><em>παντες</em></strong></span> <span class='ocrx_word' id='word_1_462' title='bbox 1708 2992 1825 3041; x_wconf 88' lang='lat' dir='ltr'><strong>sint.</strong></span> <span class='ocrx_word' id='word_1_463' title='bbox 1850 3018 1923 3029; x_wconf 90' lang='lat'><strong>—</strong></span> <span class='ocrx_word' id='word_1_464' title='bbox 1953 2991 2011 3041; x_wconf 92' lang='lat' dir='ltr'><strong>P.</strong></span> <span class='ocrx_word' id='word_1_465' title='bbox 2037 2991 2143 3043; x_wconf 86' lang='lat'><strong>473</strong></span> <span class='ocrx_word' id='word_1_466' title='bbox 2180 2990 2218 3041; x_wconf 88' lang='lat' dir='ltr'>C</span> <span class='ocrx_word' id='word_1_467' title='bbox 2248 3004 2385 3054; x_wconf 83' lang='grc' dir='ltr'><strong><em>προ-</em></strong></span> 
     </span>
     <span class='ocr_line' id='line_1_41' title="bbox 224 3050 2385 3126; baseline -0.001 -13"><span class='ocrx_word' id='word_1_468' title='bbox 224 3055 511 3124; x_wconf 82' lang='grc' dir='ltr'><strong><em>εικάζομεν</em></strong></span> <span class='ocrx_word' id='word_1_469' title='bbox 545 3061 583 3109; x_wconf 92' lang='grc' dir='ltr'>Ρ</span> <span class='ocrx_word' id='word_1_470' title='bbox 622 3069 673 3110; x_wconf 88' lang='lat' dir='ltr'><strong>et</strong></span> <span class='ocrx_word' id='word_1_471' title='bbox 705 3062 772 3120; x_wconf 89' lang='lat' dir='ltr'><strong>B,</strong></span> <span class='ocrx_word' id='word_1_472' title='bbox 811 3050 1216 3124; x_wconf 83' lang='grc' dir='ltr'><strong><em>παρεικάζομεν</em></strong></span> <span class='ocrx_word' id='word_1_473' title='bbox 1244 3061 1321 3120; x_wconf 88' lang='lat' dir='ltr'><strong>V,</strong></span> <span class='ocrx_word' id='word_1_474' title='bbox 1355 3053 1792 3124; x_wconf 68' lang='grc' dir='ltr'><strong><em>προσεικάζομεν</em></strong></span> <span class='ocrx_word' id='word_1_475' title='bbox 1831 3058 1923 3119; x_wconf 88' lang='lat' dir='ltr'><strong>ST,</strong></span> <span class='ocrx_word' id='word_1_476' title='bbox 1961 3051 2385 3126; x_wconf 77' lang='grc' dir='ltr'><strong><em>προσῃκάζομεν</em></strong></span> 
     </span>
     <span class='ocr_line' id='line_1_42' title="bbox 225 3128 2381 3196; baseline -0.002 -13"><span class='ocrx_word' id='word_1_477' title='bbox 225 3130 595 3190; x_wconf 85' lang='lat' dir='ltr'><strong>Schneiderus;</strong></span> <span class='ocrx_word' id='word_1_478' title='bbox 634 3131 718 3179; x_wconf 90' lang='lat' dir='ltr'><strong>cui</strong></span> <span class='ocrx_word' id='word_1_479' title='bbox 753 3136 924 3180; x_wconf 87' lang='lat' dir='ltr'><strong>tamen</strong></span> <span class='ocrx_word' id='word_1_480' title='bbox 959 3129 1024 3180; x_wconf 87' lang='lat' dir='ltr'><strong>de</strong></span> <span class='ocrx_word' id='word_1_481' title='bbox 1060 3135 1334 3194; x_wconf 80' lang='lat' dir='ltr'><strong>augmento</strong></span> <span class='ocrx_word' id='word_1_482' title='bbox 1370 3130 1571 3181; x_wconf 82' lang='lat' dir='ltr'><strong>Politic.</strong></span> <span class='ocrx_word' id='word_1_483' title='bbox 1612 3146 1656 3184; x_wconf 87' lang='lat' dir='ltr'><strong>c.</strong></span> <span class='ocrx_word' id='word_1_484' title='bbox 1688 3131 1776 3190; x_wconf 89' lang='lat'><strong>44,</strong></span> <span class='ocrx_word' id='word_1_485' title='bbox 1811 3129 1988 3196; x_wconf 75' lang='lat' dir='ltr'><strong>Symp.</strong></span> <span class='ocrx_word' id='word_1_486' title='bbox 2025 3145 2070 3179; x_wconf 87' lang='lat' dir='ltr'><strong>c.</strong></span> <span class='ocrx_word' id='word_1_487' title='bbox 2102 3128 2186 3190; x_wconf 86' lang='lat'><strong>33,</strong></span> <span class='ocrx_word' id='word_1_488' title='bbox 2228 3129 2381 3196; x_wconf 77' lang='lat' dir='ltr'><strong>Gorg.</strong></span> 
     </span>
     <span class='ocr_line' id='line_1_43' title="bbox 224 3198 2385 3264; baseline -0.001 -12"><span class='ocrx_word' id='word_1_489' title='bbox 224 3217 265 3254; x_wconf 84' lang='lat' dir='ltr'><strong>c.</strong></span> <span class='ocrx_word' id='word_1_490' title='bbox 300 3202 373 3251; x_wconf 92' lang='grc'><strong>47</strong></span> <span class='ocrx_word' id='word_1_491' title='bbox 390 3236 404 3258; x_wconf 92' lang='grc'><em>,</em></span> <span class='ocrx_word' id='word_1_492' title='bbox 445 3200 510 3249; x_wconf 84' lang='lat' dir='ltr'><strong>de</strong></span> <span class='ocrx_word' id='word_1_493' title='bbox 539 3199 920 3264; x_wconf 83' lang='lat' dir='ltr'><strong>praepositione</strong></span> <span class='ocrx_word' id='word_1_494' title='bbox 950 3198 1050 3249; x_wconf 88' lang='lat' dir='ltr'><strong>hoc</strong></span> <span class='ocrx_word' id='word_1_495' title='bbox 1080 3213 1337 3264; x_wconf 85' lang='lat' dir='ltr'><strong>opponere</strong></span> <span class='ocrx_word' id='word_1_496' title='bbox 1369 3198 1519 3259; x_wconf 86' lang='lat' dir='ltr'><strong>licet,</strong></span> <span class='ocrx_word' id='word_1_497' title='bbox 1558 3199 1697 3262; x_wconf 89' lang='lat' dir='ltr'><strong>quod</strong></span> <span class='ocrx_word' id='word_1_498' title='bbox 1730 3214 1884 3262; x_wconf 91' lang='lat' dir='ltr'><strong>quam</strong></span> <span class='ocrx_word' id='word_1_499' title='bbox 1920 3200 2032 3263; x_wconf 85' lang='lat' dir='ltr'><strong>ipse</strong></span> <span class='ocrx_word' id='word_1_500' title='bbox 2066 3206 2238 3263; x_wconf 86' lang='lat' dir='ltr'><strong>aptam</strong></span> <span class='ocrx_word' id='word_1_501' title='bbox 2271 3214 2385 3249; x_wconf 87' lang='lat' dir='ltr'><strong>esse</strong></span> 
     </span>
     <span class='ocr_line' id='line_1_44' title="bbox 222 3258 2384 3337; baseline -0.001 -18"><span class='ocrx_word' id='word_1_502' title='bbox 222 3268 650 3337; x_wconf 81' lang='lat' dir='ltr'><strong>significationem</strong></span> <span class='ocrx_word' id='word_1_503' title='bbox 690 3268 968 3326; x_wconf 86' lang='lat' dir='ltr'><strong>concessit,</strong></span> <span class='ocrx_word' id='word_1_504' title='bbox 1018 3275 1074 3316; x_wconf 92' lang='lat' dir='ltr'><strong>ut</strong></span> <span class='ocrx_word' id='word_1_505' title='bbox 1116 3258 1465 3331; x_wconf 76' lang='grc' dir='ltr'><strong><em>προεικάζειν</em></strong></span> <span class='ocrx_word' id='word_1_506' title='bbox 1514 3283 1605 3333; x_wconf 89' lang='lat' dir='ltr'><strong>pro</strong></span> <span class='ocrx_word' id='word_1_507' title='bbox 1653 3258 1714 3317; x_wconf 74' lang='grc' dir='ltr'><strong>ἐν</strong></span> <span class='ocrx_word' id='word_1_508' title='bbox 1744 3265 1823 3336; x_wconf 78' lang='grc' dir='ltr'><strong>τῷ</strong></span> <span class='ocrx_word' id='word_1_509' title='bbox 1857 3260 2113 3333; x_wconf 75' lang='grc' dir='ltr'><strong><em>πρόσθεν</em></strong></span> <span class='ocrx_word' id='word_1_510' title='bbox 2150 3259 2384 3328; x_wconf 74' lang='grc' dir='ltr'><strong><em>εἰκάζειν</em></strong></span> 
     </span>
     <span class='ocr_line' id='line_1_45' title="bbox 224 3336 2382 3403; baseline -0.003 -14"><span class='ocrx_word' id='word_1_511' title='bbox 224 3336 539 3403; x_wconf 82' lang='lat' dir='ltr'><strong>accipiatur,</strong></span> <span class='ocrx_word' id='word_1_512' title='bbox 587 3349 688 3388; x_wconf 91' lang='lat' dir='ltr'><strong>non</strong></span> <span class='ocrx_word' id='word_1_513' title='bbox 734 3338 799 3387; x_wconf 88' lang='lat' dir='ltr'><strong>ab</strong></span> <span class='ocrx_word' id='word_1_514' title='bbox 848 3351 946 3387; x_wconf 88' lang='lat' dir='ltr'><strong>usu</strong></span> <span class='ocrx_word' id='word_1_515' title='bbox 994 3336 1192 3399; x_wconf 82' lang='lat' dir='ltr'><strong>aliquo,</strong></span> <span class='ocrx_word' id='word_1_516' title='bbox 1236 3337 1333 3388; x_wconf 82' lang='lat' dir='ltr'><strong>sed</strong></span> <span class='ocrx_word' id='word_1_517' title='bbox 1377 3338 1442 3387; x_wconf 87' lang='lat' dir='ltr'><strong>ab</strong></span> <span class='ocrx_word' id='word_1_518' title='bbox 1490 3337 1769 3387; x_wconf 87' lang='lat' dir='ltr'><strong>adverbiali</strong></span> <span class='ocrx_word' id='word_1_519' title='bbox 1813 3338 1980 3402; x_wconf 86' lang='lat' dir='ltr'><strong>ipsius</strong></span> <span class='ocrx_word' id='word_1_520' title='bbox 2016 3337 2298 3402; x_wconf 84' lang='lat' dir='ltr'><strong>particulae</strong></span> <span class='ocrx_word' id='word_1_521' title='bbox 2332 3336 2382 3383; x_wconf 86' lang='lat' dir='ltr'><strong>vi</strong></span> 
     </span>
     <span class='ocr_line' id='line_1_46' title="bbox 222 3402 2382 3474; baseline -0.003 -17"><span class='ocrx_word' id='word_1_522' title='bbox 222 3408 433 3474; x_wconf 84' lang='lat' dir='ltr'><strong>pendet.</strong></span> <span class='ocrx_word' id='word_1_523' title='bbox 478 3433 546 3445; x_wconf 89' lang='lat'>—</span> <span class='ocrx_word' id='word_1_524' title='bbox 575 3406 634 3460; x_wconf 90' lang='lat' dir='ltr'><strong>P.</strong></span> <span class='ocrx_word' id='word_1_525' title='bbox 674 3405 778 3458; x_wconf 82' lang='lat'><strong>473</strong></span> <span class='ocrx_word' id='word_1_526' title='bbox 814 3406 859 3456; x_wconf 89' lang='lat' dir='ltr'>D</span> <span class='ocrx_word' id='word_1_527' title='bbox 895 3402 1139 3473; x_wconf 72' lang='grc' dir='ltr'><strong><em>βασιλεῖς</em></strong></span> <span class='ocrx_word' id='word_1_528' title='bbox 1174 3421 1266 3471; x_wconf 89' lang='lat' dir='ltr'><strong>pro</strong></span> <span class='ocrx_word' id='word_1_529' title='bbox 1293 3402 1524 3473; x_wconf 80' lang='grc' dir='ltr'><strong><em>βασιλῆς</em></strong></span> <span class='ocrx_word' id='word_1_530' title='bbox 1555 3406 1670 3458; x_wconf 87' lang='lat' dir='ltr'><strong>libri</strong></span> <span class='ocrx_word' id='word_1_531' title='bbox 1708 3420 1916 3467; x_wconf 80' lang='lat' dir='ltr'><strong>omnes,</strong></span> <span class='ocrx_word' id='word_1_532' title='bbox 1949 3407 2070 3455; x_wconf 89' lang='lat' dir='ltr'><strong>item</strong></span> <span class='ocrx_word' id='word_1_533' title='bbox 2102 3414 2157 3454; x_wconf 86' lang='lat' dir='ltr'><strong>ut</strong></span> <span class='ocrx_word' id='word_1_534' title='bbox 2187 3420 2240 3469; x_wconf 89' lang='lat' dir='ltr'><strong>p.</strong></span> <span class='ocrx_word' id='word_1_535' title='bbox 2280 3403 2382 3454; x_wconf 82' lang='lat'><strong>488</strong></span> 
     </span>
    </p>
   </div>
  </div>
 </body>
</html>
