<?xml version="1.0" encoding="UTF-8"?>
<!DOCTYPE html PUBLIC "-//W3C//DTD XHTML 1.0 Transitional//EN"
    "http://www.w3.org/TR/xhtml1/DTD/xhtml1-transitional.dtd">
<html xmlns="http://www.w3.org/1999/xhtml" xml:lang="en" lang="en">
 <head>
  <title>
</title>
<meta http-equiv="Content-Type" content="text/html;charset=utf-8" />
  <meta name='ocr-system' content='tesseract 3.04.00' />
  <meta name='ocr-capabilities' content='ocr_page ocr_carea ocr_par ocr_line ocrx_word'/>
</head>
<body>
  <div class='ocr_page' id='page_1' title='image "./dialogisecundum07platgoog_0219.png"; bbox 0 0 2602 3928; ppageno 0'>
   <div class='ocr_carea' id='block_1_1' title="bbox 923 189 2262 262">
    <p class='ocr_par' dir='ltr' id='par_1_1' title="bbox 923 189 2262 262">
     <span class='ocr_line' id='line_1_1' title="bbox 923 189 2262 262; baseline 0.005 -11"><span class='ocrx_word' id='word_1_1' title='bbox 923 195 1498 253; x_wconf 86' lang='grc' dir='ltr'><em>ΠΟΛΙΤΕΙΑΣ</em></span> <span class='ocrx_word' id='word_1_2' title='bbox 1534 189 1602 262; x_wconf 86' lang='grc' dir='ltr'><strong><em>ς’.</em></strong></span> <span class='ocrx_word' id='word_1_3' title='bbox 2139 192 2262 257; x_wconf 78' lang='grc'><strong><em>183</em></strong></span> 
     </span>
    </p>
   </div>
   <div class='ocr_carea' id='block_1_2' title="bbox 239 343 2343 3471">
    <p class='ocr_par' dir='ltr' id='par_1_2' title="bbox 239 343 2343 3471">
     <span class='ocr_line' id='line_1_2' title="bbox 247 343 2265 440; baseline 0 -21"><span class='ocrx_word' id='word_1_4' title='bbox 247 358 399 439; x_wconf 77' lang='grc' dir='ltr'><strong><em>ἔφη,</em></strong></span> <span class='ocrx_word' id='word_1_5' title='bbox 432 355 687 439; x_wconf 69' lang='grc' dir='ltr'><strong><em>ἐλέχθη.</em></strong></span> <span class='ocrx_word' id='word_1_6' title='bbox 749 343 967 431; x_wconf 77' lang='grc' dir='ltr'><strong><em>Οὗτος</em></strong></span> <span class='ocrx_word' id='word_1_7' title='bbox 1000 352 1106 439; x_wconf 84' lang='grc' dir='ltr'><strong><em>δή,</em></strong></span> <span class='ocrx_word' id='word_1_8' title='bbox 1146 350 1356 438; x_wconf 86' lang='grc' dir='ltr'><strong><em>εἶπον,</em></strong></span> <span class='ocrx_word' id='word_1_9' title='bbox 1394 343 1449 418; x_wconf 75' lang='grc' dir='ltr'><em>ὦ</em></span> <span class='ocrx_word' id='word_1_10' title='bbox 1481 353 1838 438; x_wconf 79' lang='grc' dir='ltr'><strong><em>θαυμάσιε,</em></strong></span> <span class='ocrx_word' id='word_1_11' title='bbox 1876 352 2161 440; x_wconf 79' lang='grc' dir='ltr'><strong><em>ὄλεθρός</em></strong></span> <span class='ocrx_word' id='word_1_12' title='bbox 2193 379 2265 421; x_wconf 90' lang='grc' dir='ltr'><strong><em>τε</em></strong></span> 
     </span>
     <span class='ocr_line' id='line_1_3' title="bbox 246 448 2336 539; baseline 0.001 -21"><span class='ocrx_word' id='word_1_13' title='bbox 246 451 721 536; x_wconf 72' lang='grc' dir='ltr'><strong><em>καὶδιαφθορὰ</em></strong></span> <span class='ocrx_word' id='word_1_14' title='bbox 741 448 1030 535; x_wconf 81' lang='grc' dir='ltr'><strong><em>τοσαύτη</em></strong></span> <span class='ocrx_word' id='word_1_15' title='bbox 1054 475 1126 517; x_wconf 88' lang='grc' dir='ltr'><strong><em>τε</em></strong></span> <span class='ocrx_word' id='word_1_16' title='bbox 1154 453 1265 517; x_wconf 83' lang='grc' dir='ltr'><strong><em>καὶ</em></strong></span> <span class='ocrx_word' id='word_1_17' title='bbox 1294 451 1570 536; x_wconf 80' lang='grc' dir='ltr'><strong><em>τοιαύτη</em></strong></span> <span class='ocrx_word' id='word_1_18' title='bbox 1605 457 1721 535; x_wconf 84' lang='grc' dir='ltr'><strong><em>τῆς</em></strong></span> <span class='ocrx_word' id='word_1_19' title='bbox 1753 458 2091 539; x_wconf 79' lang='grc' dir='ltr'><strong><em>βελτίστης</em></strong></span> <span class='ocrx_word' id='word_1_20' title='bbox 2122 454 2262 538; x_wconf 84' lang='grc' dir='ltr'><strong><em>φύ-</em></strong></span> <span class='ocrx_word' id='word_1_21' title='bbox 2297 474 2336 521; x_wconf 86' lang='grc' dir='ltr'>Β</span> 
     </span>
     <span class='ocr_line' id='line_1_4' title="bbox 246 545 2265 636; baseline 0.001 -20"><span class='ocrx_word' id='word_1_22' title='bbox 246 568 416 626; x_wconf 89' lang='grc' dir='ltr'><strong><em>σεως</em></strong></span> <span class='ocrx_word' id='word_1_23' title='bbox 439 555 534 627; x_wconf 87' lang='grc' dir='ltr'><strong><em>είς</em></strong></span> <span class='ocrx_word' id='word_1_24' title='bbox 551 546 624 616; x_wconf 79' lang='grc' dir='ltr'><strong><em>τὸ</em></strong></span> <span class='ocrx_word' id='word_1_25' title='bbox 648 547 921 631; x_wconf 71' lang='grc' dir='ltr'><strong><em>ἄριστον</em></strong></span> <span class='ocrx_word' id='word_1_26' title='bbox 950 549 1370 634; x_wconf 75' lang='grc' dir='ltr'><strong><em>ἐπιτήδευμα,</em></strong></span> <span class='ocrx_word' id='word_1_27' title='bbox 1395 545 1622 634; x_wconf 82' lang='grc' dir='ltr'><strong><em>ὀλίγης</em></strong></span> <span class='ocrx_word' id='word_1_28' title='bbox 1641 553 1752 617; x_wconf 86' lang='grc' dir='ltr'><strong><em>καὶ</em></strong></span> <span class='ocrx_word' id='word_1_29' title='bbox 1784 549 2000 629; x_wconf 76' lang='grc' dir='ltr'><strong><em>ἄλλως</em></strong></span> <span class='ocrx_word' id='word_1_30' title='bbox 2033 577 2265 636; x_wconf 89' lang='grc' dir='ltr'><strong><em>γιγνο-</em></strong></span> 
     </span>
     <span class='ocr_line' id='line_1_5' title="bbox 247 643 2263 732; baseline 0 -18"><span class='ocrx_word' id='word_1_31' title='bbox 247 650 472 732; x_wconf 87' lang='grc' dir='ltr'><strong><em>μένης,</em></strong></span> <span class='ocrx_word' id='word_1_32' title='bbox 509 643 597 724; x_wconf 76' lang='grc' dir='ltr'><strong><em>ῶς</em></strong></span> <span class='ocrx_word' id='word_1_33' title='bbox 618 646 804 732; x_wconf 71' lang='grc' dir='ltr'><strong><em>ἡμεῖς</em></strong></span> <span class='ocrx_word' id='word_1_34' title='bbox 824 649 1062 731; x_wconf 81' lang='grc' dir='ltr'><strong><em>φαμέν.</em></strong></span> <span class='ocrx_word' id='word_1_35' title='bbox 1104 649 1214 714; x_wconf 86' lang='grc' dir='ltr'><strong><em>καὶ</em></strong></span> <span class='ocrx_word' id='word_1_36' title='bbox 1236 649 1310 713; x_wconf 81' lang='grc' dir='ltr'><strong><em>ἐκ</em></strong></span> <span class='ocrx_word' id='word_1_37' title='bbox 1330 645 1685 732; x_wconf 81' lang='grc' dir='ltr'><strong><em>τούτωνδὴ</em></strong></span> <span class='ocrx_word' id='word_1_38' title='bbox 1709 655 1846 715; x_wconf 89' lang='grc' dir='ltr'><strong><em>τῶν</em></strong></span> <span class='ocrx_word' id='word_1_39' title='bbox 1860 646 2132 731; x_wconf 79' lang='grc' dir='ltr'><strong><em>ἀνδρῶν</em></strong></span> <span class='ocrx_word' id='word_1_40' title='bbox 2152 651 2263 715; x_wconf 82' lang='grc' dir='ltr'><strong><em>καὶ</em></strong></span> 
     </span>
     <span class='ocr_line' id='line_1_6' title="bbox 252 739 2263 831; baseline 0.002 -22"><span class='ocrx_word' id='word_1_41' title='bbox 252 746 320 809; x_wconf 75' lang='grc' dir='ltr'><strong><em>οἱ</em></strong></span> <span class='ocrx_word' id='word_1_42' title='bbox 334 745 415 812; x_wconf 80' lang='grc' dir='ltr'><strong><em>τὰ</em></strong></span> <span class='ocrx_word' id='word_1_43' title='bbox 437 748 706 829; x_wconf 87' lang='grc' dir='ltr'><strong><em>μέγιστα</em></strong></span> <span class='ocrx_word' id='word_1_44' title='bbox 727 739 901 811; x_wconf 81' lang='grc' dir='ltr'><strong><em>κακὰ</em></strong></span> <span class='ocrx_word' id='word_1_45' title='bbox 926 743 1353 829; x_wconf 74' lang='grc' dir='ltr'><strong><em>ἐργαζόμενοι</em></strong></span> <span class='ocrx_word' id='word_1_46' title='bbox 1382 742 1500 820; x_wconf 75' lang='grc' dir='ltr'><strong><em>τὰς</em></strong></span> <span class='ocrx_word' id='word_1_47' title='bbox 1531 744 1757 823; x_wconf 83' lang='grc' dir='ltr'><strong><em>πόλεις</em></strong></span> <span class='ocrx_word' id='word_1_48' title='bbox 1789 751 2132 831; x_wconf 88' lang='grc' dir='ltr'><strong><em>γίγνονται</em></strong></span> <span class='ocrx_word' id='word_1_49' title='bbox 2153 748 2263 813; x_wconf 86' lang='grc' dir='ltr'><strong><em>καὶ</em></strong></span> 
     </span>
     <span class='ocr_line' id='line_1_7' title="bbox 244 840 2259 931; baseline 0.001 -20"><span class='ocrx_word' id='word_1_50' title='bbox 244 845 405 922; x_wconf 77' lang='grc' dir='ltr'><strong><em>τούς</em></strong></span> <span class='ocrx_word' id='word_1_51' title='bbox 426 842 706 929; x_wconf 82' lang='grc' dir='ltr'><strong><em>ἰδιῶτας,</em></strong></span> <span class='ocrx_word' id='word_1_52' title='bbox 730 845 839 929; x_wconf 83' lang='grc' dir='ltr'><strong><em>καὶ</em></strong></span> <span class='ocrx_word' id='word_1_53' title='bbox 868 847 939 911; x_wconf 77' lang='grc' dir='ltr'><strong><em>οἱ</em></strong></span> <span class='ocrx_word' id='word_1_54' title='bbox 950 840 1234 929; x_wconf 79' lang='grc' dir='ltr'><strong><em>τάγαθά,</em></strong></span> <span class='ocrx_word' id='word_1_55' title='bbox 1258 849 1333 911; x_wconf 78' lang='grc' dir='ltr'><strong><em>οἳ</em></strong></span> <span class='ocrx_word' id='word_1_56' title='bbox 1344 840 1435 910; x_wconf 75' lang='grc' dir='ltr'><strong><em>ἄν</em></strong></span> <span class='ocrx_word' id='word_1_57' title='bbox 1462 844 1670 931; x_wconf 81' lang='grc' dir='ltr'><strong><em>ταύτῃ</em></strong></span> <span class='ocrx_word' id='word_1_58' title='bbox 1689 844 1937 931; x_wconf 81' lang='grc' dir='ltr'><strong><em>τύχωσι</em></strong></span> <span class='ocrx_word' id='word_1_59' title='bbox 1962 849 2230 931; x_wconf 77' lang='grc' dir='ltr'><strong><em>ῥυέντες</em></strong></span> <span class='ocrx_word' id='word_1_60' title='bbox 2246 871 2259 885; x_wconf 91' lang='grc'><em>·</em></span> 
     </span>
     <span class='ocr_line' id='line_1_8' title="bbox 246 936 2265 1027; baseline 0 -18"><span class='ocrx_word' id='word_1_61' title='bbox 246 941 494 1027; x_wconf 74' lang='grc' dir='ltr'><strong><em>σμικρά</em></strong></span> <span class='ocrx_word' id='word_1_62' title='bbox 518 939 816 1026; x_wconf 70' lang='grc' dir='ltr'><strong><em>δὲφύσις</em></strong></span> <span class='ocrx_word' id='word_1_63' title='bbox 837 937 1041 1008; x_wconf 75' lang='grc' dir='ltr'><strong><em>οὐδὲν</em></strong></span> <span class='ocrx_word' id='word_1_64' title='bbox 1064 944 1229 1026; x_wconf 86' lang='grc' dir='ltr'><strong><em>μέγα</em></strong></span> <span class='ocrx_word' id='word_1_65' title='bbox 1264 936 1582 1009; x_wconf 80' lang='grc' dir='ltr'><strong><em>οὐδέποτε</em></strong></span> <span class='ocrx_word' id='word_1_66' title='bbox 1598 939 1862 1010; x_wconf 75' lang='grc' dir='ltr'><strong><em>Ὁῦδένα</em></strong></span> <span class='ocrx_word' id='word_1_67' title='bbox 1896 943 2052 1011; x_wconf 80' lang='grc' dir='ltr'><strong><em>οὔτε</em></strong></span> <span class='ocrx_word' id='word_1_68' title='bbox 2079 943 2265 1012; x_wconf 78' lang='grc' dir='ltr'><strong><em>ἰδιῶ-</em></strong></span> 
     </span>
     <span class='ocr_line' id='line_1_9' title="bbox 243 1031 2261 1126; baseline 0 -19"><span class='ocrx_word' id='word_1_69' title='bbox 243 1066 371 1126; x_wconf 90' lang='grc' dir='ltr'><strong><em>την</em></strong></span> <span class='ocrx_word' id='word_1_70' title='bbox 391 1038 549 1107; x_wconf 79' lang='grc' dir='ltr'><strong><em>οὔτε</em></strong></span> <span class='ocrx_word' id='word_1_71' title='bbox 568 1039 767 1107; x_wconf 88' lang='grc' dir='ltr'><strong><em>πόλιν</em></strong></span> <span class='ocrx_word' id='word_1_72' title='bbox 802 1042 947 1126; x_wconf 78' lang='grc' dir='ltr'><strong><em>δρᾷ.</em></strong></span> <span class='ocrx_word' id='word_1_73' title='bbox 994 1035 1456 1124; x_wconf 76' lang='grc' dir='ltr'><strong><em>Ἀληθέστατα,</em></strong></span> <span class='ocrx_word' id='word_1_74' title='bbox 1480 1031 1526 1123; x_wconf 79' lang='grc' dir='ltr'><strong><em>ἦ</em></strong></span> <span class='ocrx_word' id='word_1_75' title='bbox 1557 1036 1622 1104; x_wconf 85' lang='grc' dir='ltr'><strong><em>δ’</em></strong></span> <span class='ocrx_word' id='word_1_76' title='bbox 1661 1038 1753 1117; x_wconf 76' lang='grc' dir='ltr'><strong><em>ὅς.</em></strong></span> <span class='ocrx_word' id='word_1_77' title='bbox 1805 1032 2010 1108; x_wconf 82' lang='grc' dir='ltr'><strong><em>Οὗτοι</em></strong></span> <span class='ocrx_word' id='word_1_78' title='bbox 2033 1041 2157 1126; x_wconf 69' lang='grc' dir='ltr'><strong><em>μὲν</em></strong></span> <span class='ocrx_word' id='word_1_79' title='bbox 2179 1038 2261 1126; x_wconf 84' lang='grc' dir='ltr'><strong><em>δὴ</em></strong></span> 
     </span>
     <span class='ocr_line' id='line_1_10' title="bbox 248 1130 2332 1225; baseline 0.001 -20"><span class='ocrx_word' id='word_1_80' title='bbox 248 1135 462 1214; x_wconf 77' lang='grc' dir='ltr'><strong><em>οὕτως</em></strong></span> <span class='ocrx_word' id='word_1_81' title='bbox 508 1140 949 1219; x_wconf 75' lang='grc' dir='ltr'><strong><em>ἐκπίπτοντες,</em></strong></span> <span class='ocrx_word' id='word_1_82' title='bbox 993 1130 1091 1214; x_wconf 79' lang='grc' dir='ltr'><strong><em>οἷς</em></strong></span> <span class='ocrx_word' id='word_1_83' title='bbox 1137 1136 1416 1222; x_wconf 88' lang='grc' dir='ltr'><strong><em>μάλιστα</em></strong></span> <span class='ocrx_word' id='word_1_84' title='bbox 1468 1136 1806 1224; x_wconf 87' lang='grc' dir='ltr'><strong><em>προσήκει,</em></strong></span> <span class='ocrx_word' id='word_1_85' title='bbox 1848 1143 2098 1225; x_wconf 83' lang='grc' dir='ltr'><strong><em>ἔρημον</em></strong></span> <span class='ocrx_word' id='word_1_86' title='bbox 2146 1140 2256 1207; x_wconf 83' lang='grc' dir='ltr'><strong><em>καὶ</em></strong></span> <span class='ocrx_word' id='word_1_87' title='bbox 2294 1144 2332 1196; x_wconf 81' lang='lat'><strong>0</strong></span> 
     </span>
     <span class='ocr_line' id='line_1_11' title="bbox 246 1228 2265 1329; baseline 0 -28"><span class='ocrx_word' id='word_1_88' title='bbox 246 1231 448 1320; x_wconf 77' lang='grc' dir='ltr'><strong><em>ἀτελῆ</em></strong></span> <span class='ocrx_word' id='word_1_89' title='bbox 453 1320 461 1325; x_wconf 22' lang='lat'><strong>⁶</strong></span> <span class='ocrx_word' id='word_1_90' title='bbox 474 1239 880 1319; x_wconf 80' lang='grc' dir='ltr'><strong><em>φιλοσοφίαν</em></strong></span> <span class='ocrx_word' id='word_1_91' title='bbox 900 1239 1236 1311; x_wconf 72' lang='grc' dir='ltr'><strong><em>λείποντες</em></strong></span> <span class='ocrx_word' id='word_1_92' title='bbox 1259 1228 1455 1301; x_wconf 82' lang='grc' dir='ltr'><strong><em>αὐτοί</em></strong></span> <span class='ocrx_word' id='word_1_93' title='bbox 1467 1258 1538 1301; x_wconf 85' lang='grc' dir='ltr'><strong><em>τε</em></strong></span> <span class='ocrx_word' id='word_1_94' title='bbox 1560 1239 1710 1320; x_wconf 87' lang='grc' dir='ltr'><strong><em>βίον</em></strong></span> <span class='ocrx_word' id='word_1_95' title='bbox 1731 1233 1817 1301; x_wconf 81' lang='grc' dir='ltr'><strong><em>οὐ</em></strong></span> <span class='ocrx_word' id='word_1_96' title='bbox 1838 1236 2265 1329; x_wconf 79' lang='grc' dir='ltr'><strong><em>προσήκοντα</em></strong></span> 
     </span>
     <span class='ocr_line' id='line_1_12' title="bbox 250 1330 2262 1421; baseline 0.001 -20"><span class='ocrx_word' id='word_1_97' title='bbox 250 1331 399 1402; x_wconf 75' lang='grc' dir='ltr'><strong><em>οὐδ’</em></strong></span> <span class='ocrx_word' id='word_1_98' title='bbox 435 1331 659 1418; x_wconf 76' lang='grc' dir='ltr'><strong><em>ἀληθῆ</em></strong></span> <span class='ocrx_word' id='word_1_99' title='bbox 685 1330 861 1417; x_wconf 83' lang='grc' dir='ltr'><strong><em>ζῶσι,</em></strong></span> <span class='ocrx_word' id='word_1_100' title='bbox 886 1331 1012 1421; x_wconf 83' lang='grc' dir='ltr'><strong><em>τὴν</em></strong></span> <span class='ocrx_word' id='word_1_101' title='bbox 1038 1333 1109 1401; x_wconf 69' lang='grc' dir='ltr'><strong><em>δὲ</em></strong></span> <span class='ocrx_word' id='word_1_102' title='bbox 1131 1331 1354 1417; x_wconf 80' lang='grc' dir='ltr'><strong><em>ῶσπερ</em></strong></span> <span class='ocrx_word' id='word_1_103' title='bbox 1378 1330 1686 1420; x_wconf 78' lang='grc' dir='ltr'><strong><em>ὀρφανὴν</em></strong></span> <span class='ocrx_word' id='word_1_104' title='bbox 1709 1339 2049 1421; x_wconf 73' lang='grc' dir='ltr'><strong><em>ξυγγενῶν</em></strong></span> <span class='ocrx_word' id='word_1_105' title='bbox 2071 1335 2262 1403; x_wconf 78' lang='grc' dir='ltr'><strong><em>ἄλλοι</em></strong></span> 
     </span>
     <span class='ocr_line' id='line_1_13' title="bbox 243 1427 2259 1518; baseline 0 -19"><span class='ocrx_word' id='word_1_106' title='bbox 243 1430 749 1508; x_wconf 75' lang='grc' dir='ltr'><strong><em>ἐπεισελθόντες</em></strong></span> <span class='ocrx_word' id='word_1_107' title='bbox 782 1427 1039 1509; x_wconf 81' lang='grc' dir='ltr'><strong><em>άνάξιοι</em></strong></span> <span class='ocrx_word' id='word_1_108' title='bbox 1072 1429 1379 1517; x_wconf 79' lang='grc' dir='ltr'><strong><em>ᾔσχυνάν</em></strong></span> <span class='ocrx_word' id='word_1_109' title='bbox 1409 1455 1481 1498; x_wconf 91' lang='grc' dir='ltr'><strong><em>τε</em></strong></span> <span class='ocrx_word' id='word_1_110' title='bbox 1514 1435 1625 1500; x_wconf 87' lang='grc' dir='ltr'><strong><em>καὶ</em></strong></span> <span class='ocrx_word' id='word_1_111' title='bbox 1657 1431 1881 1518; x_wconf 79' lang='grc' dir='ltr'><strong><em>ὀνείδη</em></strong></span> <span class='ocrx_word' id='word_1_112' title='bbox 1904 1441 2259 1518; x_wconf 78' lang='grc' dir='ltr'><strong><em>περιῆψαν,</em></strong></span> 
     </span>
     <span class='ocr_line' id='line_1_14' title="bbox 250 1524 2262 1615; baseline 0 -19"><span class='ocrx_word' id='word_1_113' title='bbox 250 1524 357 1596; x_wconf 85' lang='grc' dir='ltr'><strong><em>οἶα</em></strong></span> <span class='ocrx_word' id='word_1_114' title='bbox 389 1530 502 1596; x_wconf 85' lang='grc' dir='ltr'><strong><em>καὶ</em></strong></span> <span class='ocrx_word' id='word_1_115' title='bbox 535 1526 622 1594; x_wconf 81' lang='grc' dir='ltr'>σύ</span> <span class='ocrx_word' id='word_1_116' title='bbox 646 1528 779 1614; x_wconf 82' lang='grc' dir='ltr'><strong><em>φῂς</em></strong></span> <span class='ocrx_word' id='word_1_117' title='bbox 801 1524 1144 1607; x_wconf 76' lang='grc' dir='ltr'><strong><em>ὀνειδίζειν</em></strong></span> <span class='ocrx_word' id='word_1_118' title='bbox 1164 1526 1323 1607; x_wconf 81' lang='grc' dir='ltr'><strong><em>τούς</em></strong></span> <span class='ocrx_word' id='word_1_119' title='bbox 1342 1527 1798 1615; x_wconf 77' lang='grc' dir='ltr'><strong><em>ὀνειδίζοντας,</em></strong></span> <span class='ocrx_word' id='word_1_120' title='bbox 1826 1527 1912 1608; x_wconf 79' lang='grc' dir='ltr'><strong><em>ὡς</em></strong></span> <span class='ocrx_word' id='word_1_121' title='bbox 1935 1534 2004 1597; x_wconf 79' lang='grc' dir='ltr'><strong><em>οἰ</em></strong></span> <span class='ocrx_word' id='word_1_122' title='bbox 2016 1529 2262 1609; x_wconf 81' lang='grc' dir='ltr'><strong><em>ξυνόν-</em></strong></span> 
     </span>
     <span class='ocr_line' id='line_1_15' title="bbox 246 1623 2268 1712; baseline 0.001 -19"><span class='ocrx_word' id='word_1_123' title='bbox 246 1652 354 1704; x_wconf 90' lang='grc' dir='ltr'><strong><em>τες</em></strong></span> <span class='ocrx_word' id='word_1_124' title='bbox 373 1625 544 1712; x_wconf 81' lang='grc' dir='ltr'><strong><em>αὐτῇ</em></strong></span> <span class='ocrx_word' id='word_1_125' title='bbox 564 1630 635 1694; x_wconf 76' lang='grc' dir='ltr'><strong><em>οἱ</em></strong></span> <span class='ocrx_word' id='word_1_126' title='bbox 650 1629 773 1712; x_wconf 76' lang='grc' dir='ltr'><strong><em>μὲν</em></strong></span> <span class='ocrx_word' id='word_1_127' title='bbox 797 1623 1095 1709; x_wconf 83' lang='grc' dir='ltr'><strong><em>οὐδενός,</em></strong></span> <span class='ocrx_word' id='word_1_128' title='bbox 1119 1629 1189 1693; x_wconf 77' lang='grc' dir='ltr'><strong><em>οἱ</em></strong></span> <span class='ocrx_word' id='word_1_129' title='bbox 1206 1629 1278 1695; x_wconf 74' lang='grc' dir='ltr'><strong><em>δὲ</em></strong></span> <span class='ocrx_word' id='word_1_130' title='bbox 1298 1629 1531 1695; x_wconf 81' lang='grc' dir='ltr'><strong><em>πολλοὶ</em></strong></span> <span class='ocrx_word' id='word_1_131' title='bbox 1552 1635 1822 1696; x_wconf 91' lang='grc' dir='ltr'><strong><em>πολλῶν</em></strong></span> <span class='ocrx_word' id='word_1_132' title='bbox 1841 1635 2069 1695; x_wconf 86' lang='grc' dir='ltr'><strong><em>κακῶν</em></strong></span> <span class='ocrx_word' id='word_1_133' title='bbox 2092 1627 2268 1707; x_wconf 75' lang='grc' dir='ltr'><strong><em>ἄξιοί</em></strong></span> 
     </span>
     <span class='ocr_line' id='line_1_16' title="bbox 245 1716 2266 1810; baseline 0 -18"><span class='ocrx_word' id='word_1_134' title='bbox 245 1730 432 1793; x_wconf 78' lang='grc' dir='ltr'><strong><em>εἰσιν.</em></strong></span> <span class='ocrx_word' id='word_1_135' title='bbox 477 1726 608 1792; x_wconf 82' lang='grc' dir='ltr'><strong><em>Καὶ</em></strong></span> <span class='ocrx_word' id='word_1_136' title='bbox 630 1721 759 1809; x_wconf 77' lang='grc' dir='ltr'><strong><em>γάρ</em></strong></span> <span class='ocrx_word' id='word_1_137' title='bbox 783 1716 930 1807; x_wconf 77' lang='grc' dir='ltr'><strong><em>οὖν,</em></strong></span> <span class='ocrx_word' id='word_1_138' title='bbox 953 1729 1103 1809; x_wconf 82' lang='grc' dir='ltr'><strong><em>ἔφη,</em></strong></span> <span class='ocrx_word' id='word_1_139' title='bbox 1127 1724 1207 1791; x_wconf 86' lang='grc' dir='ltr'><strong><em>τά</em></strong></span> <span class='ocrx_word' id='word_1_140' title='bbox 1242 1751 1318 1809; x_wconf 91' lang='grc' dir='ltr'><strong><em>γε</em></strong></span> <span class='ocrx_word' id='word_1_141' title='bbox 1351 1725 1675 1810; x_wconf 86' lang='grc' dir='ltr'><strong><em>λεγόμενα</em></strong></span> <span class='ocrx_word' id='word_1_142' title='bbox 1696 1733 1921 1793; x_wconf 80' lang='grc' dir='ltr'><strong><em>ταῦτα.</em></strong></span> <span class='ocrx_word' id='word_1_143' title='bbox 1968 1726 2266 1805; x_wconf 83' lang='grc' dir='ltr'><strong><em>Εἰκότως</em></strong></span> 
     </span>
     <span class='ocr_line' id='line_1_17' title="bbox 250 1816 2263 1909; baseline -0 -19"><span class='ocrx_word' id='word_1_144' title='bbox 250 1849 347 1908; x_wconf 88' lang='grc' dir='ltr'><strong><em>γε,</em></strong></span> <span class='ocrx_word' id='word_1_145' title='bbox 370 1816 460 1909; x_wconf 78' lang='grc' dir='ltr'><strong><em>ἦν</em></strong></span> <span class='ocrx_word' id='word_1_146' title='bbox 482 1820 546 1889; x_wconf 87' lang='grc' dir='ltr'><strong><em>δ’</em></strong></span> <span class='ocrx_word' id='word_1_147' title='bbox 573 1822 725 1907; x_wconf 73' lang='grc' dir='ltr'><strong><em>ἐγώ,</em></strong></span> <span class='ocrx_word' id='word_1_148' title='bbox 748 1820 1092 1908; x_wconf 88' lang='grc' dir='ltr'><strong><em>λεγόμενα.</em></strong></span> <span class='ocrx_word' id='word_1_149' title='bbox 1135 1831 1562 1908; x_wconf 77' lang='grc' dir='ltr'><strong><em>καθορῶντες</em></strong></span> <span class='ocrx_word' id='word_1_150' title='bbox 1597 1822 1728 1908; x_wconf 78' lang='grc' dir='ltr'><strong><em>γὰρ</em></strong></span> <span class='ocrx_word' id='word_1_151' title='bbox 1763 1821 1953 1890; x_wconf 79' lang='grc' dir='ltr'><strong><em>ἄλλοι</em></strong></span> <span class='ocrx_word' id='word_1_152' title='bbox 1985 1819 2263 1904; x_wconf 75' lang='grc' dir='ltr'><strong><em>ἄνθ-ρω-</em></strong></span> 
     </span>
     <span class='ocr_line' id='line_1_18' title="bbox 250 1918 2263 2009; baseline -0 -19"><span class='ocrx_word' id='word_1_153' title='bbox 250 1928 475 1990; x_wconf 86' lang='grc' dir='ltr'><strong><em>πίσκοι</em></strong></span> <span class='ocrx_word' id='word_1_154' title='bbox 514 1918 720 2007; x_wconf 80' lang='grc' dir='ltr'><strong><em>κενὴν</em></strong></span> <span class='ocrx_word' id='word_1_155' title='bbox 762 1919 887 2008; x_wconf 78' lang='grc' dir='ltr'><strong><em>τὴν</em></strong></span> <span class='ocrx_word' id='word_1_156' title='bbox 916 1921 1144 2008; x_wconf 81' lang='grc' dir='ltr'><strong><em>χῶραν</em></strong></span> <span class='ocrx_word' id='word_1_157' title='bbox 1178 1921 1429 2009; x_wconf 81' lang='grc' dir='ltr'><strong><em>ταύτην</em></strong></span> <span class='ocrx_word' id='word_1_158' title='bbox 1461 1925 1884 2008; x_wconf 79' lang='grc' dir='ltr'><strong><em>γιγνομένην,</em></strong></span> <span class='ocrx_word' id='word_1_159' title='bbox 1919 1927 2145 1989; x_wconf 83' lang='grc' dir='ltr'><strong><em>καλῶν</em></strong></span> <span class='ocrx_word' id='word_1_160' title='bbox 2190 1924 2263 1989; x_wconf 78' lang='grc' dir='ltr'><strong><em>δὲ</em></strong></span> 
     </span>
     <span class='ocr_line' id='line_1_19' title="bbox 246 2018 2337 2107; baseline 0 -21"><span class='ocrx_word' id='word_1_161' title='bbox 246 2018 596 2105; x_wconf 78' lang='grc' dir='ltr'><strong><em>ὀνομάτων</em></strong></span> <span class='ocrx_word' id='word_1_162' title='bbox 610 2021 722 2087; x_wconf 84' lang='grc' dir='ltr'><strong><em>καὶ</em></strong></span> <span class='ocrx_word' id='word_1_163' title='bbox 743 2020 1227 2105; x_wconf 77' lang='grc' dir='ltr'><strong><em>προσχημάτων</em></strong></span> <span class='ocrx_word' id='word_1_164' title='bbox 1238 2022 1507 2107; x_wconf 82' lang='grc' dir='ltr'><strong><em>μεστήν,</em></strong></span> <span class='ocrx_word' id='word_1_165' title='bbox 1528 2020 1751 2105; x_wconf 80' lang='grc' dir='ltr'><strong><em>ῶσπερ</em></strong></span> <span class='ocrx_word' id='word_1_166' title='bbox 1764 2024 1833 2087; x_wconf 83' lang='lat' dir='ltr'><strong><em>oc</em></strong></span> <span class='ocrx_word' id='word_1_167' title='bbox 1850 2022 1923 2087; x_wconf 83' lang='grc' dir='ltr'><strong><em>ἐκ</em></strong></span> <span class='ocrx_word' id='word_1_168' title='bbox 1936 2026 2071 2086; x_wconf 87' lang='grc' dir='ltr'><strong><em>τῶν</em></strong></span> <span class='ocrx_word' id='word_1_169' title='bbox 2085 2023 2256 2105; x_wconf 77' lang='grc' dir='ltr'><strong><em>εἰργ-</em></strong></span> <span class='ocrx_word' id='word_1_170' title='bbox 2294 2037 2337 2087; x_wconf 90' lang='lat' dir='ltr'>D</span> 
     </span>
     <span class='ocr_line' id='line_1_20' title="bbox 244 2107 2262 2204; baseline 0.001 -21"><span class='ocrx_word' id='word_1_171' title='bbox 244 2124 391 2203; x_wconf 91' lang='grc' dir='ltr'><strong><em>μῶν</em></strong></span> <span class='ocrx_word' id='word_1_172' title='bbox 424 2122 517 2195; x_wconf 78' lang='grc' dir='ltr'><strong><em>εἰς</em></strong></span> <span class='ocrx_word' id='word_1_173' title='bbox 543 2117 628 2184; x_wconf 75' lang='grc' dir='ltr'><strong><em>τὰ</em></strong></span> <span class='ocrx_word' id='word_1_174' title='bbox 671 2115 816 2203; x_wconf 76' lang='grc' dir='ltr'><strong><em>ἱερὰ</em></strong></span> <span class='ocrx_word' id='word_1_175' title='bbox 847 2114 1451 2201; x_wconf 78' lang='grc' dir='ltr'><strong><em>ἀποδιδράσκοντες</em></strong></span> <span class='ocrx_word' id='word_1_176' title='bbox 1494 2119 1772 2204; x_wconf 80' lang='grc' dir='ltr'><strong><em>ἄσμενοι</em></strong></span> <span class='ocrx_word' id='word_1_177' title='bbox 1807 2118 1918 2184; x_wconf 80' lang='grc' dir='ltr'><strong><em>καὶ</em></strong></span> <span class='ocrx_word' id='word_1_178' title='bbox 1958 2107 2144 2184; x_wconf 78' lang='grc' dir='ltr'><strong><em>οὗτοι</em></strong></span> <span class='ocrx_word' id='word_1_179' title='bbox 2188 2122 2262 2185; x_wconf 84' lang='grc' dir='ltr'><strong><em>ἐκ</em></strong></span> 
     </span>
     <span class='ocr_line' id='line_1_21' title="bbox 244 2211 2263 2303; baseline 0.002 -23"><span class='ocrx_word' id='word_1_180' title='bbox 244 2222 384 2280; x_wconf 90' lang='grc' dir='ltr'><strong><em>τῶν</em></strong></span> <span class='ocrx_word' id='word_1_181' title='bbox 402 2221 656 2300; x_wconf 86' lang='grc' dir='ltr'><strong><em>τεχνῶν</em></strong></span> <span class='ocrx_word' id='word_1_182' title='bbox 673 2217 1050 2300; x_wconf 74' lang='grc' dir='ltr'><strong><em>ἐκπηδῶσιν</em></strong></span> <span class='ocrx_word' id='word_1_183' title='bbox 1069 2222 1160 2294; x_wconf 82' lang='grc' dir='ltr'><strong><em>εἰς</em></strong></span> <span class='ocrx_word' id='word_1_184' title='bbox 1179 2217 1305 2303; x_wconf 78' lang='grc' dir='ltr'><strong><em>τὴν</em></strong></span> <span class='ocrx_word' id='word_1_185' title='bbox 1328 2222 1756 2303; x_wconf 83' lang='grc' dir='ltr'><strong><em>φιλοσοφίαν,</em></strong></span> <span class='ocrx_word' id='word_1_186' title='bbox 1793 2223 1865 2284; x_wconf 80' lang='grc' dir='ltr'><strong><em>οἳ</em></strong></span> <span class='ocrx_word' id='word_1_187' title='bbox 1889 2211 1977 2283; x_wconf 75' lang='grc' dir='ltr'><strong><em>ἂν</em></strong></span> <span class='ocrx_word' id='word_1_188' title='bbox 2000 2217 2263 2301; x_wconf 81' lang='grc' dir='ltr'><strong><em>κομψό-</em></strong></span> 
     </span>
     <span class='ocr_line' id='line_1_22' title="bbox 246 2310 2259 2400; baseline 0 -22"><span class='ocrx_word' id='word_1_189' title='bbox 246 2337 430 2380; x_wconf 88' lang='grc' dir='ltr'><strong><em>τατοι</em></strong></span> <span class='ocrx_word' id='word_1_190' title='bbox 452 2310 641 2391; x_wconf 80' lang='grc' dir='ltr'><strong><em>ὄντες</em></strong></span> <span class='ocrx_word' id='word_1_191' title='bbox 659 2312 1035 2397; x_wconf 80' lang='grc' dir='ltr'><strong><em>τυγχάνωσι</em></strong></span> <span class='ocrx_word' id='word_1_192' title='bbox 1054 2316 1205 2396; x_wconf 80' lang='grc' dir='ltr'><strong><em>περὶ</em></strong></span> <span class='ocrx_word' id='word_1_193' title='bbox 1236 2312 1313 2381; x_wconf 86' lang='grc' dir='ltr'><strong><em>τό</em></strong></span> <span class='ocrx_word' id='word_1_194' title='bbox 1340 2311 1567 2382; x_wconf 75' lang='grc' dir='ltr'><strong><em>αὐτῶν</em></strong></span> <span class='ocrx_word' id='word_1_195' title='bbox 1601 2320 1879 2400; x_wconf 88' lang='grc' dir='ltr'><strong><em>τεχνίον.</em></strong></span> <span class='ocrx_word' id='word_1_196' title='bbox 1919 2311 2098 2399; x_wconf 78' lang='grc' dir='ltr'><strong><em>ὅμως</em></strong></span> <span class='ocrx_word' id='word_1_197' title='bbox 2129 2312 2259 2399; x_wconf 76' lang='grc' dir='ltr'><strong><em>γὰρ</em></strong></span> 
     </span>
     <span class='ocr_line' id='line_1_23' title="bbox 248 2405 2259 2495; baseline 0.001 -21"><span class='ocrx_word' id='word_1_198' title='bbox 248 2405 331 2492; x_wconf 76' lang='grc' dir='ltr'><strong><em>δὴ</em></strong></span> <span class='ocrx_word' id='word_1_199' title='bbox 352 2408 518 2492; x_wconf 86' lang='grc' dir='ltr'><strong><em>πρός</em></strong></span> <span class='ocrx_word' id='word_1_200' title='bbox 539 2433 617 2493; x_wconf 89' lang='grc' dir='ltr'><strong><em>γε</em></strong></span> <span class='ocrx_word' id='word_1_201' title='bbox 633 2406 752 2486; x_wconf 79' lang='grc' dir='ltr'><strong><em>τὰς</em></strong></span> <span class='ocrx_word' id='word_1_202' title='bbox 771 2407 978 2485; x_wconf 77' lang='grc' dir='ltr'><strong><em>ἄλλας</em></strong></span> <span class='ocrx_word' id='word_1_203' title='bbox 994 2412 1223 2495; x_wconf 79' lang='grc' dir='ltr'><strong><em>τέχνας</em></strong></span> <span class='ocrx_word' id='word_1_204' title='bbox 1244 2416 1481 2495; x_wconf 86' lang='grc' dir='ltr'><strong><em>καίπερ</em></strong></span> <span class='ocrx_word' id='word_1_205' title='bbox 1505 2408 1681 2477; x_wconf 74' lang='grc' dir='ltr'><strong><em>οὕτω</em></strong></span> <span class='ocrx_word' id='word_1_206' title='bbox 1704 2409 2122 2495; x_wconf 82' lang='grc' dir='ltr'><strong><em>πραττούσης</em></strong></span> <span class='ocrx_word' id='word_1_207' title='bbox 2141 2435 2259 2495; x_wconf 87' lang='grc' dir='ltr'><strong><em>φι-</em></strong></span> 
     </span>
     <span class='ocr_line' id='line_1_24' title="bbox 245 2498 2259 2592; baseline 0.001 -20"><span class='ocrx_word' id='word_1_208' title='bbox 245 2510 564 2590; x_wconf 84' lang='grc' dir='ltr'><strong><em>λοσοφίας</em></strong></span> <span class='ocrx_word' id='word_1_209' title='bbox 584 2503 657 2574; x_wconf 87' lang='grc' dir='ltr'><strong><em>τό</em></strong></span> <span class='ocrx_word' id='word_1_210' title='bbox 684 2503 934 2592; x_wconf 76' lang='grc' dir='ltr'><strong><em>ἀξίωμα</em></strong></span> <span class='ocrx_word' id='word_1_211' title='bbox 967 2514 1661 2592; x_wconf 80' lang='grc' dir='ltr'><strong><em>μεγαλοπρεπέστερον</em></strong></span> <span class='ocrx_word' id='word_1_212' title='bbox 1692 2514 1979 2575; x_wconf 86' lang='grc' dir='ltr'><strong><em>λείπεται</em></strong></span> <span class='ocrx_word' id='word_1_213' title='bbox 1997 2533 2010 2545; x_wconf 92' lang='grc'><em>·</em></span> <span class='ocrx_word' id='word_1_214' title='bbox 2044 2498 2145 2573; x_wconf 77' lang='grc' dir='ltr'><strong><em>οὗ</em></strong></span> <span class='ocrx_word' id='word_1_215' title='bbox 2178 2504 2259 2591; x_wconf 82' lang='grc' dir='ltr'><strong><em>δὴ</em></strong></span> 
     </span>
     <span class='ocr_line' id='line_1_25' title="bbox 246 2601 2262 2692; baseline 0.001 -23"><span class='ocrx_word' id='word_1_216' title='bbox 246 2604 580 2687; x_wconf 77' lang='grc' dir='ltr'><strong><em>ἐφιέμενοι</em></strong></span> <span class='ocrx_word' id='word_1_217' title='bbox 600 2606 833 2671; x_wconf 86' lang='grc' dir='ltr'><strong><em>πολλοὶ</em></strong></span> <span class='ocrx_word' id='word_1_218' title='bbox 852 2601 1100 2683; x_wconf 71' lang='grc' dir='ltr'><strong><em>ἀτελεῖς</em></strong></span> <span class='ocrx_word' id='word_1_219' title='bbox 1120 2606 1243 2691; x_wconf 72' lang='grc' dir='ltr'><strong><em>μεν</em></strong></span> <span class='ocrx_word' id='word_1_220' title='bbox 1263 2604 1379 2684; x_wconf 70' lang='grc' dir='ltr'><strong><em>τὰς</em></strong></span> <span class='ocrx_word' id='word_1_221' title='bbox 1401 2607 1657 2692; x_wconf 84' lang='grc' dir='ltr'><strong><em>φύσεις,</em></strong></span> <span class='ocrx_word' id='word_1_222' title='bbox 1697 2601 1828 2671; x_wconf 80' lang='grc' dir='ltr'><strong><em>ὑπὸ</em></strong></span> <span class='ocrx_word' id='word_1_223' title='bbox 1867 2605 1940 2670; x_wconf 77' lang='grc' dir='ltr'><strong><em>δὲ</em></strong></span> <span class='ocrx_word' id='word_1_224' title='bbox 1982 2612 2118 2671; x_wconf 89' lang='grc' dir='ltr'><strong><em>τῶν</em></strong></span> <span class='ocrx_word' id='word_1_225' title='bbox 2152 2630 2262 2671; x_wconf 87' lang='grc' dir='ltr'><strong><em>τε-</em></strong></span> 
     </span>
     <span class='ocr_line' id='line_1_26' title="bbox 245 2699 2259 2792; baseline 0.001 -26"><span class='ocrx_word' id='word_1_226' title='bbox 245 2705 427 2783; x_wconf 87' lang='grc' dir='ltr'><strong><em>χνῶν</em></strong></span> <span class='ocrx_word' id='word_1_227' title='bbox 452 2724 524 2767; x_wconf 90' lang='grc' dir='ltr'><strong><em>τε</em></strong></span> <span class='ocrx_word' id='word_1_228' title='bbox 546 2704 655 2792; x_wconf 57' lang='grc' dir='ltr'><strong><em>καὶ</em></strong></span> <span class='ocrx_word' id='word_1_229' title='bbox 679 2704 1153 2786; x_wconf 73' lang='grc' dir='ltr'><strong><em>δημιουργιῶν,</em></strong></span> <span class='ocrx_word' id='word_1_230' title='bbox 1178 2700 1402 2787; x_wconf 83' lang='grc' dir='ltr'><strong><em>ῶσπερ</em></strong></span> <span class='ocrx_word' id='word_1_231' title='bbox 1424 2700 1503 2769; x_wconf 74' lang='grc' dir='ltr'><strong><em>τοὶ</em></strong></span> <span class='ocrx_word' id='word_1_232' title='bbox 1536 2700 1804 2786; x_wconf 75' lang='grc' dir='ltr'><strong><em>σώματα</em></strong></span> <span class='ocrx_word' id='word_1_233' title='bbox 1832 2699 2259 2789; x_wconf 74' lang='grc' dir='ltr'><strong><em>λελώβηνται,</em></strong></span> 
     </span>
     <span class='ocr_line' id='line_1_27' title="bbox 250 2793 2343 2886; baseline 0.001 -23"><span class='ocrx_word' id='word_1_234' title='bbox 250 2793 426 2864; x_wconf 80' lang='grc' dir='ltr'><strong><em>οὕτω</em></strong></span> <span class='ocrx_word' id='word_1_235' title='bbox 449 2799 698 2877; x_wconf 76' lang='grc' dir='ltr'><strong><em>καὶτὰς</em></strong></span> <span class='ocrx_word' id='word_1_236' title='bbox 719 2796 934 2885; x_wconf 72' lang='grc' dir='ltr'><strong><em>ψυχας</em></strong></span> <span class='ocrx_word' id='word_1_237' title='bbox 968 2800 1526 2885; x_wconf 79' lang='grc' dir='ltr'><strong><em>ξυγκεκλασμένοι</em></strong></span> <span class='ocrx_word' id='word_1_238' title='bbox 1556 2826 1626 2866; x_wconf 87' lang='grc' dir='ltr'><strong><em>τε</em></strong></span> <span class='ocrx_word' id='word_1_239' title='bbox 1671 2802 1782 2868; x_wconf 79' lang='grc' dir='ltr'><strong><em>καὶ</em></strong></span> <span class='ocrx_word' id='word_1_240' title='bbox 1826 2796 2260 2886; x_wconf 80' lang='grc' dir='ltr'><strong><em>ἄποτεθρυμ-</em></strong></span> <span class='ocrx_word' id='word_1_241' title='bbox 2300 2815 2343 2865; x_wconf 76' lang='grc' dir='ltr'>Ε</span> 
     </span>
     <span class='ocr_line' id='line_1_28' title="bbox 247 2895 2264 2986; baseline 0.003 -24"><span class='ocrx_word' id='word_1_242' title='bbox 247 2897 434 2979; x_wconf 86' lang='grc' dir='ltr'><strong><em>μένοι</em></strong></span> <span class='ocrx_word' id='word_1_243' title='bbox 457 2895 564 2963; x_wconf 71' lang='grc' dir='ltr'><strong><em>διὰ</em></strong></span> <span class='ocrx_word' id='word_1_244' title='bbox 585 2897 702 2975; x_wconf 79' lang='grc' dir='ltr'><strong><em>τὰς</em></strong></span> <span class='ocrx_word' id='word_1_245' title='bbox 722 2903 1092 2984; x_wconf 85' lang='grc' dir='ltr'><strong><em>βαναυσίας</em></strong></span> <span class='ocrx_word' id='word_1_246' title='bbox 1111 2897 1575 2986; x_wconf 87' lang='grc' dir='ltr'><strong><em>τυγχάνουσιν.</em></strong></span> <span class='ocrx_word' id='word_1_247' title='bbox 1599 2897 1646 2984; x_wconf 77' lang='grc' dir='ltr'><em>ἢ</em></span> <span class='ocrx_word' id='word_1_248' title='bbox 1668 2895 1795 2964; x_wconf 80' lang='grc' dir='ltr'><strong><em>οὐκ</em></strong></span> <span class='ocrx_word' id='word_1_249' title='bbox 1813 2896 2107 2985; x_wconf 67' lang='grc' dir='ltr'><strong><em>ἀνάγκης</em></strong></span> <span class='ocrx_word' id='word_1_250' title='bbox 2130 2905 2264 2970; x_wconf 86' lang='grc' dir='ltr'><strong><em>Καὶ</em></strong></span> 
     </span>
     <span class='ocr_line' id='line_1_29' title="bbox 247 2988 2267 3090; baseline 0.002 -31"><span class='ocrx_word' id='word_1_251' title='bbox 247 2991 443 3078; x_wconf 87' lang='grc' dir='ltr'><strong><em>μάλα,</em></strong></span> <span class='ocrx_word' id='word_1_252' title='bbox 469 3000 618 3081; x_wconf 79' lang='grc' dir='ltr'><strong><em>ἔφη.</em></strong></span> <span class='ocrx_word' id='word_1_253' title='bbox 664 3002 908 3073; x_wconf 82' lang='grc' dir='ltr'><strong><em>Δοκεῖς</em></strong></span> <span class='ocrx_word' id='word_1_254' title='bbox 942 2988 1072 3063; x_wconf 76' lang='grc' dir='ltr'><strong><em>οὖν</em></strong></span> <span class='ocrx_word' id='word_1_255' title='bbox 1102 3022 1185 3082; x_wconf 89' lang='grc' dir='ltr'><strong><em>τι,</em></strong></span> <span class='ocrx_word' id='word_1_256' title='bbox 1222 2989 1310 3083; x_wconf 81' lang='grc' dir='ltr'><strong><em>ἦν</em></strong></span> <span class='ocrx_word' id='word_1_257' title='bbox 1342 2995 1403 3063; x_wconf 87' lang='grc' dir='ltr'><strong><em>δ’</em></strong></span> <span class='ocrx_word' id='word_1_258' title='bbox 1443 2996 1596 3082; x_wconf 78' lang='grc' dir='ltr'><strong><em>έγῶ,</em></strong></span> <span class='ocrx_word' id='word_1_259' title='bbox 1638 2996 1981 3082; x_wconf 77' lang='grc' dir='ltr'><strong><em>διαφέρειν</em></strong></span> <span class='ocrx_word' id='word_1_260' title='bbox 2017 2993 2267 3090; x_wconf 78' lang='grc' dir='ltr'><strong><em>αὐτοὺς</em></strong></span> 
     </span>
     <span class='ocr_line' id='line_1_30' title="bbox 247 3089 2266 3181; baseline 0.002 -25"><span class='ocrx_word' id='word_1_261' title='bbox 247 3093 413 3157; x_wconf 81' lang='grc' dir='ltr'><strong><em>ἰδεῖν</em></strong></span> <span class='ocrx_word' id='word_1_262' title='bbox 446 3089 770 3177; x_wconf 79' lang='grc' dir='ltr'><strong><em>ἀργύριον</em></strong></span> <span class='ocrx_word' id='word_1_263' title='bbox 802 3097 1218 3180; x_wconf 82' lang='grc' dir='ltr'><strong><em>κτησαμένου</em></strong></span> <span class='ocrx_word' id='word_1_264' title='bbox 1250 3096 1541 3181; x_wconf 85' lang='grc' dir='ltr'><strong><em>χαλκέως</em></strong></span> <span class='ocrx_word' id='word_1_265' title='bbox 1578 3100 1932 3180; x_wconf 85' lang='grc' dir='ltr'><strong><em>φαλακροῦ</em></strong></span> <span class='ocrx_word' id='word_1_266' title='bbox 1971 3097 2083 3161; x_wconf 85' lang='grc' dir='ltr'><strong><em>καὶ</em></strong></span> <span class='ocrx_word' id='word_1_267' title='bbox 2114 3118 2266 3179; x_wconf 86' lang='grc' dir='ltr'><strong><em>σμι-</em></strong></span> 
     </span>
     <span class='ocr_line' id='line_1_31' title="bbox 245 3190 2267 3286; baseline 0.001 -31"><span class='ocrx_word' id='word_1_268' title='bbox 245 3196 435 3272; x_wconf 81' lang='grc' dir='ltr'><strong><em>κροῦ,</em></strong></span> <span class='ocrx_word' id='word_1_269' title='bbox 471 3192 709 3256; x_wconf 79' lang='grc' dir='ltr'><strong><em>νεωστὶ</em></strong></span> <span class='ocrx_word' id='word_1_270' title='bbox 739 3193 863 3274; x_wconf 74' lang='grc' dir='ltr'><strong><em>μὲν</em></strong></span> <span class='ocrx_word' id='word_1_271' title='bbox 892 3194 965 3258; x_wconf 78' lang='grc' dir='ltr'><strong><em>ἐκ</em></strong></span> <span class='ocrx_word' id='word_1_272' title='bbox 1001 3194 1265 3277; x_wconf 84' lang='grc' dir='ltr'><strong><em>δεσμῶν</em></strong></span> <span class='ocrx_word' id='word_1_273' title='bbox 1298 3193 1685 3286; x_wconf 70' lang='grc' dir='ltr'><strong><em>λελυμένου,</em></strong></span> <span class='ocrx_word' id='word_1_274' title='bbox 1722 3194 1799 3259; x_wconf 80' lang='grc' dir='ltr'><strong><em>ἐν</em></strong></span> <span class='ocrx_word' id='word_1_275' title='bbox 1831 3197 2160 3279; x_wconf 77' lang='grc' dir='ltr'><strong><em>βαλανείῳ</em></strong></span> <span class='ocrx_word' id='word_1_276' title='bbox 2195 3190 2267 3258; x_wconf 73' lang='grc' dir='ltr'><strong><em>δὲ</em></strong></span> 
     </span>
     <span class='ocr_line' id='line_1_32' title="bbox 245 3286 2265 3375; baseline 0.001 -24"><span class='ocrx_word' id='word_1_277' title='bbox 245 3289 670 3372; x_wconf 85' lang='grc' dir='ltr'><strong><em>λελουμένου,</em></strong></span> <span class='ocrx_word' id='word_1_278' title='bbox 696 3288 1026 3373; x_wconf 81' lang='grc' dir='ltr'><strong><em>νεουργὸν</em></strong></span> <span class='ocrx_word' id='word_1_279' title='bbox 1047 3288 1312 3374; x_wconf 70' lang='grc' dir='ltr'><strong><em>ἱμάτιον</em></strong></span> <span class='ocrx_word' id='word_1_280' title='bbox 1333 3294 1614 3375; x_wconf 79' lang='grc' dir='ltr'><strong><em>ἔχοντος,</em></strong></span> <span class='ocrx_word' id='word_1_281' title='bbox 1639 3286 1729 3366; x_wconf 81' lang='grc' dir='ltr'><strong><em>ῶς</em></strong></span> <span class='ocrx_word' id='word_1_282' title='bbox 1749 3293 2051 3372; x_wconf 86' lang='grc' dir='ltr'><strong><em>νυμφίου</em></strong></span> <span class='ocrx_word' id='word_1_283' title='bbox 2070 3309 2265 3373; x_wconf 80' lang='grc' dir='ltr'><strong><em>παρε-</em></strong></span> 
     </span>
     <span class='ocr_line' id='line_1_33' title="bbox 239 3381 2264 3471; baseline -0.001 -21"><span class='ocrx_word' id='word_1_284' title='bbox 239 3388 724 3470; x_wconf 82' lang='grc' dir='ltr'><strong><em>σκευασμένου,</em></strong></span> <span class='ocrx_word' id='word_1_285' title='bbox 752 3385 859 3453; x_wconf 71' lang='grc' dir='ltr'><strong><em>διὰ</em></strong></span> <span class='ocrx_word' id='word_1_286' title='bbox 893 3392 1132 3454; x_wconf 88' lang='grc' dir='ltr'><strong><em>πενίαν</em></strong></span> <span class='ocrx_word' id='word_1_287' title='bbox 1162 3386 1272 3454; x_wconf 84' lang='grc' dir='ltr'><strong><em>καὶ</em></strong></span> <span class='ocrx_word' id='word_1_288' title='bbox 1306 3390 1584 3471; x_wconf 81' lang='grc' dir='ltr'><strong><em>ἐρημίαν</em></strong></span> <span class='ocrx_word' id='word_1_289' title='bbox 1617 3393 1739 3454; x_wconf 82' lang='grc' dir='ltr'><strong><em>τοῦ</em></strong></span> <span class='ocrx_word' id='word_1_290' title='bbox 1774 3385 2102 3451; x_wconf 84' lang='grc' dir='ltr'><strong><em>δεσπότου</em></strong></span> <span class='ocrx_word' id='word_1_291' title='bbox 2138 3381 2264 3466; x_wconf 79' lang='grc' dir='ltr'><strong><em>τὴν</em></strong></span> 
     </span>
    </p>
   </div>
  </div>
 </body>
</html>
