2602 3928
1024 228 1499 311 PRAEF'A'rlO.
2284 268 2335 305 xx

190 387 463 460 άργύριον
496 394 675 454 ποιεῖ,
711 393 911 457 aliaque
936 393 1169 458 exempla
1203 396 1344 461 apud
1378 392 1554 458 Stallb.
1586 395 1652 445 ad
1676 394 1830 462 Gorg.
1855 412 1902 450 c.
1929 394 2016 449 36.
2049 420 2120 433 -—
2150 397 2209 445 Ρ.
2236 396 2339 447 4Ιῖ

190 471 233 516 Α
269 462 372 514 τοῦ
402 456 664 513 τοιούτου
697 464 735 513 Ρ
774 471 822 512 et
858 462 1198 513 Schneiderus
1215 501 1230 523 ,
1266 456 1523 534 τοιούτου
1557 462 1723 513 VBST
1757 474 1967 530 propter
2002 480 2220 528 sequens
2257 479 2338 514 τι·

189 526 315 596 νός,
356 541 413 584 ut
445 534 646 585 videtur
667 532 880 582 articulo
911 535 1132 592 omisso,
1161 547 1310 594 quem
1339 542 1507 584 tamen
1539 534 1689 582 etiam
1720 547 1998 598 pronomen
2024 534 2341 585 indefinitum

189 605 460 655 admittere
487 603 709 653 ostendit
746 591 776 648 ὃ
807 593 990 665 τυχόν
1013 615 1098 657 τις
1127 589 1297 666 ὅρκος
1321 602 1581 652 Demosth.
1611 602 1857 657 Aristocr.
1886 604 1937 665 S.
1968 602 2054 663 68,
2089 595 2120 652 ὁ
2148 594 2340 666 κύριός

185 688 272 730 τις
308 671 469 737 Soph.
509 670 635 725 Oed.
673 669 780 721 Col.
817 669 920 721 288
957 678 1054 721 etc.
1091 697 1165 709 —
1194 672 1249 722 P.
1287 673 1392 722 412
1427 671 1470 720 D
1507 659 1647 721 ὅταν
1681 662 1919 734 μάλιστα
1949 674 2071 735 quia
2107 674 2339 736 sequenti

187 743 417 809 optativo
444 755 547 791 non
571 741 836 800 convenit,
867 740 1300 801 circumscribere,
1333 756 1485 804 quam
1517 756 1630 790 cum
1655 738 1779 789 VBS
1804 737 1995 805 οἴηται
2016 741 2338 793 manifestam

185 825 472 878 paucorum
507 809 740 860 codicum
767 809 1128 859 correctionem
1149 812 1280 861 tueri
1309 811 1492 869 malui3
1533 809 1856 874 interpolatio
1890 818 1966 860 est
1988 809 2148 871 scioli,
2188 827 2340 874 quem

186 879 647 931 demonstrativum
669 869 908 927 ·ἑκει’νου
943 886 1061 943 post
1092 878 1361 930 relativum
1398 867 1443 947 ᾦ
1478 878 1718 938 offendit,
1754 879 1870 929 licet
1905 879 2033 930 haec
2073 879 2213 943 ipsa,
2253 882 2340 932 ubi

185 951 381 1002 diversi
405 963 557 999 casus
581 949 907 1011 requiruntur
925 984 939 1007 ‚
979 948 1208 1013 legitima
1235 949 1541 998 constructio
1569 950 1661 1007 sit3
1697 947 1764 998 cf.
1793 963 1911 1014 sup.
1938 965 1984 999 c.
2022 947 2057 998 8
2084 955 2133 998 et
2159 946 2338 1003 Stallb.

184 1019 252 1071 ad
290 1018 450 1084 Gorg.
490 1034 534 1071 c.
575 1019 627 1072 7.
665 1040 738 1053 -
771 1018 826 1071 Ρ.
864 1015 968 1068 413
1007 1015 1047 1067 G
1079 1025 1197 1083 post
1233 1010 1382 1067 εἶναι
1425 1018 1600 1068 addidi
1645 1009 1848 1075 αὐτοὺς
1891 1019 2113 1075 ποιεῖν,
2158 1018 2335 1068 leviter

183 1096 382 1138 tantum
420 1093 615 1136 mutata
650 1085 985 1150 plurimorum
1023 1087 1254 1138 codicum
1293 1087 1509 1137 lectione
1541 1078 1735 1143 αὐτοῖς
1770 1088 1988 1148 ποιεῖν,
2027 1101 2157 1150 quae
2193 1095 2337 1152 post-

188 1172 345 1215 quam
380 1164 510 1205 teste
547 1154 711 1221 praef.
749 1155 915 1205 Tui-ic.
960 1156 1110 1205 etiam
1146 1156 1198 1204 in
1234 1155 1396 1206 Paris.
1436 1156 1641 1206 inventa
1674 1164 1777 1216 est,
1814 1156 2222 1222 interpolamenti
2256 1171 2340 1206 su-

186 1227 415 1291 spicione
438 1226 492 1274 in
516 1230 778 1289 posterum
809 1226 1014 1279 carebit.
1055 1223 1292 1274 Dativum
1324 1224 1505 1284 modo,
1539 1240 1689 1289 quem
1713 1223 1907 1276 librarii
1933 1225 2014 1276 vel
2043 1225 2109 1275 ad
2136 1221 2342 1274 δοκῶσι

188 1295 269 1346 vel
303 1294 372 1344 ad
406 1286 687 1361 βέλτιστον
719 1293 955 1343 retulisse
988 1293 1249 1354 videntur,
1288 1295 1577 1345 accusativo
1608 1295 1791 1345 mutari
1819 1296 1947 1344 ratio
1978 1296 2160 1360 jussit;
2200 1295 2341 1345 verbi

186 1364 354 1430 ipsius
389 1363 623 1427 repetitio
662 1362 943 1412 sententiae
979 1363 1213 1428 apprime
1257 1364 1506 1416 convenit.
1550 1388 1622 1402 ·—
1666 1364 1722 1414 P.
1760 1363 1864 1414 414
1900 1363 1942 1412 E
1991 1357 2069 1420 ὥς
2104 1354 2141 1427 ἡ
2174 1360 2247 1428 γῆ
2278 1364 2339 1425 Η,

187 1423 359 1496 καὶ·ἡ
391 1429 463 1496 γῆ
500 1431 644 1493 libri,
682 1431 769 1480 ubi
798 1439 967 1482 tamen
1004 1447 1104 1495 quo
1140 1431 1441 1497 particulam
1473 1431 1695 1493 referas,
1732 1447 1886 1498 aegre
1916 1434 2167 1497 reperias;
2206 1448 2341 1484 nunc

187 1503 423 1561 iteratur,
466 1502 600 1552 unde
634 1508 740 1550 tota
772 1507 1024 1551 structura
1056 1502 1305 1566 pependit
1323 1539 1337 1563 ,
1377 1491 1454 1557 ὥς
1487 1493 1627 1565 ἄρας
1663 1500 1730 1552 cf.
1764 1500 2009 1552 Ritschel.
2046 1502 2177 1553 Mus.
2205 1501 2340 1552 Rhe-

184 1586 304 1621 nan.
341 1570 399 1619 T.
437 1570 523 1620 IV.
561 1586 618 1636 p.
644 1569 767 1623 441.
804 1596 876 1606 -
909 1571 965 1620 Ρ.
995 1569 1099 1622 416
1132 1567 1172 1619 G
1206 1562 1746 1633 παρασκευάσασθαι
1783 1573 1848 1631 Ρ,
1884 1564 2341 1635 παρεσκευάσθαι

186 1638 389 1701 VBST,
427 1654 526 1702 quo
561 1638 714 1690 solita
748 1654 855 1689 acc.
894 1656 939 1689 c.
980 1639 1073 1693 inf.
1101 1641 1411 1689 constructio
1449 1641 1589 1705 apud
1620 1635 1743 1688 δεῖν
1779 1647 2037 1700 servatum
2075 1648 2127 1690 at
2165 1641 2337 1691 dativo

188 1725 390 1772 quoque
425 1707 593 1759 locum
628 1707 856 1759 vindicat
887 1707 1123 1774 Xenoph.
1151 1710 1318 1759 Anab.
1347 1708 1433 1757 111.
1468 1710 1521 1758 4.
1552 1708 1646 1759 35:
1688 1704 1780 1757 δεῖ
1809 1700 2072 1770 ἐπισάξαι
2104 1701 2206 1760 τὸν
2244 1707 2328 1760 ffur-

186 1790 302 1827 πον
322 1770 513 1843 Πέρσῃ
544 1768 746 1841 άνὸρί,
775 1791 1030 1840 quumque
1059 1778 1296 1827 custodes
1326 1784 1475 1826 antea
1505 1766 1671 1834 εὐνὰς
1696 1769 2050 1841 ποιήσασθαι
2076 1780 2179 1842 ipsi
2205 1779 2340 1844 jussi

186 1849 314 1906 sint,
361 1846 499 1897 haud
544 1847 652 1896 scio
697 1860 762 1896 au
805 1861 938 1896 nunc
982 1861 1184 1910 quoque
1216 1845 1442 1898 medium
1485 1848 1808 1912 aptissimum
1842 1847 1939 1911 sitg
1988 1847 2167 1897 melior
2205 1857 2338 1898 certe

186 1919 299 1981 ejus
338 1930 491 1966 causa
523 1925 601 1966 est
635 1929 784 1980 quam
819 1929 962 1978 sequ.
1004 1915 1316 1980 conjunctivi
1350 1904 1560 1983 ἐπάρῃ,
1601 1931 1751 1978 quem
1783 1929 1847 1966 ne
1880 1913 2188 1966 Schneidero
2227 1918 2337 1980 qui-

186 1987 303 2036 dem
340 1987 412 2035 ita
443 1985 714 2035 defendere
747 1986 988 2050 contigit,
1021 1993 1077 2035 ut
1111 1987 1485 2050 paratissimam
1519 1985 1698 2036 Stallb.
1735 1984 1986 2036 medelam
2020 1973 2222 2050 ἕπαροῑ
2259 2003 2336 2035 re·

182 2055 402 2121 pudiare
438 2055 696 2106 auderem.

323 2192 476 2256 Reip.
513 2192 547 2240 l.
582 2192 670 2245 IV.
708 2207 762 2256 p.
797 2193 901 2242 422
941 2189 979 2240 C
1015 2185 1215 2247 πλέους
1248 2192 1314 2250 Ρ,
1346 2188 1572 2248 πλείους
1606 2190 1804 2250 VBST;
1843 2191 1910 2241 cf.
1949 2207 2002 2257 p.
2041 2190 2146 2242 330
2182 2192 2333 2240 A.—

183 2262 238 2312 P.
272 2261 381 2310 425
411 2258 449 2309 C
472 2251 606 2309 τάδε
641 2268 757 2310 ante
790 2250 861 2309 τὰ
889 2251 1132 2323 α’γοραῖα
1165 2275 1280 2309 cum
1316 2263 1350 2311 Ρ
1387 2261 1606 2322 aliisque
1642 2259 1817 2309 multis
1851 2261 1999 2310 omisi
2035 2260 2334 2310 eorundem-

184 2344 282 2391 que
326 2329 550 2395 vestigia
596 2338 798 2379 secutus
847 2345 966 2379 mox
1016 2329 1082 2378 ad
1115 2329 1255 2395 vulg.
1296 2329 1413 2382 lect.
1452 2320 1636 2392 λήξεις
1679 2337 1728 2378 et
1774 2321 2136 2385 καταστάσεις
2182 2329 2331 2389 redii,

182 2399 369 2461 quibus
401 2399 538 2460 quod
566 2398 687 2448 BST
726 2406 777 2448 et
807 2397 1144 2449 Schneider-us
1180 2413 1222 2446 c.
1258 2399 1403 2448 Astio
1436 2398 1806 2447 substituerunt
1839 2388 2050 2462 λήξεως
2086 2406 2134 2448 et
2169 2411 2332 2446 κατα.

186 2457 446 2528 στάσεως,
481 2468 532 2516 in
568 2468 851 2531 posteriore
887 2475 1083 2516 tantum
1123 2482 1246 2516 voce
1285 2468 1481 2530 majore
1519 2467 1748 2516 codicum
1776 2482 1988 2517 numero
2014 2466 2331 2516 commenda-

183 2549 279 2595 tur,
321 2537 375 2584 in
411 2537 582 2600 priore
615 2536 948 2601 interpolatos
985 2535 1155 2600 potius
1188 2543 1505 2585 correctosve
1541 2542 1696 2585 testes
1731 2535 1901 2586 habet.
1940 2537 2178 2586 Veterem
2214 2551 2333 2586 con-

182 2605 435 2654 fusionem
473 2619 587 2655 esse
620 2614 671 2653 et
703 2604 836 2656 illud
868 2604 1080 2669 probat,
1120 2604 1258 2666 quod
1287 2605 1406 2657 Vat.
1443 2600 1493 2654 Θ
1526 2599 1621 2653 καὶ
1659 2600 1834 2653 δικῶν
1869 2598 2057 2668 λήξεις
2088 2611 2206 2670 post
2239 2618 2333 2653 κα-

180 2664 491 2730 ταστάσεως
527 2674 699 2737 ponit,
737 2672 873 2723 Mon.
911 2673 979 2738 B,
1017 2673 1106 2735 qui
1140 2687 1256 2721 cum
1285 2675 1467 2738 paucis
1505 2666 1715 2736 λήξεως
1753 2673 1919 2735 offert,
1958 2682 2124 2723 tamen
2164 2686 2307 2721 κατα.

182 2733 395 2798 στάσεις
419 2743 664 2801 servavit;
696 2743 882 2805 quibus
907 2742 960 2792 iu
978 2742 1137 2791 turbis
1166 2741 1222 2790 id
1248 2741 1515 2807 amplexus
1541 2757 1671 2802 sum,
1694 2742 1831 2806 quod
1855 2742 2059 2792 facilius
2078 2757 2332 2806 corrumpi

181 2812 409 2875 potuisse
437 2811 722 2871 videretur,
757 2812 803 2860 si
833 2810 1038 2873 quidem
1074 2810 1267 2860 librarii
1303 2805 1606 2859 καὶ-καὶ
1643 2812 1774 2860 inter
1809 2826 1866 2861 se
1898 2810 2207 2876 respondere
2246 2811 2310 2860 ob

181 2879 252 2929 liti
286 2875 464 2928 δικῶν
500 2871 686 2944 λήξεις
736 2887 786 2930 et
839 2875 1116 2929 δικαστῶν
1160 2870 1549 2938 καταστάσεις,
1598 2879 1735 2930 unde
1784 2880 1999 2945 genitivi
2035 2874 2334 2942 λοιδοριῶν

182 2943 272 2997 καὶ
300 2942 493 3005 αἰκίας
516 2949 763 3013 pendent,
797 2947 879 2998 his
907 2949 1036 3014 ipsis
1066 2948 1423 2999 assimilandas
1455 2963 1566 2998 esse
1601 2948 1865 3014 putabant.
1901 2948 2172 3000 Praeterea
2204 2941 2333 3012 πέρι

182 3025 291 3066 aute
330 3014 683 3084 ξυμβολαίων
718 3018 772 3067 in
802 3013 932 3080 περὶ
969 3019 1150 3066 mutari
1176 3020 1310 3068 ratio
1340 3018 1512 3081 jussit.
1549 3043 1622 3055 -—·
1656 3017 1713 3070 P.
1746 3017 1851 3069 428
1883 3016 1921 3067 G
1949 3002 1987 3084 ᾗ
2024 3009 2124 3082 οὐχ
2162 3033 2255 3083 pro
2294 3007 2333 3082 ἢ

182 3077 279 3150 οὐχ
315 3089 357 3136 H
398 3102 513 3136 cum
549 3088 730 3152 paucis
777 3088 985 3149 quidem
1021 3086 1192 3143 libne,
1241 3087 1335 3136 sed
1370 3086 1630 3151 flagitante
1667 3101 1788 3137 mox
1836 3076 2063 3150 ἑαυτῆς,
2115 3088 2252 3151 quod
2302 3104 2333 3138 a

180 3155 215 3204 Ρ
255 3162 303 3204 et
339 3157 391 3206 V
423 3156 663 3206 traditum
699 3156 752 3205 iu
791 3146 966 3220 αὐτῆς
1001 3163 1197 3205 mutare
1244 3171 1359 3204 cum
1396 3157 1539 3205 Astio
1576 3152 1696 3205 BST
1729 3170 1830 3205 non
1856 3156 2160 3212 debuerant3
2203 3156 2328 3206 mihi

181 3223 271 3275 hac
299 3232 501 3275 tantum
540 3226 746 3291 optione
790 3224 995 3285 relicta,
1039 3232 1209 3274 utrum
1245 3214 1447 3287 ἑαυτῆς
1491 3239 1783 3289 spernerem
1818 3239 1882 3274 an
1918 3211 1957 3287 ἣ
1992 3225 2076 3274 vel
2114 3240 2177 3275 ex
2212 3240 2329 3275 con-

178 3295 368 3358 jectura
417 3294 472 3343 iu
516 3279 554 3361 ᾖ
600 3300 876 3352 mutarem,
925 3293 1051 3344 haec
1102 3294 1263 3343 lenior
1297 3292 1497 3343 medela
1531 3294 1646 3343 visa
1682 3300 1785 3354 est,
1831 3294 2136 3357 praesertim
2174 3308 2327 3355 quum

181 3353 494 3430 βουλεύεται
534 3363 601 3412 ad
645 3353 957 3426 ἐπιστήμην
1002 3362 1217 3412 relatum
1256 3364 1407 3413 etiam
1445 3369 1594 3412 antea
1623 3357 2032 3429 βουλευομένην
2072 3376 2162 3426 pro
2199 3359 2326 3427 βου-

180 3425 441 3497 λευομένη
473 3433 626 3482 scribi
647 3432 956 3497 postularet,
982 3433 1033 3481 in
1062 3447 1162 3495 quo
1182 3446 1315 3482 nunc
1335 3430 1726 3482 Stallbaumium
1747 3432 1893 3493 sequi
1919 3445 2048 3494 opus
2072 3443 2169 3478 non
2198 3434 2322 3477 erat.
