2602 3928
947 222 1517 280 ΠΟΛΙΤΕΙΑΣ
1555 213 1618 289 ς’.
2152 215 2271 281 191

125 383 136 391 ’
263 412 385 472 μεν
405 382 534 471 γὰρ
559 382 849 470 χαλεπὸν
869 387 1195 466 σωθῆναι,
1221 381 1330 447 καὶ
1352 379 1534 464 ἡμεῖς
1556 382 2047 466 ξυγχωροῦμεν·
2094 375 2180 458 ὥς
2203 378 2275 448 δὲ

261 487 339 552 έν
359 484 555 549 παντὶ
574 506 666 570 τφ
688 480 908 571 χρόνω
929 505 1064 548 των
1087 477 1362 545 πάντων
1384 473 1691 544 οὐδέποτ’
1727 475 1880 544 οὐδ’
1909 505 1996 544 αν
2028 475 2119 556 εἷς
2141 496 2275 545 σω-
2311 495 2348 543 Β

260 586 437 667 θείη,
466 575 644 647 ἔσθ’
621 577 827 657 όστις
858 574 1378 663 ἀμφισβητήσεις
1409 576 1541 642 Καὶ
1575 583 1747 654 πῶςς
1785 571 1975 643 Ἀλλά
1999 574 2151 660 μήν,
2189 567 2276 660 ἦν

263 676 323 744 δ’
368 677 521 764 ἐγώ,
566 671 658 756 εἷς
700 672 944 753 ἰκανός
965 672 1343 759 γενόμενος,
1389 670 1587 740 πόλιν
1629 677 1800 758 ἔχων
1842 674 2272 758 πειθομένην,

263 774 458 843 πάντ’
489 776 849 842 ἐπιτελέσαι
868 770 949 840 τά
981 780 1115 840 νῦν
1145 769 1615 858 ἀπιστούμενα.
1654 767 1906 850 Ἱκανὸς
1938 770 2091 856 γάρ,
2123 775 2270 855 ἔφη.

247 872 602 958 ’Ἁρχοντος
622 870 751 958 γάρ
787 894 940 955 που,
975 862 1064 956 ἦν
1097 865 1164 936 δ’
1199 868 1351 953 ἐγώ,
1385 870 1689 946 τιθέντος
1715 865 1874 946 τοῦς
1892 868 2144 955 νόμους
2163 871 2273 936 καὶ

259 966 340 1035 τὰ
378 969 878 1056 ἐπιτηδεύματα,
917 965 960 1034 δι’
1006 966 1522 1051 διεληλύθαμεν,
1556 962 1640 1033 οὐ
1686 966 1903 1052 δήπου
1937 963 2274 1033 ἀδύνατον

260 1072 518 1137 ἐθέλειν
538 1081 757 1137 ποιεῖν
773 1067 931 1145 τοῦς
964 1072 1249 1144 πολίτας.
1298 1063 1469 1133 Οὐδ’
1501 1062 1895 1133 ὁπωστιοῦν.
1936 1061 2127 1132 Ἀλλά
2166 1064 2270 1150 δή,

260 1165 431 1253 ἅπερ
454 1162 615 1252 ἡμῖν
635 1162 834 1248 δοκεῖ,
861 1163 1044 1244 δόξαι
1065 1165 1173 1231 καὶ
1196 1163 1420 1242 ἄλλοις
1438 1162 1835 1249 θαυμαστόν
1867 1189 1931 1230 τι
1961 1165 2071 1230 καὶ
2104 1161 2274 1231 ἀδύ-

259 1290 501 1345 νατον;
551 1262 694 1330 Οὐκ
729 1261 908 1347 οἶμαι
936 1254 1233 1347 ἔγωγε,
1188 1288 1230 1347 η
1257 1258 1324 1329 δ’
1353 1288 1443 1340 ος.
1491 1262 1622 1329 Καὶ
1655 1259 1790 1347 μὴν
1815 1258 1917 1329 ὅτι
1947 1287 2023 1346 γε
2056 1263 2274 1347 βέλτι-

263 1381 405 1445 στα,
432 1370 614 1448 εἴπερ
639 1361 911 1446 δυνατά,
936 1364 1180 1438 ἱκανῶς
1202 1362 1277 1428 ἐν
1296 1373 1433 1439 τοῖς
1455 1364 1855 1447 ἔμπροσθεν,
1882 1386 1970 1439 ως
2004 1353 2271 1450 ἐγῷμαι,
2309 1384 2347 1434 c

261 1460 647 1546 διήλθομεν.
666 1456 933 1538 Ἱκανῶς
953 1458 1103 1544 γάρ.
1126 1464 1286 1526 Νῦν
1306 1456 1409 1544 δή,
1429 1454 1517 1536 ὥς
1541 1462 1732 1545 ἔοικε,
1757 1461 2099 1545 ξυμβαίνει
2113 1455 2271 1545 ἡμῖν

260 1558 410 1640 περὶ
435 1565 550 1643 τῆς
573 1563 976 1644 νομοθεσίας
1001 1556 1257 1641 ἄριστα,
1285 1557 1410 1643 μὲν
1436 1555 1604 1624 εἶναι
1641 1551 1687 1623 ἃ
1721 1559 2019 1642 λέγομεν,
2069 1563 2130 1625 εἰ
2159 1561 2271 1643 γε’-

263 1679 463 1740 νοιτο,
490 1653 737 1740 χαλεπὰ
762 1656 835 1724 δὲ
866 1658 1204 1743 γενέσθαι,
1243 1653 1327 1723 οῦ
1361 1660 1585 1741 μέντοι
1621 1651 1917 1723 ἀδύνατά
1948 1681 2040 1740 γε.
2086 1659 2271 1740 Ξυμ-

258 1757 475 1838 βαίνει
495 1751 645 1839 γάρ,
671 1759 816 1839 ἔφη.

426 1855 549 1917 XV.
601 1848 874 1919 Οὐκοῦν
900 1847 1123 1935 ἐπειδὴ
1150 1856 1349 1917 τοῦτο
1373 1848 1562 1934 μόγις
1589 1853 1773 1928 τέλος
1806 1855 1974 1936 ἔσχε,
2013 1848 2092 1916 τά
2129 1854 2272 1918 ἐπί-

257 1955 454 2017 λοιπα
485 1948 568 2037 δὴ
614 1947 775 2036 μετὰ
817 1957 1014 2017 τοῦτο
1053 1949 1342 2034 λεκτέον,
1378 1953 1526 2015 τίνα
1559 1946 1814 2035 τρόπον
1846 1946 2004 2035 ημῖν
2044 1949 2154 2017 καὶ
2195 1951 2267 2019 ἐκ
2302 1971 2344 2021 D

259 2053 461 2116 τίνων
484 2049 902 2135 μαθημάτων
922 2073 992 2114 τε
1013 2048 1124 2114 καὶ
1147 2045 1685 2133 ἐπιτηδευμάτων
1705 2051 1774 2114 οἰ
1802 2055 2090 2134 σωτῆρες
2125 2050 2271 2117 ἐνέ-

261 2163 490 2213 σονται
512 2154 630 2232 τῆς
651 2150 997 2231 πολιτείας,
1024 2143 1320 2213 καὶκατὰ
1345 2152 1534 2224 ποίας
1553 2143 1808 2232 ἡλικίας
1829 2147 2093 2215 ἕκαστοι
2113 2145 2270 2216 ἑκά-

258 2262 432 2311 στων
455 2241 846 2329 ἁπτόμενοι;
876 2247 1167 2314 Λεκτέον
1191 2247 1435 2329 μέντοι,
1460 2248 1605 2331 ἔφη.
1656 2244 1896 2333 Οὐδέν,
1919 2239 2007 2332 ἦν
2029 2242 2097 2313 δ’
2119 2245 2268 2331 ἐγώ,

255 2342 329 2411 τὸ
357 2342 573 2430 σοφόν
597 2369 709 2430 μοι
734 2346 990 2429 ἐγένετο
1027 2343 1153 2431 τήν
1184 2371 1255 2412 τε
1284 2354 1423 2413 τῶν
1459 2356 1804 2431 γυναικών
1833 2356 1948 2435 τῆς
1979 2347 2271 2435 κτήσεως

258 2444 645 2528 δυσχέρειαν
662 2444 735 2510 ἐν
765 2450 859 2531 τῷ
880 2443 1185 2526 πρόσθεν
1218 2444 1802 2531 παραλιπόντι·καὶ
1834 2451 2270 2533 παιδογονίαν

258 2540 368 2607 καὶ
388 2537 513 2624 τὴν
533 2565 671 2606 των
705 2537 1048 2626 ἀρχόντων
1083 2541 1508 2628 κατάστασιν,
1546 2544 1748 2611 εἰδότι
1787 2540 1873 2622 ὠς
1898 2545 2269 2629 ἐπίφθονός

254 2661 324 2704 τε
359 2638 466 2704 καὶ
486 2638 734 2723 χαλεπὴ
744 2644 1126 2759 ιἷγίγνεσθαι
1170 2636 1211 2725 ἡ
1256 2648 1594 2719 παντελως
1636 2635 1918 2727 ἀληθής·
1964 2649 2097 2710 νῦν
2136 2669 2268 2729 γαρ

252 2731 455 2801 οὐδὲν
486 2724 689 2821 ἦττον
720 2727 891 2821 ηλθε
920 2736 995 2804 τὸ
1033 2741 1175 2805 δεῖν
1210 2734 1379 2805 αὕτα
1412 2741 1724 2818 διελθεῖν.
1770 2742 1881 2807 καὶ
1918 2766 1996 2807 τα
2032 2738 2154 2826 μὲν
2184 2739 2265 2827 δὴ
2301 2761 2343 2811 Ε

254 2856 391 2900 των
412 2858 756 2917 γυναικων
777 2859 847 2901 τε
868 2836 977 2902 καὶ
1006 2839 1265 2901 παίδων
1288 2837 1710 2921 πεπέρανται,
1748 2833 1823 2902 τὸ
1864 2835 1936 2904 δὲ
1968 2844 2105 2905 τῶν
2141 2836 2265 2927 ἀρ-

251 2930 507 3016 χόντων
522 2929 745 3018 ω’σπερ
758 2928 881 3011 ἐξ’
844 2958 1047 3019 αρχης
1067 2941 1414 3019 μετελθεῖν
1436 2938 1550 3005 δεῖ.
1578 2937 1890 3021 ἐλέγομεν
1913 2934 2001 3022 δ’,
2028 2942 2089 3005 εί
2105 2965 2263 3025 μνη-

254 3027 577 3115 μονεύεις,
602 3033 741 3096 δεῖν
762 3026 1009 3110 αὐτοὺς
1029 3030 1462 3117 φιλοπόλιδάς
1479 3058 1551 3100 τε
1573 3041 1952 3123 φαίνεσθαι,
1980 3041 2259 3121 βασανι-
2303 3059 2405 3113 503

252 3127 565 3211 ζομένους
603 3129 676 3194 ἐν
716 3124 985 3214 ἡδοναῖς
1026 3156 1097 3197 τε
1139 3132 1249 3199 καὶ
1291 3132 1548 3215 λύπαις,
1578 3134 1688 3200 καὶ
1723 3130 1796 3200 τὸ
1823 3123 2036 3220 δόγμα
2069 3141 2266 3204 τοῦτο

252 3221 407 3311 μήτ’
433 3228 506 3291 ἐν
529 3224 757 3304 πόνοις
779 3225 928 3313 μήτ’
957 3230 1032 3295 ἐν
1055 3227 1294 3316 φόβοις
1316 3228 1554 3315 μήτ”έν
1576 3230 1743 3319 ἄλλῃ
1765 3238 2048 3321 μηδεμιᾷ
2069 3258 2266 3318 μετα-

248 3328 416 3410 βολῇ
440 3326 804 3416 φαίνεσθαι
824 3322 1342 3413 έκβάλλοντας,ἠ“
1363 3325 1482 3395 τὸν
1504 3324 1965 3397 ἀδυνατοῦντα
1986 3328 2267 3416 ἀποκρο-
2380 3416 2382 3418 ‚

249 3422 418 3505 τέον,
445 3417 566 3489 τὸν
590 3420 661 3489 δὲ
684 3433 1023 3509 πανταχοῦ
1045 3422 1382 3522 ἀκήρατον
1403 3428 1817 3514 ἐκβαίνοντα,
1845 3425 2065 3514 ὥσπερ
2100 3451 2264 3511 χρυ-
