2602 3928
390 258 518 326 276
1125 259 1691 321 ΠΛΑΤῼΝΟΣ

389 420 853 508 ἐμπειρότατος
885 424 1120 486 πασῶν
1155 410 1254 486 ῶν
1277 427 1549 504 εἴπομεν
1570 417 1872 504 ἡδονῶνς
1917 419 2203 506 πότερον
2225 419 2261 492 ὁ
2286 450 2397 509 φι-

391 518 728 604 λοκερδής,
754 516 1127 603 μανθάνων
1158 513 1374 602 αὐτὴν
1394 513 1518 602 τὴν
1543 511 1872 602 ἀλήθειαν
1893 513 2038 586 οἷόν
2061 521 2261 604 ἐστιν,
2285 525 2402 608 ἐμ-

314 640 357 691 B
387 615 767 702 πειρότερος
793 619 982 683 δοκεῖ
1004 636 1111 684 σοι
1129 612 1299 682 εἶναι
1330 619 1448 699 τῆς
1469 610 1597 681 άπὸ
1635 620 1760 681 τοῦ
1789 618 2030 683 εἰδέναι
2061 614 2328 704 ἡδονῆς,
2358 614 2404 705 ἦ

388 713 423 782 ὁ
448 713 820 801 φιλόσοφος
838 719 955 800 τῆς
977 711 1108 780 άπὸ
1142 716 1269 778 τοῦ
1290 715 1698 795 κερδαίνειν;
1738 713 1951 797 Πολύ,
1976 718 2124 801 ἔφη,
2166 718 2402 801 διαφέ-

388 840 506 902 ρει.
548 819 645 906 τῷ
666 813 787 899 μὲν
809 811 941 898 γὰρ
973 809 1231 898 ἀνάγκη
1261 812 1583 896 γεύεσθαι
1614 817 1752 880 τῶν
1789 814 2030 899 ἑτέρων
2061 818 2135 882 ἐκ
2169 819 2404 895 παιδὸς

386 910 761 1000 ἀρξαμένω·
812 916 908 1000 τῷ
941 912 1010 978 δὲ
1033 913 1430 997 φιλοκερδεῖ,
1464 908 1598 998 ὅπῃ
1628 913 1883 995 πέφυκε
1920 908 2001 979 τὰ
2036 909 2198 980 ὅντα
2229 939 2405 999 μαν-

386 1010 693 1092 θάνοντι,
715 1013 831 1093 τῆς
850 1004 1095 1093 ἡδονῆς
1120 1007 1383 1093 ταύτης,
1409 1003 1498 1085 ῶς
1517 1005 1791 1093 γλυκεῖά
1814 1009 2014 1095 ἐστιν,
2035 1008 2160 1077 οὐκ
2186 1008 2402 1096 ἀνάγ-

387 1133 471 1194 κη
525 1106 846 1193 γεύεσθαι
903 1103 1048 1171 οὐδ’
1110 1107 1398 1194 ἐμπείρῳ
1451 1111 1834 1192 γίγνεσθαι,
1878 1112 2134 1193 μᾶλλον
2178 1108 2250 1176 δὲ
2291 1112 2405 1178 καὶ

387 1207 929 1293 προθυμουμένῳ
962 1200 1045 1271 οὐ
1069 1204 1324 1290 ῥᾴδιον.
1367 1201 1559 1270 Πολὺ
1582 1204 1733 1288 ἄρα,
1769 1195 1856 1288 ἦν
1891 1202 1958 1270 δ’
1982 1204 2135 1289 ἐγώ,
2168 1208 2401 1291 διαφέ-

388 1327 490 1386 ρει
511 1309 636 1370 τοῦ
660 1328 736 1388 γε
758 1305 1199 1388 φιλοκερδοῦς
1233 1299 1268 1369 ὁ
1296 1302 1666 1387 φιλόσοφος
1689 1303 1988 1387 ἐμπειρία
2004 1301 2403 1389 ἀμφοτέρων

303 1418 341 1470 O
390 1405 525 1468 τῶν
565 1397 853 1488 ἡδονῶν.
895 1396 1087 1467 Πολύ
1128 1401 1373 1484 μέντοι.
1439 1405 1524 1467 Τί
1560 1400 1631 1467 δὲ
1677 1406 1803 1467 τοῦ
1845 1407 2227 1486 φιλοτίμου;
2271 1393 2404 1488 ἆρα

391 1505 647 1584 μᾶλλον
669 1498 941 1585 ἄπειρός
963 1501 1097 1565 ἐστι
1116 1503 1234 1583 τῆς
1254 1494 1385 1566 άπὸ
1408 1503 1534 1567 τοῦ
1554 1502 1876 1593 τιμᾶσθαι
1895 1495 2142 1585 ἡδονῆς
2164 1497 2207 1586 ἢ
2229 1503 2404 1568 ἐκεῖ·

385 1624 504 1677 νος
533 1604 652 1684 τῆς
691 1595 821 1666 άπὸ
858 1603 983 1688 τοῦ
1025 1610 1337 1682 φρονεῑν;
1374 1594 1565 1665 Ἀλλὰ
1601 1596 1750 1683 τιμὴ
1787 1598 1930 1683 μέν,
1974 1601 2122 1685 ἔφη,
2159 1598 2405 1684 ἐάνπερ

388 1696 856 1780 ἐξεργάζωνται
874 1696 981 1763 ἐπὶ
1002 1691 1041 1763 ὃ
1061 1695 1336 1773 ἕκαστος
1361 1694 1646 1781 ῶρμηκε,
1670 1699 1876 1762 πᾶσιν
1898 1694 2121 1774 αὐτοῖς
2144 1697 2371 1764 ἕπεται
2385 1722 2403 1739 ·

388 1792 656 1879 καὶγὰρ
693 1791 727 1860 ὁ
759 1790 1074 1871 πλούσιος
1115 1789 1246 1859 ὑπὸ
1283 1799 1551 1859 πολλῶν
1578 1797 1841 1877 τιμᾶται
1874 1796 1984 1861 καὶ
2026 1791 2062 1862 ὁ
2099 1791 2404 1879 ἀνδρεῖος

387 1894 498 1960 καὶ
521 1890 557 1959 ὁ
584 1890 814 1978 σοφός,
840 1888 1009 1957 ὥστε
1033 1888 1166 1958 άπό
1187 1915 1262 1976 γε
1294 1895 1420 1958 τοῦ
1441 1896 1785 1977 τιμᾶσθαι,
1811 1885 1962 1960 οἶόν
1983 1895 2137 1975 ἐστι,
2163 1891 2406 1972 πάντες

385 1998 503 2075 τῆς
536 1987 783 2077 ἡδονῆς
817 1993 1139 2075 ἔμπειροι·
1209 1995 1327 2075 τῆς
1359 1993 1432 2057 δὲ
1463 1997 1584 2058 τοῦ
1612 1987 1805 2070 ὄντος
1842 1992 2026 2078 θέας,
2061 1994 2214 2059 οἵαν
2243 1990 2402 2078 ἡδο-

388 2088 521 2174 νὴν
545 2092 691 2173 ἔχει,
717 2083 1059 2154 ἀδύνατον
1080 2085 1257 2179 ἄλλω
1283 2096 1647 2174 γεγεῦσθαι
1681 2088 1856 2176 πλὴν
1892 2096 1988 2178 τῷ
2022 2090 2391 2179 φιλοσόφῳ.

310 2200 355 2251 D
386 2182 750 2271 Ἐμπειρίας
790 2182 913 2270 μὲν
946 2182 1096 2270 ἄρα,
1133 2184 1345 2268 εἷπον,
1379 2186 1576 2254 ἕνεκα
1610 2187 1923 2255 κάλλιστα
1955 2193 2093 2254 τῶν
2125 2182 2399 2273 ἀνδρῶν

389 2288 599 2368 κρίνει
623 2275 831 2360 οὗτος.
874 2282 1069 2350 Πολύ
1087 2309 1181 2368 γε.
1235 2285 1368 2352 Καὶ
1394 2282 1529 2370 μὴν
1549 2283 1710 2371 μετά
1740 2311 1820 2388 γε
1853 2285 2242 2372 φρονήσεως
2273 2286 2396 2372 μό-

389 2403 505 2457 νος
534 2384 837 2464 ἔμπειρος
872 2404 1163 2496 γεγονως
1198 2385 1398 2449 ἔσται.
1452 2389 1536 2450 Τί
1562 2384 1730 2470 μήν,
1767 2382 1960 2452 Ἀλλά
1995 2410 2128 2470 μην
2163 2387 2271 2452 καὶ
2308 2381 2399 2451 δι’

390 2466 473 2542 οὗ
493 2502 569 2562 γε
603 2475 754 2543 δεϊ’
723 2476 1021 2562 οργάνου
1044 2483 1418 2566 κρίνεσθαι,
1453 2479 1538 2549 οὐ
1569 2488 1702 2549 τοῦ
1726 2487 2167 2567 φιλοκερδοῦς
2201 2489 2398 2551 τοῦτο

386 2571 679 2660 όργανον
714 2572 1021 2643 οὐδὲτοῦ
1053 2583 1424 2664 φιλοτίμου,
1454 2575 1622 2647 ἄλλα
1655 2604 1774 2646 του
1812 2578 2396 2666 φιλοσόφου.Τό

383 2687 607 2752 notum
644 2671 783 2751 Δια
829 2670 1054 2759 λόγων
1094 2698 1229 2743 που
1267 2680 1521 2762 ἔφαμεν
1555 2682 1695 2746 δεῖν
1726 2683 2094 2763 κρίνεσθαι.
2157 2706 2199 2766 η
2238 2679 2399 2765 γάρ;

384 2776 541 2839 Ναί.
585 2771 795 2856 Λόγοι
842 2774 914 2845 δὲ
958 2772 1208 2840 τούτου
1248 2773 1532 2859 μάλιστα
1574 2773 1887 2862 ὄργανον.
1957 2784 2117 2857 Πῶς
2164 2775 2226 2844 δ’
2279 2774 2399 2858 οὕς

389 2865 665 2935 Οὐκοῦν
708 2873 769 2936 εἰ
807 2868 932 2954 μὲν
974 2871 1240 2960 πλουτφ
1288 2874 1399 2938 καὶ
1442 2876 1661 2958 κέρδει
1704 2872 1940 2958 ἄριστα
1982 2877 2276 2958 ἐκρίνετο
2315 2872 2395 2940 τά

313 2964 774 3051 Εκρινόμενα,
799 2965 844 3033 ἃ
866 2966 1147 3055 ἐπῄνει“
1117 2995 1152 3035 ο
1176 2968 1576 3056 φιλοκερδὴς
1597 2974 1704 3039 καὶ
1741 2976 1996 3057 ἔψεγεν,
2031 2970 2288 3058 άνάγκη
2311 2997 2398 3038 αν

386 3052 472 3147 ἦν
493 3069 701 3129 ταῦτα
722 3058 1137 3147 ἀληθέστατα
1159 3063 1345 3133 εἶναι.
1388 3067 1618 3153 Πολλή
1647 3094 1740 3154 γε.
1786 3075 1875 3136 Εἰ
1893 3070 1965 3137 δὲ
1997 3077 2153 3156 τιμῇ
2184 3094 2254 3136 τε
2289 3068 2398 3135 καὶ

389 3163 541 3246 νίκῃ
568 3160 679 3225 καὶ
707 3153 1076 3281 ἀνδρείᾳ,
1029 3159 1145 3245 αρ’
1181 3187 1303 3249 ουχ
1335 3159 1378 3230 ἃ
1399 3161 1435 3232 ὁ
1458 3165 1802 3251 φιλότιμός
1833 3193 1904 3235 τε
1943 3167 2111 3235 καὶὸ
2136 3166 2396 3253 φιλόνι-

388 3280 537 3335 κος;
581 3262 831 3341 Δῆλον.
870 3254 1127 3345 Ἐπειδὴ
1154 3258 1219 3327 δ’
1241 3263 1544 3352 ἐμπειρία
1565 3266 1675 3332 καὶ
1695 3266 2018 3352 φρονήσει
2040 3268 2150 3333 καὶ
2186 3265 2397 3353 λόγω,

386 3351 690 3440 Ἀνάγκη,
714 3354 921 3443 ἔφη,
891 3386 933 3428 α
956 3355 992 3425 ὁ
1022 3359 1393 3447 φιλόσοφός
1416 3388 1487 3430 τε
1520 3361 1698 3431 xal‘
1666 3390 1702 3431 ο
1740 3364 2096 3450 φιλόλογος
2126 3369 2399 3484 ἐπαινεῖ,

250 3465 355 3523 ’.83
391 3447 805 3538 ἀληθέστατα
829 3456 1018 3526 εἶναι.
1070 3460 1356 3543 Τριῶν”
1312 3457 1422 3541 αρ’
1448 3460 1676 3530 οὐσῶν
1698 3472 1833 3530 τῶν
1864 3460 2129 3550 ἡδονῶν
2163 3458 2206 3548 ἡ
2237 3458 2397 3528 τοῖόν
