2602 3928
334 212 460 276 332
1043 214 1256 276 ΠΛΑ
1279 215 1619 276 ΤΩΝΟΣ
2281 225 2349 278 14

338 384 711 464 μέλλοντας,
740 368 786 464 ᾗ
807 380 1083 463 γέγονεν
1103 371 1149 462 ἦ
1167 378 1277 444 καὶ
1305 372 1534 460 ἀγενές
1555 379 1754 461 ἐστιν,
1778 376 1944 463 εἰμὴ
1969 375 2352 445 παντάπασι

334 474 897 563 παραλλάττομεν,
937 472 1196 558 ἀνάγκη
1233 473 1439 551 θεούς
1470 499 1542 540 τε
1573 475 1684 541 καὶ
1713 469 1883 552 θεὰς
1915 476 2352 559 ἐπικαλουμέ-

333 600 496 655 νους
529 573 844 658 εὔχεσθαι
889 571 1106 638 πάντα
1149 569 1317 639 κατά
1359 578 1531 638 νοῦν
1574 574 1845 650 ἐκείνοις
1884 570 2006 656 μὲν
2043 571 2348 658 μάλιστα,

255 690 295 740 D
335 671 667 756 ἑπομένως
688 667 760 736 δὲ
780 666 937 754 ἡμῖν
962 673 1185 735 εἰπεῖν.
1230 667 1444 734 καὶ·τά
1467 667 1589 752 μὲν
1611 670 1762 754 περὶ
1782 674 1965 736 θεῶν
1985 668 2196 755 ταύτῃ
2219 691 2346 734 πα-

337 766 804 853 ρακεκλήσθω·
854 762 928 832 τὰ
976 764 1042 832 δ’
1077 763 1400 850 ἡμέτερον
1439 769 1914 851 παρακλητέον,
1950 756 1998 853 ᾖ
2033 762 2223 852 ῥᾷστ’
2262 762 2345 832 ἂν

336 864 521 952 ὑμεῖς
541 866 665 950 μὲν
686 861 989 949 μάθοιτε,
1023 861 1151 946 ἐγώ
1181 853 1319 948 δεῇ
1351 865 1746 948 διανοοῦμαι
1773 860 2039 948 μάλιστ’
2075 858 2163 930 ἂν
2198 864 2350 945 περὶ

334 971 471 1032 τῶν
506 965 959 1050 προκειμένων
1002 963 1431 1045 ἐνδειξαίμην.
1513 966 1691 1028 ἔστιν
1724 953 1851 1027 οὖν
1891 957 1972 1046 δὴ
2006 957 2149 1027 κατ’
2186 959 2354 1046 ἐμὴν

337 1060 541 1141 δόξαν
560 1066 828 1146 πρῶτον
864 1059 1228 1144 διαιρετέον
1261 1056 1453 1124 τάδε·
1497 1064 1565 1124 τί
1596 1083 1670 1124 το
1707 1052 1790 1123 ὂν
1822 1054 1945 1141 ἀεί,
1983 1058 2246 1142 γένεσιν
2280 1055 2352 1125 δὲ

337 1156 462 1225 οὐκ
486 1163 657 1243 ἔχον,
680 1159 791 1224 καὶ
811 1163 878 1224 τί
893 1154 968 1224 τὸ
990 1153 1394 1240 γιγνόμενον
1413 1157 1536 1238 μὲν
1557 1152 1680 1239 ἀεί,
1707 1148 1790 1221 ὂν
1810 1153 1881 1222 δὲ
1903 1152 2218 1223 οὐδέποτε
2237 1181 2251 1194 ·
2273 1152 2350 1224 τὰ

242 1269 310 1323 28
344 1257 467 1341 μὲν
488 1252 568 1340 δὴ
593 1253 819 1340 νοήσει
841 1276 1001 1340 μετα
1033 1252 1241 1339 λόγου
1254 1252 1680 1338 περιληπτόν,
1703 1251 1806 1320 ἀεὶ
1828 1250 1993 1319 κατὰ
2015 1253 2222 1320 ταῦτά
2245 1249 2351 1338 ὅν,
2451 1260 2467 1274 ·“

339 1350 412 1420 τὸ
439 1350 503 1419 δ’
528 1342 617 1417 αὖ
639 1350 798 1437 δόξῃ
819 1346 961 1436 μετ’
989 1349 1363 1436 αἰσθήσεως
1395 1348 1647 1434 ἀλόγου
1682 1348 2018 1435 δοξαστόν,
2040 1349 2353 1437 γιγνόμε-

340 1475 466 1517 νον
486 1449 598 1515 καὶ
630 1445 1119 1535 ἀπολλύμενον,
1156 1445 1367 1525 ὅντως
1389 1445 1462 1514 δὲ
1495 1444 1811 1515 οὐδέποτε
1846 1445 1945 1515 ὅν.
1993 1455 2130 1515 πᾶν
2159 1446 2230 1515 δὲ
2263 1439 2355 1515 αὖ

341 1547 415 1616 τὸ
461 1544 866 1632 γιγνόμενον
904 1542 1025 1614 ὑπ’
1070 1551 1287 1613 αἰτίου
1329 1542 1509 1623 τινος
1549 1548 1616 1625 ἐξ
1644 1541 1935 1631 ἀνάγκης
1967 1550 2319 1631 γίγνεσθαι
2336 1569 2351 1584 ·

343 1645 539 1713 παντὶ
556 1641 687 1729 γὰρ
709 1640 1052 1711 ἀδύνατον
1067 1645 1265 1730 χωρὶς
1288 1648 1502 1710 αἰτίου
1522 1645 1787 1728 γένεσιν
1809 1656 2002 1728 σχεῖν.
2050 1640 2212 1712 ὅτου
2232 1645 2355 1729 μὲν

343 1735 472 1811 οὖν
495 1735 584 1807 ἂν
618 1737 654 1808 ὅ
693 1737 1096 1829 δημιουργὸς
1129 1738 1298 1829 πρὸς
1329 1738 1404 1808 τὰ
1450 1740 1617 1808 κατὰ
1659 1737 1867 1808 ταύτὰ
1907 1746 2059 1826 ἔχον
2087 1745 2354 1828 βλέπων

345 1837 467 1923 ἀεί,
489 1837 767 1926 τοιούτῳ
790 1838 921 1905 τινὶ
946 1839 1459 1923 προσχρώμενος
1486 1840 1983 1923 παραδείγματι,
2007 1833 2133 1923 τὴν
2168 1839 2354 1905 ἰδέαν

344 1939 455 2008 καὶ
478 1938 769 2024 δύναμιν
790 1935 1002 2006 αὐτοῦ
1024 1935 1486 2024 ἀπεργάζηται,
1510 1934 1716 2004 καλὸν
1729 1938 1795 2016 ἐξ
1817 1933 2113 2022 ἀνάγκης
2143 1932 2356 2015 οὕτως

274 2050 313 2099 Β
350 2034 818 2104 ἀποτελεῖσθαι
837 2042 973 2102 πᾶν
990 2060 1003 2073 ·
1050 2025 1136 2102 οὑ
1157 2032 1224 2101 δ’
1245 2030 1333 2102 ἀν
1357 2041 1449 2114 εἰς
1469 2034 1543 2101 τὸ
1574 2035 1872 2119 γεγονός,
1905 2042 2204 2122 γεννητῷ
2225 2058 2355 2101 πα·-

347 2137 727 2218 ραδείγματι
765 2132 1295 2218 προσχρώμενος,
1333 2132 1417 2200 οὐ
1449 2133 1674 2200 καλόν.
1721 2128 1757 2199 ὁ
1789 2129 1869 2216 δὴ
1905 2138 2034 2209 πᾶς
2067 2128 2354 2215 οὐρανὸς

342 2267 430 2280 —-
447 2223 492 2313 ἢ
516 2227 764 2314 κόσμος
780 2222 825 2314 ἦ
847 2228 954 2296 καὶ
975 2225 1139 2295 ἄλλο
1163 2225 1204 2295 ὅ
1223 2234 1292 2297 τί
1307 2252 1465 2296 ποτε
1488 2224 1970 2314 ὀνομαζόμενος
1991 2226 2243 2312 μάλιστ’
2266 2223 2355 2295 ἀν

345 2326 616 2410 δέχοιτο,
661 2321 857 2392 τοῦθ’
915 2322 1075 2411 ἡμῖν
1118 2322 1499 2409 ὥνομάσθω
1517 2350 1530 2363 ·
1587 2326 1902 2391 σκεπτέον
1946 2322 2010 2391 δ’
2049 2318 2175 2392 οὖν
2205 2327 2360 2411 περὶ

347 2420 556 2488 αὑτοῦ
585 2428 874 2507 πρῶτον,
901 2419 1065 2508 ὅπερ
1086 2419 1429 2490 ὑπόκειται
1463 2422 1610 2508 περὶ
1632 2418 1877 2499 παντὸς
1905 2424 1979 2488 ἐν
2014 2419 2180 2508 ἀρχῇ
2216 2425 2360 2490 δεῖν

346 2532 637 2602 σκοπεῖν,
664 2516 950 2604 πότερον
971 2511 1058 2605 ἦν
1080 2516 1202 2606 ἀεί,
1225 2521 1545 2604 γενέσεως
1577 2515 1788 2604 ἀρχὴν
1809 2522 1977 2604 ἔχων
2014 2515 2358 2604 οὐδεμίαν,

344 2611 389 2701 ἦ
423 2620 719 2702 γέγονεν,
755 2612 872 2682 ἀπ’
910 2611 1113 2702 ἀρχῆς
1137 2612 1317 2694 τινος
1347 2613 1730 2702 ἀρξάμενος.
1770 2619 2079 2701 γέγονεν·
2124 2613 2363 2701 ὁρατὰς

345 2713 474 2799 γὰρ
500 2709 707 2790 ἁπτός
728 2714 805 2779 τέ
819 2714 954 2779 ε’στι
976 2713 1085 2779 καὶ
1108 2720 1295 2799 σῶμα
1322 2718 1509 2798 ἔχων,
1533 2711 1746 2779 πάντα
1770 2715 1841 2779 δὲ
1859 2711 1941 2779 τοὶ
1961 2719 2232 2779 τοιαῦτα
2256 2716 2363 2779 αἰ-

274 2822 313 2873 c
347 2809 588 2897 σθητά,
625 2835 706 2875 τα
743 2808 807 2876 δ’
845 2810 1154 2896 αἰσθητά,
1196 2810 1355 2897 δόξη
1388 2809 1750 2896 περιληπτά
1785 2807 1928 2896 μετ’
1964 2809 2362 2896 αἰσθησεως,

345 2907 707 2994 γιγνόμενα
731 2909 841 2975 καὶ
860 2905 1145 2993 γεννητά
1167 2909 1418 2995 ἐφάνη·
1463 2914 1556 2996 τῷ
1579 2904 1639 2975 δ’
1670 2898 1760 2974 αὑ
1781 2910 2119 2996 γενομένω
2142 2910 2365 2992 φαμὲν

348 3004 469 3073 ὑπ’
515 3011 729 3073 αἰτίου
772 3002 952 3083 τινὸς
993 3004 1298 3092 ἀνάγκην
1335 3005 1504 3073 εἶναι
1534 3006 1868 3090 γενέσθαι.
1924 3001 2044 3072 τὸν
2077 3004 2199 3091 μὲν
2231 2994 2367 3071 οὖν

350 3102 630 3190 ποιητὴν
652 3105 763 3170 καὶ
785 3105 1035 3190 πατέρα
1057 3107 1256 3171 τοῦδε
1279 3111 1403 3171 τοῦ
1425 3100 1673 3180 παντὸς
1694 3099 1920 3184 εὑρεῖν
1940 3126 2011 3168 τε
2033 3106 2231 3185 ἔργον
2254 3101 2370 3168 καὶ

350 3198 634 3285 εὑρόντα
657 3203 750 3277 εἰς
782 3198 1036 3279 πάντας
1056 3197 1396 3267 ἀδύνατον
1416 3206 1634 3287 λέγειν
1653 3225 1667 3239 ·
1708 3200 1865 3267 τόδε
1899 3195 1960 3267 δ’
2003 3190 2129 3265 οὖν
2161 3195 2371 3264 πάλιν

350 3300 778 3367 ἐπισκεπτέον
801 3300 950 3384 περὶ
974 3296 1205 3385 αὐτοῦ,
1237 3299 1405 3388 πρὸς
1436 3302 1719 3385 πότερον
1741 3307 1880 3368 τῶν
1911 3295 2358 3385 παράδειγμά»

257 3416 327 3472 29
359 3422 495 3464 των
517 3392 552 3462 ὁ
575 3395 1073 3483 τεκταινόμενος
1096 3396 1307 3478 αὐτὸν
1329 3395 1773 3486 ἀπειργάζετο,
1796 3396 2083 3483 πότερον
2101 3419 2268 3482 προς
2289 3418 2370 3462 το
