2602 3928
272 245 336 295 15
1081 229 1531 289 ΤΙΜΑΙΟΣ.
2149 225 2275 291 333

267 391 432 460 κατὰ
458 389 666 460 ταύτὰ
688 394 800 461 καὶ
835 390 1148 471 ὡσαύτως
1170 396 1322 477 ἔχον
1354 390 1401 479 ἢ
1421 391 1587 478 πρὸς
1615 392 1689 461 τὸ
1726 392 2016 479 γεγονός.
2066 395 2126 458 εἰ
2156 389 2280 475 μὲν

268 487 348 575 δὴ
392 490 594 570 καλός
636 493 813 558 ἐστιν
854 488 971 558 ὅδε
1012 488 1049 556 ὁ
1092 488 1340 576 κόσμος
1370 485 1412 557 ὅ
1458 516 1528 557 τε
1563 488 1967 577 δημιουργὸς
2000 486 2279 572 ἀγαθός,

266 592 477 675 δῆλον
502 586 590 668 ὡς
612 586 779 673 πρὸς
807 585 882 655 τὰ
909 587 1129 656 ἀΐδιον
1153 593 1458 675 ἔβλεπεν·
1501 593 1562 656 εἰ
1590 591 1661 657 δὲ
1682 586 1724 655 δ’
1742 587 1895 674 μηδ’
1928 591 2134 654 εἰπεῖν
2151 587 2280 651 τινὶ

261 689 482 771 θέμις,
498 684 665 771 πρὸς
685 684 757 752 τὸ
776 684 1068 770 γεγονός.
1095 685 1287 750 παντὶ
1306 680 1388 769 δὴ
1410 687 1616 769 σαφὲς
1636 681 1737 751 ὅτι
1758 680 1926 770 πρὸς
1945 680 2020 751 τὰ
2044 679 2276 749 ἀΐδιον·

265 779 306 850 ὁ
332 783 455 868 μὲν
475 779 604 866 γάρ
627 779 971 859 κάλλιστος
988 786 1125 848 τῶν
1148 780 1549 867 γεγονότων,
1577 777 1613 848 ὁ
1638 777 1700 848 δ’
1728 778 1995 863 ἄριστος
2017 784 2153 846 τῶν
2176 785 2281 846 αἰ·-

269 888 447 948 τίων.
493 877 671 948 οὕτω
707 876 787 963 δὴ
823 882 1260 965 γεγενημένος
1292 876 1459 965 πρὸς
1489 876 1563 946 τὸ
1599 876 1775 968 λόγω
1809 880 1920 945 καὶ
1958 875 2282 964 φρονήσει

270 974 674 1063 περιληπτὸν
695 979 806 1043 καὶ
830 974 995 1043 κατὰ
1014 971 1221 1043 ταῦτά
1245 980 1397 1060 ἔχον
1419 976 1972 1063 δεδημιούργηται
1987 999 2000 1013 ·
2023 974 2281 1041 τούτων

269 1075 342 1145 δὲ
364 1073 802 1159 ὑπαρχόντων
825 1066 915 1139 αὖ
936 1079 1117 1139 πᾶσα
1138 1070 1398 1158 ἀνάγκη
1421 1071 1617 1140 τόνδε
1637 1073 1757 1139 τὸν
1777 1072 2032 1157 κόσμον
2053 1071 2281 1138 εἰκόνα
2316 1091 2358 1142 B

266 1173 447 1251 τινὰς
491 1169 676 1239 εἶναι.
721 1175 1030 1257 μέγιστον
1073 1171 1154 1257 δὴ
1194 1169 1443 1249 παντὸς
1486 1168 1820 1254 ἄρξασθαι
1861 1169 2026 1239 κατὰ
2070 1170 2283 1256 φύσιν

268 1270 497 1358 ἀρχήν.
545 1261 677 1336 οἶδε
699 1260 829 1336 οὖν
849 1275 1006 1351 περί
1017 1294 1089 1336 τε
1113 1269 1369 1348 εἰκόνος
1387 1273 1498 1337 καὶ
1518 1273 1667 1352 περὶ
1687 1274 1810 1337 τοῦ
1828 1275 2285 1356 παραδείγμα-

269 1394 381 1446 τος
415 1364 618 1452 αὐτῆς
648 1370 1034 1453 διοριστέον,
1070 1363 1160 1445 ὥς
1193 1365 1327 1450 ἄρα
1366 1364 1525 1445 τοὺς
1555 1366 1820 1452 λόγους,
1858 1357 2081 1452 ὥνπέρ
2115 1372 2285 1434 εἰσιν

269 1471 589 1553 ἐξηγηταί,
612 1462 873 1532 τούτων
892 1461 1117 1532 αὐτῶν
1141 1466 1253 1533 καὶ
1272 1469 1605 1551 ξυγγενεῖς
1616 1463 1829 1544 ὄντας.
1864 1471 1990 1533 τοῦ
2009 1465 2134 1552 μὲν
2156 1457 2285 1532 οὖν

269 1567 560 1648 μονίμου
584 1563 693 1628 καὶ
713 1567 992 1649 βεβαίου
1010 1565 1121 1631 καὶ
1143 1560 1306 1648 μετὰ
1342 1569 1470 1631 νοῦ
1503 1568 1935 1650 καταφανοῦς
1961 1569 2284 1648 μονίμους

270 1661 381 1726 καὶ
424 1657 948 1744 ἀμεταπτῶτους,
997 1657 1161 1727 καθ’
1206 1658 1373 1728 ὅσον
1417 1653 1566 1728 οἶόν
1606 1686 1677 1728 τε
1720 1661 1830 1728 καὶ
1870 1657 2284 1745 ἀνελέγκτοις

270 1755 594 1842 προσήκει
619 1755 841 1841 λόγοις
883 1754 1050 1824 εἶναι
1076 1761 1187 1825 καὶ
1227 1755 1595 1846 ἀκινήτοις,
1640 1757 1887 1826 τούτου
1931 1761 2038 1825 δεῖ
2075 1757 2283 1843 μηδὲν

267 1858 592 1922 ἐλλείπειν
608 1878 621 1892 ·
680 1853 836 1931 τούς
875 1854 947 1922 δὲ
984 1861 1107 1922 τοῦ
1139 1854 1307 1938 πρὸς
1337 1855 1460 1941 μὲν
1494 1859 1705 1924 ἐκεῖνο
1739 1852 2281 1942 ἀπεικασθέντος,

270 1952 462 2040 ὄντος
483 1950 555 2021 δὲ
577 1949 833 2032 εἰκόνος
852 1949 1108 2034 εἰκότας
1129 1948 1260 2021 ἀνὰ
1289 1951 1495 2039 λόγον
1512 1979 1585 2021 τε
1607 1955 1879 2021 ἐκείνων
1894 1950 2091 2031 ὄντας
2105 1976 2120 1993 ·
2157 1950 2199 2019 ὅ
2220 1957 2289 2020 τί

269 2073 394 2137 περ
416 2049 582 2135 πρὸς
603 2052 865 2135 γένεσιν
896 2047 1113 2136 οὐσία,
1148 2059 1345 2119 τοῦτο
1379 2051 1546 2135 πρὸς
1567 2056 1787 2118 πίστιν
1812 2047 2118 2138 ἀλήθεια.
2164 2049 2282 2117 έάν

270 2139 419 2232 οὖν,
441 2141 496 2213 ὦ
519 2147 889 2233 Σώκρατες,
920 2145 1135 2216 πολλὰ
1157 2157 1425 2218 πολλῶν
1446 2148 1774 2217 εἰπόντων
1797 2148 1947 2230 περὶ
1966 2155 2153 2215 θεῶν
2173 2149 2283 2215 καὶ

271 2253 387 2329 τῆς
415 2251 537 2312 τοῦ
569 2242 817 2323 παντὸς
850 2247 1189 2331 γενέσεως,
1216 2246 1305 2332 μὴ
1343 2249 1613 2315 δυνατοὶ
1645 2244 2035 2333 γιγνώμεθα
2069 2244 2280 2330 πάντη

274 2341 536 2422 πάντως
557 2340 804 2422 αὐτοὺς
827 2346 1084 2423 ἑαυτοῖς
1106 2341 1681 2432 ὁμολογουμένους
1702 2344 1945 2430 λόγους
1971 2346 2080 2412 καὶ
2108 2341 2281 2429 ἀπη-

271 2444 725 2529 κριβωμένους
746 2439 1136 2527 ἀποδοῦναι,
1158 2440 1249 2529 μὴ
1268 2443 1629 2532 θαυμάσῃς
1644 2468 1658 2481 ·
1682 2439 1825 2511 ἀλλ’
1852 2443 1971 2509 ἐὰν
1998 2441 2130 2528 ἄρα
2153 2466 2282 2526 μη-·-

272 2540 463 2617 δενός
482 2531 681 2627 ἦττον
705 2540 1148 2627 παρεχόμεθα
1182 2541 1459 2627 εἰκότας,
1496 2538 1760 2630 ἀγαπᾷν
1781 2541 1924 2627 χρή,
1949 2542 2282 2626 μεμνημέ-

2323 1879 2362 1931 C

272 2661 454 2721 νους,
480 2633 569 2715 ὥς
600 2633 638 2702 ὁ
670 2638 888 2722 λέγων
906 2636 1035 2722 ἐγώ
1056 2633 1241 2722 ὑμεῖς
1265 2662 1338 2705 τε
1359 2642 1429 2705 οἰ
1452 2640 1666 2724 κριταὶ
1691 2635 1898 2722 φύσιν
1930 2634 2283 2720 ἀνθρωπί-
2314 2651 2361 2703 D

272 2759 400 2819 νην
422 2740 674 2820 ἔχομεν,
701 2730 868 2801 ὥστε
890 2737 1040 2816 περὶ
1060 2735 1321 2803 τούτων
1337 2733 1460 2803 τὸν
1479 2733 1700 2805 εἰκότα
1722 2742 1948 2820 μῦθον
1969 2729 2278 2820 ἀποδεχο-

267 2835 510 2919 μένους
531 2834 766 2917 πρέπει
785 2830 1034 2900 τούτου
1054 2831 1262 2919 μηδὲν
1283 2839 1379 2902 ἔτι
1410 2834 1576 2917 πέρα
1606 2839 1833 2918 ζητεῖν.

438 2933 587 2995 ΣΩ.
622 2926 919 3014 Ἄριστα,
959 2922 1013 2996 ὦ
1048 2935 1297 3016 Τίμαιε,
1345 2931 1729 2998 παντάπασί
1762 2954 1832 2996 τε
1871 2925 1958 3006 (ὃς
1990 2927 2280 3007 κελεύεις

270 3023 671 3094 ἀποδεκτέον
686 3052 699 3066 ·
736 3025 811 3095 τὸ
850 3027 975 3114 μὲν
1011 3020 1138 3096 οὖν
1164 3037 1517 3118 προοίμιον
1548 3034 1942 3115 θαυμασίως
1964 3026 2281 3108 ἀπεδεξά-

265 3122 445 3208 μεθά
474 3142 621 3207 σου,
644 3122 767 3192 τὸν
789 3125 861 3192 δὲ
885 3122 967 3211 δὴ
1001 3126 1215 3212 νόμον
1234 3124 1398 3215 ἡμῖν
1423 3130 1657 3215 ἐφεξῆς
1676 3130 1965 3216 πέραινε.

432 3225 532 3288 vl.
585 3228 693 3290 TI.
751 3224 1067 3311 Λέγωμεν
1099 3222 1181 3311 δὴ
1217 3224 1304 3293 δι’
1339 3225 1429 3313 ἥν
1456 3252 1608 3294 τινα
1641 3231 1856 3295 αἰτίαν
1876 3233 2137 3311 γένεσιν
2168 3249 2280 3291 και

261 3318 337 3386 τὸ
368 3327 507 3386 πᾶν
526 3318 682 3387 τόδε
703 3316 740 3387 ὁ
765 3321 1069 3400 ξυνιστὰς
1091 3325 1505 3409 ξυνέστησεν.
1537 3320 1795 3408 ἀγαθὸς
1813 3314 1921 3408 ἦν,
1946 3318 2184 3406 ἀγαθῷ
2207 3316 2280 3384 δὲ
2310 3339 2353 3390 Ε

261 3413 483 3496 οὐδεὶς
504 3419 655 3502 περὶ
676 3414 954 3498 οὐδενὸς
974 3416 1292 3488 οὐδέποτε
1313 3423 1682 3507 ἐγγίγνεται
1715 3418 1980 3505 φθόνος
1995 3442 2009 3456 ·
2030 3415 2277 3486 τούτου
