2602 3928
348 251 430 320 78
1062 256 1633 316 ΠΛΑΤΩΝΟΣ

347 420 637 487 τοιοῦτοι
679 418 787 483 καὶ
833 419 905 482 ἐν
948 416 1171 501 λόγοις
1205 416 1317 483 καὶ
1351 418 1424 482 ἐν
1460 420 1675 499 ἔργοις
1718 414 2215 500 ἁμαρτάνουσιν
2261 422 2355 494 εἰς

349 510 594 591 αὑτούς
613 537 683 579 τε
703 514 812 578 καὶ
834 516 927 590 εἰς
958 509 1200 589 ἄλλους
1214 537 1227 550 ·
1274 506 1454 595 οἶμαι
1475 513 1547 576 δὲ
1568 505 1725 577 οὐδὲ
1757 514 2177 598 μαινομένοις
2210 516 2355 580 ἐθν-

349 613 543 678 στέον
565 606 943 695 ἀφομοιοῦν
965 605 1211 686 αὐτοὺς
1233 610 1305 674 ἐν
1328 606 1549 701 λόγοις
1582 604 1731 674 οὐδ’
1771 613 1844 674 ἐν
1877 614 2107 695 ἔργοις.
2176 634 2355 693 γνω-

349 710 542 775 στέον
574 707 694 792 μὲν
719 704 847 790 γὰρ
878 707 988 773 καὶ
1027 707 1467 791 μαινομένους
1500 706 1609 772 καὶ
1642 707 1975 792 πονηροὺς
2004 705 2253 792 ἄνδρας
2283 733 2354 772 τε

348 806 457 872 καὶ
479 817 834 889 γυναῖκας,
880 803 1185 887 ποιητέον
1205 804 1276 869 δὲ
1297 798 1500 868 οὐδὲν
1536 801 1793 868 τούτων
1827 799 1983 870 οὐδὲ
2018 806 2350 889 μιμητέον.

342 899 819 987 Ἀληθέστατα,
860 904 1008 984 ἔφη.
1102 904 1186 965 Τί
1201 896 1304 978 δ’;
1348 889 1433 982 ἦν
1466 894 1531 964 δ’
1558 900 1714 983 ἐγώ·
1744 900 2184 984 χαλκεύοντας
2217 898 2260 987 ἤ
2291 925 2354 966 τι

351 998 512 1067 ἄλλο
537 1002 1136 1083 δημιουργοῦντας,
1170 992 1213 1080 ἢ
1236 995 1636 1074 ἐλαύνοντας
1668 999 1950 1082 τριήρεις
1971 994 2016 1083 ἢ
2039 1001 2354 1066 κελεύονο

278 1110 315 1161 Β
350 1122 466 1174 τας
500 1093 790 1178 τούτοις,
847 1092 890 1179 ἢ
931 1117 992 1159 τι
1033 1091 1191 1160 ἀλλο
1226 1100 1363 1160 τῶν
1410 1095 1557 1177 περὶ
1596 1102 1802 1161 ταῦτα
1841 1100 2183 1183 μιμητέον;
2226 1096 2355 1162 Καὶ

353 1202 491 1271 πῶς
505 1244 524 1278 ,
570 1196 695 1277 ἔφη
710 1242 729 1276 ,
764 1184 863 1269 οἷς
881 1216 956 1275 γε
987 1188 1142 1258 οὐδὲ
1165 1193 1507 1276 προσέχειν
1528 1190 1647 1259 τόν
1665 1201 1837 1260 νοῦν
1852 1194 2111 1260 τούτων
2130 1190 2356 1261 οὐδενὶ

353 1291 633 1369 ἐξέσται;
683 1292 766 1354 Τί
783 1289 859 1355 δέ
869 1316 888 1369 3
916 1290 1159 1365 ἵππους
1180 1293 1669 1373 χρεμετίζοντας
1688 1292 1798 1357 καὶ
1819 1290 2106 1376 ταύρους
2127 1315 2355 1376 μυκω-

353 1388 594 1472 μένους
613 1387 723 1454 καὶ
738 1385 1074 1472 ποταμοὺς
1087 1392 1475 1471 ψοφοῦντας
1491 1388 1600 1454 καὶ
1616 1387 1960 1454 θάλατταν
1974 1393 2357 1454 κτυποῦσαν

353 1486 464 1551 καὶ
483 1480 769 1571 βροντὰς
788 1485 897 1551 καὶ
918 1484 1135 1552 πάντα
1157 1475 1245 1550 αὖ
1265 1480 1346 1550 τά
1369 1490 1642 1551 τοιαῦτα
1662 1478 1707 1570 ἦ
1730 1483 2152 1570 μιμήσονται;
2181 1481 2350 1551 Ἀλλ’

353 1578 697 1666 ἀπείρηται
741 1579 995 1667 αὐτοῖς,
1041 1587 1169 1667 ἔφη
1187 1632 1205 1665 ,
1251 1580 1414 1667 μήτε
1445 1587 1804 1666 μαίνεσθαι
1839 1580 2002 1667 μήτε
2043 1585 2356 1667 μαινομέ-

354 1703 497 1757 νοις
518 1674 1032 1764 ἀφομοιοῦσθαι.
1099 1685 1187 1746 Εί
1219 1675 1359 1762 ἄρ’,
1406 1671 1493 1764 ήν
1527 1679 1777 1764 δ’,ἐγωᾏ
1825 1677 2238 1765 μανθάνω,ὁι“
2271 1681 2354 1745 σύ

357 1778 594 1861 λέγεις,
619 1782 755 1844 ἔστι
768 1802 833 1845 τι
851 1774 1029 1856 ἐἶδος
1046 1776 1278 1857 λέξεώς
1296 1802 1368 1844 τε
1391 1780 1501 1844 καὶ
1524 1776 1914 1864 διηγήσεως,
1940 1779 2011 1844 ἐν
2031 1773 2085 1867 ᾦ
2107 1771 2193 1844 ἀν
2216 1781 2357 1862 διη-

287 1895 323 1945 C
358 1889 537 1960 γοῖτο
563 1870 598 1941 ὁ
622 1881 712 1964 τῷ
737 1872 880 1942 ὄντι
898 1872 1099 1954 καλὰς
1134 1871 1465 1958 κάγαθός,
1507 1870 1706 1940 ὁπότε
1743 1900 1805 1941 τι
1844 1877 1981 1943 δέοι
2021 1871 2228 1942 αὐτὸν
2251 1876 2358 1940 λε’-

357 1998 498 2059 γειν
517 1998 531 2011 ·
575 1973 686 2039 καὶ
724 1971 951 2054 ἕτερον
973 1962 1060 2038 αὖ
1082 1969 1403 2056 ἀνόμοιον
1439 1970 1654 2060 τούτῳ
1679 1969 1881 2059 εἶδος,
1925 1962 2009 2039 οὗ
2039 1966 2125 2041 ἀν
2148 1978 2356 2058 ἔχοιτο

358 2071 483 2136 αίεὶ
503 2071 612 2135 καὶ
634 2071 707 2136 έν
730 2059 785 2157 ᾦ
820 2073 1106 2154 διηγοῖτο
1130 2065 1166 2135 ὁ
1204 2070 1516 2146 ἐναντίως
1555 2070 1783 2158 ἐκείνω
1817 2070 1951 2155 φύς
1972 2096 2042 2137 τε
2074 2072 2186 2138 καὶ
2201 2096 2359 2156 τρα-

359 2172 522 2252 φείς.
610 2172 780 2232 Ποῖα
828 2164 941 2251 δή,
991 2171 1152 2250 ἔφη,
1207 2168 1446 2244 ταῦτα;
1485 2161 1555 2232 Ὁ
1598 2171 1718 2252 μέν
1756 2194 1867 2254 μοι
1912 2172 2120 2253 δοκεῖ,
2161 2161 2250 2254 ἦν
2293 2162 2357 2232 δ’

359 2263 519 2349 ἐγώ,
565 2264 824 2348 μέτριος
843 2259 1045 2348 ἀνήρ,
1081 2259 1351 2330 ἐπειδὰν
1371 2259 1686 2348 ἀφίκηται
1717 2268 1791 2333 ἐν
1812 2273 1891 2353 τῇ
1925 2265 2217 2352 διηγήσει
2257 2267 2362 2332 ἐπὶ

361 2363 532 2440 λέξιν
549 2359 696 2426 τινα
718 2356 765 2445 ἢ
794 2363 1034 2445 πρᾶξιν
1068 2357 1314 2444 ἀνδρὸς
1343 2357 1637 2446 ἀγαθοῦ,
1673 2362 2020 2448 ἐθελήσειν
2044 2360 2133 2440 ὥς
2164 2359 2363 2440 αὐτὸς

365 2453 418 2524 ὦ
426 2485 460 2524 v
482 2459 731 2534 ἐκεῖνος
754 2454 1190 2542 ἀπαγγέλλειν
1212 2459 1322 2526 καὶ
1344 2456 1469 2526 οὐκ
1494 2464 1950 2544 αἰσχυνεῖσθαι
1984 2462 2089 2528 ἐπὶ
2122 2467 2200 2547 τῇ
2224 2484 2361 2526 τοι-

360 2555 530 2642 αύτῃ
546 2554 808 2641 μιμήσει
821 2606 839 2641 ,
862 2554 1140 2641 μάλιστα
1157 2558 1278 2642 μὲν
1299 2557 1703 2643 μιμούμενος
1715 2555 1838 2624 τὸν
1858 2555 2122 2642 ἀγαθὸν
2142 2555 2361 2642 ἀσφα-

279 2673 322 2722 D
362 2661 492 2732 λῶς
532 2678 604 2720 τε
637 2653 748 2720 καὶ
791 2653 1141 2739 ἐμφρόνως
1181 2653 1586 2739 πράττοντα,
1631 2654 1877 2722 ἐλάττω
1923 2655 2127 2724 δὲκαὶ
2165 2644 2363 2741 ἦττον

361 2746 406 2836 ἢ
429 2747 559 2817 ὑπὸ
582 2749 805 2817 νόσων
827 2745 870 2835 ἢ
893 2748 1023 2817 ὑπὸ
1053 2751 1319 2836 ἐρώτων
1342 2753 1759 2837 ἐσφαλμένον
1790 2747 1835 2836 ἢ
1866 2753 1973 2818 καὶ
1998 2749 2128 2818 ὑπὸ
2153 2754 2364 2836 μέθης

363 2845 409 2935 ἤ
425 2872 603 2924 τινος
625 2845 826 2933 ἄλλης
853 2850 1195 2933 ξυμφορᾶς
1210 2876 1223 2890 ·
1249 2846 1414 2915 ὅταν
1436 2849 1507 2915 δὲ
1524 2855 1825 2934 γίγνηται
1851 2849 2018 2916 κατά
2037 2874 2187 2914 τινα
2210 2848 2366 2916 ἑαυ-

362 2951 486 3014 τοῦ
517 2941 818 3029 ἀνάξιον,
864 2942 989 3013 οὐκ
1035 2945 1379 3031 ἐθελήσειν
1411 2951 1673 3034 σπουδῇ
1713 2945 2086 3026 ἀπεικάζειν
2128 2945 2388 3014 ἑαυτὸν·

360 3048 452 3129 τῷ
476 3049 754 3127 χείρονι,
781 3040 947 3128 εἰμὴ
973 3042 1102 3125 ἄρα
1122 3044 1286 3110 κατὰ
1311 3045 1556 3130 βραχύ,
1601 3041 1766 3112 ὅταν
1786 3069 1849 3111 τι
1879 3041 2164 3130 χρηστὸν
2186 3051 2363 3130 ποιῇ,

364 3136 508 3207 ἀλλ’
527 3143 983 3225 αἰσχυνεῖσθαι
997 3190 1016 3225 ,
1036 3138 1172 3227 ἅμα
1194 3140 1315 3226 μὲν
1338 3139 1756 3227 ἀγύμναστος
1771 3136 1866 3209 ὧν
1885 3149 2009 3210 τοῦ
2028 3151 2367 3229 μιμεῖσθαι

362 3234 520 3317 τοὺς
541 3236 914 3325 τοιούτους,
942 3236 1077 3325 ἅμα
1102 3238 1173 3306 δὲ
1197 3243 1306 3306 καὶ
1330 3244 1780 3326 δυσχεραίνων
1803 3236 2009 3308 αὑτὸν
2031 3237 2368 3325 ἐκμάττειν

293 3359 333 3408 Ε
368 3361 439 3404 τε
461 3337 572 3406 καὶ
592 3336 926 3408 ἐνιστάναι
947 3343 1040 3419 εἰς
1058 3338 1213 3417 τοὺς
1231 3348 1367 3408 τῶν
1387 3340 1722 3408 κακιόνων
1737 3340 1988 3418 τύπους
2001 3390 2020 3424 ,
2042 3336 2368 3425 ἀτιμάζων

366 3444 447 3529 τῇ
473 3443 764 3527 διανοίᾳ,
803 3438 843 3508 ὅ
862 3465 925 3508 τι
954 3436 1042 3526 μὴ
1079 3444 1341 3519 παιδιᾶς
1371 3440 1581 3526 χάριν.
1648 3440 1878 3525 Εἰκός,
1904 3445 2048 3525 ἔφη.
