2602 3928
911 240 1479 300 ΠΟΛΙΤΕΙΑΣ
1511 234 1578 300 ι’.
2129 242 2254 305 299

233 397 348 479 τὰς
372 398 572 485 τύχας
611 399 794 467 οὕτω
835 403 1298 485 προσφέροιτο.
1366 397 1679 487 Ούκοῦν,
1709 407 1963 489 φαμέν,
2008 403 2083 473 τὸ
2129 405 2254 491 μὲν

228 500 570 585 βέλτιστον
601 494 817 584 τούτῳ
849 503 945 585 τῷ
978 503 1271 584 λογισμῷ
1296 500 1515 565 έθέλει
1536 499 1837 566 ἕπεσθαι.
1880 505 2114 586 Δῆλον
2147 502 2251 588 δή.

239 593 331 663 Τὰ
355 594 429 662 δὲ
447 592 616 678 πρὸς
638 591 756 672 τὰς
778 590 1181 681 ἀναμνήσεις
1199 620 1270 661 τε
1291 602 1417 662 τοῦ
1448 593 1717 673 πάθους
1748 598 1860 664 καὶ
1895 593 2062 683 πρὸς
2097 598 2254 678 τούς

231 689 571 779 ὀδυρμοὺς
601 690 775 777 ἄγον
798 694 909 759 καὶ
936 688 1286 777 ἀπλήστως
1321 697 1475 777 ἔχον
1509 689 1736 760 αὐτῶν
1770 684 1881 779 ἀρ’
1925 691 2053 761 ούκ
2087 693 2252 764 ἀλό-

230 790 462 874 γιστόν
480 815 549 856 τε
569 787 874 876 φήσομεν
887 786 1056 856 εἶναι
1076 789 1188 856 καὶ
1208 785 1423 875 ἀργὸν
1443 791 1553 858 καὶ
1578 794 1823 870 δειλίας
1849 798 2083 877 φίλους
2109 791 2253 878 Φή-

231 905 438 973 σομεν
458 885 583 974 μὲν
603 878 748 955 οὖν.
797 885 1074 955 Ούκοῦν
1097 884 1173 953 τὰ
1203 886 1330 972 μὲν
1362 886 1620 975 πολλὴν
1653 894 1929 975 μίμησιν
1959 892 2069 958 καὶ
2099 912 2252 956 ποι-

225 991 420 1072 κίλην
466 990 615 1071 ἔχει,
660 981 737 1053 τὰ
780 982 1310 1071 ἀγανακτητικόν
1325 1009 1339 1024 ·
1402 982 1478 1051 τὸ
1524 984 1596 1054 δὲ
1639 985 1978 1072 φρόνιμόν
2026 1011 2098 1055 τε
2140 989 2251 1054 καὶ
2282 1004 2324 1055 Ε

226 1081 502 1171 ἡσύχων
522 1076 714 1172 ἦθος,
737 1084 1203 1168 παραπλήσιον
1224 1078 1309 1149 ὂν
1323 1078 1425 1151 ἀεὶ
1439 1082 1602 1151 αὐτὸ
1617 1080 1821 1173 αὐτῷ,
1837 1082 1994 1151 οὔτε
2015 1085 2254 1175 ῥᾴδιον

224 1183 646 1270 μιμήσασθαι
667 1181 823 1250 οὔτε
845 1180 1263 1267 μιμούμενον
1287 1178 1556 1261 εὐπετὲς
1575 1183 2009 1268 καταμαθεῖν,
2034 1179 2251 1260 ἄλλως

226 1305 298 1347 τε
321 1282 434 1348 καὶ
457 1278 828 1368 πανηγύρει
847 1279 962 1348 καὶ
983 1281 1430 1357 παντοδαποῖς
1451 1277 1840 1366 ἀνθρώποις
1856 1281 1966 1357 ἐἰς
1998 1282 2251 1363 θέατρα
2340 1357 2345 1361 ,

228 1380 744 1463 ξυλλεγομένοις.
789 1373 1146 1461 ἀλλοτρίου
1166 1375 1296 1462 γάρ
1331 1399 1465 1443 που
1487 1375 1814 1464 πάθουςὴ
1836 1383 2102 1464 μίμησις
2124 1374 2250 1443 αύ-

226 1489 363 1554 τοῑς
383 1480 694 1561 γίγνεται.
736 1473 1135 1541 Παντάπασι
1156 1471 1280 1558 μὲν
1301 1465 1446 1541 οὖν.
1483 1471 1558 1543 Ὁ
1583 1472 1664 1561 δὴ
1688 1474 2033 1562 μιμητικὸς
2054 1497 2252 1559 ποιη-
2283 1484 2386 1541 605

222 1574 339 1660 της
376 1577 585 1659 δῆλον
616 1572 719 1641 ὅτι
752 1568 839 1639 ού
870 1568 1039 1658 πρὸς
1070 1569 1145 1639 τὸ
1169 1577 1478 1638 τοιοῦτον
1499 1578 1617 1659 τῆς
1648 1579 1861 1659 ψυχῆς
1896 1572 2160 1657 πέφυκέ
2174 1597 2250 1656 γε

224 1673 334 1739 καὶ
357 1668 399 1758 ἡ
434 1677 638 1756 σοφία
659 1666 870 1737 αὐτοῦ
890 1668 1105 1759 τούτῳ
1133 1666 1440 1754 ἀρέσκειν
1462 1672 1778 1754 πέπηγεν,
1804 1674 1863 1736 εἰ
1880 1670 2099 1755 μέλλει
2133 1667 2251 1735 εύ-

228 1766 615 1856 δοκιμήσειν
634 1770 710 1835 ἐν
727 1781 863 1846 τοῖς
883 1773 1168 1855 πολλοῖς,
1203 1763 1371 1835 ἀλλά
1406 1764 1575 1853 πρὸς
1606 1765 1681 1833 τό
1720 1764 2250 1853 ἀγανακτητικόν

220 1892 293 1934 τε
306 1868 418 1934 καὶ
440 1869 744 1933 ποικίλον
762 1855 936 1950 ἦθος
957 1863 1065 1931 διὰ
1087 1862 1158 1933 τὸ
1188 1861 1550 1951 εὐμίμητον
1569 1863 1755 1932 εἶναι.
1778 1870 2029 1950 Δῆλον.
2064 1861 2250 1931 Ούκ-

224 1972 352 2033 οὖν
377 1970 645 2044 δικαίως
663 1958 751 2032 ἀν
771 1960 985 2032 αὐτοῦ
1004 1961 1132 2051 ἤδη
1155 1964 1789 2051 ἐπιλαμβανοίμεθα,
1816 1962 1926 2031 καὶ
1948 1971 2250 2048 τιθεῖμεν

221 2060 672 2150 ἀντίστροφον
691 2059 905 2130 αὐτὸν
927 2069 1024 2151 τῷ
1043 2061 1403 2151 ζωγράφοις
1447 2064 1558 2131 καὶ
1576 2058 1705 2149 γὰρ
1734 2069 1829 2152 τῷ
1850 2067 2078 2146 φαῦλα
2099 2083 2251 2127 ποι-

222 2175 324 2230 εῖν
345 2159 515 2247 πρὸς
535 2157 862 2247 ἀλήθειαν
879 2165 1096 2228 ἔοικεν
1118 2159 1322 2249 αὐτῷ,
1337 2163 1449 2230 καὶ
1469 2168 1565 2250 τῷ
1585 2160 1751 2245 πρὸς
1773 2161 2003 2246 ἕτερον
2021 2166 2248 2227 τοιοῦ-
2365 2238 2373 2244 ,

222 2284 343 2326 τον
383 2254 637 2344 ὁμιλεῖν
669 2265 785 2345 τῆς
817 2264 1052 2345 ψυχῆς,
1088 2256 1257 2325 ἀλλὰ
1295 2256 1384 2345 μὴ
1429 2256 1599 2345 πρὸς
1625 2255 1699 2326 τὰ
1735 2261 2100 2344 βέλτιστον,
2138 2257 2250 2324 καὶ
2284 2279 2324 2328 Β

218 2356 430 2445 ταύτῃ
453 2354 805 2443 ὦμοίωται·
847 2356 958 2424 καὶ
980 2353 1195 2438 οὕτως
1216 2354 1345 2443 ἤδη
1364 2351 1450 2423 ἀν
1474 2359 1547 2424 έν
1571 2360 1722 2442 δίκῃ
1747 2352 1831 2422 ού
1853 2359 2249 2442 παραδεχοί-

220 2465 400 2541 μεθα
421 2460 514 2534 εἰς
536 2457 911 2540 μέλλουσαν
934 2452 1370 2540 εὐνομεῖσθαι
1390 2453 1608 2540 πόλιν,
1644 2452 1747 2523 ὅτι
1777 2461 1976 2521 τοῦτο
2011 2454 2250 2537 ἐγείρει

220 2560 338 2640 τῆς
360 2560 575 2639 ψυχῆς
594 2554 704 2621 καὶ
730 2555 960 2640 τρέφει
982 2554 1095 2621 καὶ
1127 2550 1406 2637 ίσχυρὸν
1425 2559 1639 2622 ποιῶν
1672 2549 2001 2620 ἀπόλλυσι
2020 2549 2095 2618 τὸ
2130 2557 2249 2617 λο-

220 2651 544 2738 γιστικόν,
582 2649 807 2741 ὥσπερ
845 2653 919 2718 ἐν
945 2650 1137 2722 πόλει
1170 2647 1336 2718 ὅταν
1367 2676 1467 2729 τις
1499 2649 1885 2737 μοχθηρούς
1908 2649 2249 2733 ἐγκρατεῖς

221 2755 437 2817 ποιῶν
457 2751 803 2836 παραδιδῷ
825 2744 950 2835 τὴν
976 2746 1196 2833 πόλιν,
1218 2745 1379 2825 τούς
1400 2745 1474 2815 δὲ
1493 2749 1954 2833 χαριεστέρους
1973 2748 2247 2831 φθείρῃ,

226 2842 475 2913 ταύτὸν
495 2843 749 2914 καὶτὸν
773 2841 1128 2932 μιμητικὸν
1160 2843 1441 2931 ποιητὴν
1478 2843 1784 2930 φήσομεν
1816 2839 2036 2928 κακὴν
2055 2851 2246 2909 πολι-

221 2947 407 3010 τείαν
443 2947 580 3031 ἰδίᾳ
622 2942 910 3012 ἑκάστου
941 2951 1025 3031 τῇ
1054 2951 1236 3031 ψυχῇ
1263 2946 1581 3029 ἐμποιεῖν,
1614 2948 1710 3029 τῷ
1741 2938 2006 3029 ἀνοήτῳ
2044 2937 2249 3025 αὐτῆς

220 3040 657 3127 χαριζόμενον
675 3044 788 3111 καὶ
808 3040 965 3109 οὔτε
984 3040 1066 3109 τὰ
1087 3045 1281 3127 μείζω
1304 3039 1464 3110 οὔτε
1486 3037 1564 3108 τὰ
1602 3039 1849 3108 έλάττω
1886 3038 2248 3124 διαγιγνοό-
2282 3063 2323 3114 c

219 3158 472 3225 σκοντι,
499 3138 665 3208 ἀλλὰ
685 3139 767 3209 τὰ
789 3137 960 3208 αύτά
993 3144 1139 3208 τοτὲ
1159 3140 1283 3225 μὲν
1313 3138 1567 3226 μεγάλα
1598 3134 1968 3226 ἡγουμένω,
2003 3136 2148 3204 τοτὲ
2173 3138 2246 3204 δὲ

221 3235 489 3322 σμικρά,
520 3241 761 3306 εἴδωλα
796 3241 1374 3323 εἰδωλοποιοῦντα,
1409 3245 1533 3304 τοῦ
1570 3236 1642 3306 δὲ
1677 3234 1978 3322 ἀληθοῦς
2015 3233 2244 3320 πόρρω

227 3333 409 3402 πάνυ
432 3330 802 3420 ἀφεστῶτα.
847 3333 1047 3403 Πάνν
1070 3335 1191 3422 μὲν
1215 3326 1362 3403 οὖν.

392 3436 516 3500 vll.
565 3432 670 3502 Ού
703 3435 935 3520 μέντοι
974 3457 1077 3501 πω
1117 3433 1193 3501 τό
1229 3457 1308 3520 γε
1350 3435 1661 3520 μέγιστον
1701 3427 2248 3516 κατηγορήκαμεν
