2602 3928
223 253 295 307 65
1007 243 1468 302 ΤΙΜΑΙΟΣ.
2109 243 2235 308 383

223 430 341 472 του
378 411 516 473 τῶν
555 401 716 487 παρ’
759 401 935 488 ἡμῖν.
998 400 1074 470 τὸ
1113 402 1188 470 δὲ
1235 401 1453 471 ὀστῶν
1494 404 1606 470 καὶ
1643 412 1911 488 σαρκῶν
1954 409 2065 474 καὶ
2114 411 2231 491 τῆς

221 501 527 588 τοιαύτης
548 500 814 588 φύσεως
834 503 984 585 πέρι
1005 498 1217 586 πάσης
1243 492 1373 568 ῶδε
1403 506 1569 588 ἔσχε.
1609 501 1866 580 τούτοις
1901 503 2236 589 ξύμπασιν
2269 531 2306 578 Β

221 596 385 685 ἀρχὴ
407 597 590 686 μὲνὴ
625 607 750 666 τοῦ
770 606 1025 685 μυελοῦ
1045 603 1329 683 γένεσις·
1375 604 1445 666 οἰ
1479 598 1610 685 γάρ
1649 608 1772 667 τοῦ
1813 607 1966 686 βίου
2010 606 2237 688 δεσμοὶ

219 705 336 785 τῆς
357 704 572 784 ψυχῆς
589 704 685 788 τῷ
706 698 958 783 σώματι
982 700 1431 784 ξυνδουμένης
1462 700 1536 765 ἐν
1558 698 1774 787 τούτῳ
1809 701 2238 785 διαδούμενοι

221 800 650 883 κατερρίζουν
671 794 746 862 τὸ
768 791 1027 881 θνητὸν
1042 798 1241 880 γένος
1256 820 1270 833 ·
1316 792 1520 874 αὐτὸς
1541 797 1612 862 δὲ
1635 791 1671 863 ὁ
1696 794 1938 880 μυελὸς
1960 800 2238 883 γέγονεν

222 896 287 972 ἐξ
311 891 547 960 ἄλλων.
610 898 748 961 τῶν
788 892 917 979 γὰρ
960 892 1308 978 τριγώνων
1349 891 1476 961 ὅσα
1519 902 1747 978 πρῶτα
1784 894 2084 983 ἀστραβῆ
2125 898 2236 965 καὶ

223 1001 365 1060 λεῖα
389 992 550 1060 ὄντα
568 1001 706 1078 πῦρ
726 1015 799 1059 τε
819 994 931 1059 καὶ
952 990 1137 1076 ὕδωρ
1159 995 1271 1060 καὶ
1292 990 1456 1081 ἀέρα
1477 994 1587 1061 καὶ
1618 1002 1749 1080 γῆν
1781 993 1871 1062 δι’
1901 993 2236 1083 ἀκριβείας

223 1092 505 1176 μάλιστα
545 1083 633 1178 ἦν
674 1103 1036 1175 παρασχεῖν
1073 1091 1360 1176 δυνατά,
1411 1098 1619 1159 ταῦτα
1662 1089 1698 1159 ὁ
1741 1090 1902 1171 θεὸς
1936 1091 2066 1163 ἀπὸ
2099 1102 2235 1162 τῶν

222 1191 479 1257 ἑαυτῶν
501 1191 741 1256 ἕκαστα
762 1195 981 1274 γενῶν
1014 1189 1210 1274 χωρὶς
1232 1187 1637 1276 ἀποκρίνων,
1672 1189 1909 1276 μιγνὺς
1932 1192 2005 1259 δὲ
2026 1189 2235 1278 ἀλλή-

219 1296 358 1366 λοις
381 1287 731 1373 ξύμμετροι,
755 1291 1219 1371 πανσπερμίαν
1246 1290 1444 1356 παντὶ
1463 1296 1697 1378 θνητῷ
1716 1292 1896 1374 γένει
1920 1292 2230 1377 μηχανῶ·
2265 1303 2305 1355 0

219 1412 437 1471 μενος,
460 1381 582 1453 τὸν
610 1382 860 1471 μυελὸν
881 1388 947 1463 ἐξ,
970 1380 1195 1451 αὐτῶν
1222 1382 1691 1471 ἀπειργάσατο,
1713 1390 1823 1454 καὶ
1839 1385 2001 1474 μετὰ
2022 1396 2233 1456 ταῦτα

221 1481 303 1569 δὴ
334 1482 649 1568 φυτεύων
668 1485 740 1548 ἐν
773 1477 952 1567 αὐτῷ
975 1484 1232 1549 κατέδει
1251 1479 1333 1550 τὰ
1354 1488 1493 1549 τῶν
1516 1489 1749 1569 ψυχῶν
1769 1488 1950 1572 γένη,
1977 1487 2232 1572 σχημά-

218 1606 356 1647 των
393 1606 463 1647 τε
487 1578 612 1648 ὅσα
648 1584 915 1664 ἔμελλεν
941 1572 1030 1645 αὖ
1057 1579 1329 1665 σχήσειν
1349 1575 1457 1647 οἶά
1475 1606 1546 1646 τε
1589 1579 1752 1649 καθ’
1777 1584 2022 1651 ἕκαστα
2065 1587 2229 1669 εἴδη,

221 1680 339 1745 τόν
358 1676 605 1764 μυελὸν
630 1675 839 1745 αὐτὸν
859 1684 1148 1746 τοσαῦτα
1171 1682 1280 1746 καὶ
1304 1687 1576 1747 τοιαῦτα
1611 1684 1896 1769 διῃρεΐτο
1937 1684 2231 1769 σχήματα

219 1776 430 1855 εὐθὺς
453 1781 524 1845 ἐν
546 1784 627 1863 τῇ
651 1782 934 1864 διανομῇ
957 1783 1039 1863 τῇ
1061 1774 1205 1863 κατ’
1235 1774 1456 1863 ἀρχάς.
1495 1780 1606 1845 καὶ
1638 1779 1761 1864 τὴν
1793 1783 1916 1866 μὲν
1939 1779 2014 1848 τό
2038 1789 2230 1850 θεῖον

218 1879 480 1962 σπέρμα
509 1870 652 1943 οἷον
672 1874 973 1962 ἄρουραν
995 1878 1366 1961 μέλλουσαν
1388 1877 1559 1955 ἕξειν
1589 1879 1664 1945 ἐν
1695 1874 1864 1964 αὐτῇ
1903 1887 2226 1968 περιφερῆ

214 1981 514 2063 πανταχῇ
536 1974 793 2055 πλάσας
817 1975 1201 2060 ἐπωνόμασε
1222 1981 1347 2042 τοῦ
1371 1982 1625 2062 μυελοῦ
1654 1976 1907 2062 ταύτην
1926 1976 2049 2063 τὴν
2076 1993 2223 2064 μοῖ-
2260 1999 2302 2048 D

216 2098 342 2157 ραν
365 2076 752 2159 ἐγκέφαλον,
779 2069 867 2151 ὥς
889 2071 1446 2151 ἀποτελεσθέντος
1468 2072 1751 2141 ἑκάστου
1785 2073 1955 2154 ζώου
1981 2072 2056 2142 τὸ
2082 2079 2231 2160 περὶ

216 2181 413 2240 τοῦτο
440 2171 706 2257 ἀγγεῖον
727 2169 1029 2258 κεφαλὴν
1053 2170 1541 2257 γενησόμενον·
1586 2168 1622 2239 ὃ
1653 2170 1717 2241 δ’
1755 2165 1844 2240 αὖ
1879 2173 1953 2241 τὸ
1989 2173 2228 2241 λοιπὸν

213 2274 324 2339 καὶ
352 2268 613 2358 θνητὸν
644 2279 758 2357 τῆς
792 2279 1006 2356 ψυχῆς
1041 2275 1269 2356 ἔμελλε
1298 2274 1629 2356 καθέξειν,
1674 2269 1808 2358 ἅμα
1851 2272 2227 2360 στρογγύλα

213 2375 324 2442 καὶ
343 2371 651 2459 προμήκη
673 2377 958 2459 διῃρεῖτο
983 2372 1313 2458 σχήματα,
1349 2370 1600 2458 μυελὸν
1623 2372 1695 2439 δὲ
1728 2372 1945 2440 πάντα
1976 2373 2229 2458 ἐπεφή-

212 2490 383 2558 μισε,
428 2473 536 2538 καὶ
579 2468 886 2556 καθάπερ
930 2473 996 2550 ἐξ
1047 2468 1362 2555 ἀγκυρῶν
1402 2469 1808 2557 βαλλόμενος
1850 2473 1922 2539 ἐκ
1965 2471 2226 2538 τούτων

211 2569 427 2655 πάσης
453 2575 666 2654 ψυχῆς
703 2566 986 2653 δεσμοὺς
1020 2568 1170 2653 περὶ
1196 2566 1395 2635 τὀῦτο
1438 2565 1702 2654 ξύμπαν
1742 2568 1869 2653 ἤδη
1912 2565 1987 2634 τὰ
2036 2573 2228 2652 σῶμα

210 2663 400 2753 ἡμῶν
415 2665 857 2753 ἀπειργάζετο,
874 2667 1207 2751 στέγασμα
1222 2664 1343 2751 μὲν
1361 2664 1547 2754 αὐτῷ
1560 2671 1825 2751 πρῶτον
1842 2661 2229 2750 ξυμπηγνὺς

211 2770 568 2851 περίβολον
606 2760 942 2831 ὀστέϊνον·
985 2761 1060 2832 τὸ
1098 2767 1171 2830 δὲ
1207 2759 1455 2830 ὀστοῦν
1489 2766 1868 2850 ξυνίστησιν
1906 2754 2050 2829 οἶδε.
2096 2769 2225 2847 γῆν
2254 2787 2295 2837 E

211 2862 559 2948 διαττήσας
590 2859 903 2947 καθαρὰν
925 2865 1035 2928 καὶ
1056 2867 1242 2929 λείαν
1270 2861 1565 2947 ἐφύρασε
1584 2863 1695 2929 καὶ
1718 2866 1945 2929 ἔδευσε
1979 2867 2224 2951 μυελῷ,

209 2963 322 3027 καὶ
343 2958 503 3046 μετὰ
523 2968 721 3028 τοῦτο
757 2964 848 3039 εἰς
871 2966 1008 3045 πῦρ
1034 2956 1196 3027 αὐτὸ
1239 2960 1570 3044 ἐντίθησι,
1605 2956 1750 3046 μετ’
1778 2961 1989 3027 ἐκεῖνο
2028 2959 2098 3025 δὲ
2132 2964 2225 3036 εἰς

207 3055 394 3143 ὕδωρ
439 3057 697 3145 βάπτει,
751 3056 951 3126 πάλιν
986 3055 1057 3125 δὲ
1091 3063 1182 3136 εἰς
1215 3062 1353 3143 πῦρ
1386 3048 1587 3135 αὖθίς
1626 3082 1695 3124 τε
1733 3062 1825 3136 εἰς
1843 3054 2063 3142 ὕδωρ·
2106 3081 2226 3141 με-

207 3159 518 3239 ταφέρων
541 3152 603 3223 δ’
632 3154 809 3224 οὕτω
831 3154 1148 3233 πολλάκις
1172 3160 1263 3233 εἰς
1285 3152 1600 3239 ἑκάτερον
1631 3150 1749 3221 ὑπ’
1778 3151 2030 3240 ἀμφοῖν
2064 3151 2225 3237 ἄτη-

207 3278 370 3321 κτον
391 3251 852 3340 ἀπειργάσατο.
896 3252 1400 3340 καταχρώμενος
1421 3252 1503 3339 δὴ
1525 3252 1739 3342 τούτῳ
1762 3255 1911 3337 περὶ
1945 3252 2069 3338 μὲν
2101 3251 2223 3317 τὸν

206 3353 580 3436 ἐγκέφαλον
647 3351 861 3419 αὐτοῦ
923 3366 1218 3437 σφαῖραν
1284 3350 1828 3439 περιετόρνευσεν
1892 3346 2219 3434 ὀστεΐνην,

208 3449 415 3539 ταύτῃ
461 3452 533 3517 δὲ·
576 3448 819 3538 στενὴν
877 3453 1174 3530 διέξοδον
1226 3455 1640 3518 κατελείπετο
1658 3476 1671 3489 ·
1732 3450 1842 3516 καὶ
1898 3449 2048 3534 περὶ
2099 3442 2222 3512 τὸν
