2602 3928
231 265 302 319 53
1011 215 1487 354 ,ΤιΜΑιοΣ
1535 281 1540 286 -
2125 260 2251 326 371

231 415 375 503 τινὰ
398 416 596 502 κάτω,
622 414 744 485 τὸν
766 420 840 483 δὲ
862 414 1003 484 ἀνω
1023 417 1240 502 λέγειν
1262 422 1433 503 ἔχειν
1455 416 1579 487 οὐκ
1604 424 1935 505 ἔμφρονος
1951 447 1966 461 ·
1991 420 2159 490 ὅθεν
2183 423 2255 491 δὲ

229 512 593 603 ὠνομάσθη
616 521 824 583 ταῦτα
851 515 1057 582 καὶέν
1076 511 1173 593 οἷς
1195 512 1361 583 ὄντα
1384 523 1739 603 εὐθίσμεθα
1770 516 1855 585 δι’
1901 522 2119 589 ἐκεῖνα
2144 524 2255 589 καὶ

227 610 349 683 τόν
370 612 669 699 οὐρανὸν
692 613 854 683 ὅλον
888 612 1066 680 οὕτω
1102 616 1557 702 διαιρούμενοι
1592 620 1829 703 λέγειν,
1865 625 2075 686 ταῦτα
2111 625 2249 688 διο·
2288 642 2328 692 Β

226 716 632 799 μολογητέον
654 710 1099 797 ὑποθεμένοις
1118 711 1274 778 τάδε
1295 709 1470 798 ἡμῖν.
1518 723 1695 793 εἴτις
1726 717 1799 782 έν
1819 723 1912 804 τῶ
1936 724 2060 783 τοῦ
2080 742 2254 783 παν-

225 807 337 889 τὰς
355 807 561 899 τόπῳ,
587 807 752 876 καθ’
782 804 864 876 ὃν
886 804 1070 894 ἢτοῦ
1092 805 1304 892 πυρὸς
1338 818 1553 896 εἴληχε
1585 810 1867 897 μάλιστα
1905 812 2126 901 φύσις,
2167 808 2252 883 οὗ

227 910 337 976 καὶ
359 915 670 975 πλεῖστον
684 901 771 973 ἀν
792 902 1244 991 ἠθροισμένον
1267 914 1368 991 εἴη
1391 906 1557 990 πρὸς
1577 905 1618 975 ὃ
1640 914 1930 997 φέρεται,
1964 913 2252 999 ἐπεμβὰς

230 1002 335 1073 ἐπ’
367 1008 578 1073 ἐκεῖνο
617 1006 727 1073 καὶ
750 1004 1042 1090 δύναμιν
1081 1009 1175 1082 εἰς
1208 1009 1408 1071 τοῦτο
1446 1011 1636 1093 ἔχων,
1679 1011 1843 1095 μέρη
1878 1017 2002 1075 τοῦ
2034 1008 2252 1095 πυρὰς

226 1102 535 1190 ἀφαιρῶν
557 1107 794 1188 ίσταίη,
817 1103 1027 1180 τιθεὶς
1067 1106 1159 1180 εἰς
1192 1102 1613 1191 πλάστιγγας,
1649 1115 1860 1189 αἴρων
1892 1103 2015 1173 τὸν
2048 1106 2250 1192 ζυγὸν

227 1206 338 1270 καὶ
371 1200 447 1270 τὸ
479 1210 614 1287 πῦρ
659 1202 874 1269 ἕλκων
905 1205 997 1279 εἰς
1036 1197 1359 1286 ἀνόμοιον
1393 1200 1554 1288 ἀέρα
1599 1204 2003 1291 βιαζόμενος,
2041 1209 2249 1291 δῆλον

230 1298 316 1379 ῶς
350 1298 716 1368 τοῦλαττόν
749 1323 883 1367 που
914 1306 1038 1365 τοῦ
1070 1305 1367 1384 μείζονος
1400 1304 1570 1389 ῥᾷον
1604 1309 1854 1389 βιᾶται·
1891 1302 2083 1390 ῥώμῃ
2117 1299 2247 1388 γὰρ
2284 1326 2322 1377 c

228 1406 343 1487 μιᾷ
378 1403 570 1467 δυοῖν
607 1397 745 1484 ἅμα
776 1402 1354 1484 μετεωριζομένων
1386 1397 1460 1467 τὸ
1500 1404 1623 1486 μὲν
1657 1406 1928 1469 ἔλαττον
1964 1409 2242 1487 μᾶλλον,

226 1498 299 1566 τὸ
345 1499 416 1566 δὲ
449 1500 652 1565 πλέον
694 1492 895 1582 ἦττον
932 1494 1190 1582 ἀνάγκη
1224 1522 1359 1566 που
1384 1499 1936 1585 κατατεινόμενον
1967 1501 2244 1578 ξυνέπε-

228 1606 393 1664 σθαι
417 1604 497 1684 τῇ
528 1602 662 1683 βίᾳ,
685 1596 797 1663 καὶ
824 1592 898 1662 τὸ
931 1594 1053 1681 μὲν
1088 1594 1262 1664 πολὺ
1295 1597 1472 1683 βαρὺ
1506 1600 1615 1663 καὶ
1647 1597 1827 1665 κάτω
1863 1596 2241 1682 φερόμενον

225 1700 581 1780 κληθῆναι,
624 1691 698 1761 τὸ
745 1694 817 1761 δὲ
853 1691 1135 1780 σμικρὸν
1176 1692 1475 1780 ἐλαφρὸν
1515 1696 1628 1761 καὶ
1669 1692 1828 1762 ἅνω.
1872 1690 2117 1761 ταύτὸν
2163 1695 2242 1780 δὴ

225 1800 423 1859 τοῦτο
454 1796 559 1860 δεῖ
587 1798 898 1878 φωρᾶσαι
929 1795 1227 1875 δρῶντας
1260 1789 1432 1879 ἡμᾶς
1468 1796 1619 1879 περὶ
1639 1791 1834 1859 τόνδε
1858 1789 1977 1858 τόν
2013 1792 2240 1860 τόπον.

225 1894 327 1959 ἐπὶ
370 1890 502 1979 γάρ
543 1899 663 1978 γῆς
704 1896 1006 1977 βεβῶτες,
1048 1891 1264 1979 γεώδη
1308 1895 1467 1978 γένη
1514 1891 1916 1979 διιστάμενοι
1960 1894 2074 1959 καὶ
2112 1901 2243 1979 γῆν

225 1993 433 2059 ἐνίοτε
474 1988 689 2076 αὐτὴν
728 1991 1009 2076 ἕλκομεν
1053 1995 1145 2069 εἰς
1182 1989 1513 2077 ἀνόμοιον
1556 1988 1721 2074 ἀέρα
1762 1996 1878 2080 βία
1921 1992 2033 2059 καὶ
2063 1988 2240 2075 παρά

224 2087 460 2174 φύσιν,
485 2085 829 2173 ἀμφότερα
861 2094 986 2154 τοῦ
1009 2089 1374 2173 ξυγγενοῦς
1412 2085 1839 2173 ἀντεχόμενα,
1874 2084 1948 2154 τό
1984 2087 2055 2155 δὲ
2090 2106 2241 2173 σμι-
2272 2104 2315 2153 D

223 2185 548 2273 κρότερον
569 2189 736 2274 ῥᾷον
762 2193 886 2252 τοῦ
919 2190 1214 2271 μείζονος
1251 2185 1660 2274 βιαζομένοις
1694 2192 1785 2264 εἰς
1812 2183 1885 2253 τὸ
1920 2183 2244 2271 ἀνόμοιον

221 2283 550 2371 πρότερον
592 2286 964 2364 ξυνέπεται·
1022 2292 1288 2370 κοῦφον
1332 2277 1459 2352 οὖν
1503 2283 1665 2352 αὐτὸ
1714 2283 2243 2371 προσειρήκαμεν

219 2385 330 2451 καὶ
352 2380 474 2450 τὸν
493 2382 703 2450 τόπον
724 2388 814 2460 εἰς
835 2377 917 2449 ὃν
949 2380 1296 2470 βιαζόμεθ’
1327 2383 1491 2466 ἅνω,
1525 2383 1598 2450 τὸ
1636 2380 1702 2448 δ’
1740 2385 2048 2451 ἐναντίον
2079 2381 2243 2449 τού-

218 2509 357 2560 τοις
385 2481 603 2560 πάθος
629 2478 808 2567 βαρὺ
829 2482 940 2548 καὶ
962 2479 1160 2549 κάτω.
1206 2477 1397 2549 ταῦτ’
1428 2472 1560 2549 οὖν
1591 2477 1672 2567 δὴ
1705 2479 2048 2566 διαφόρως
2069 2484 2242 2565 ἔχειν

220 2574 393 2645 αὐτοὶ
434 2574 602 2662 πρὸς
645 2575 815 2645 αὐτοὶ
861 2575 1121 2664 ἀνάγκη
1167 2573 1276 2645 διά
1320 2574 1394 2646 τὸ
1436 2575 1517 2644 τά
1569 2576 1796 2663 πλήθη
1842 2586 1979 2644 τῶν
2021 2584 2241 2661 γενῶν
2353 2632 2359 2639 ,

220 2677 434 2744 τόπον
465 2680 771 2744 ἐναντίον
804 2674 972 2744 ἄλλα
1007 2674 1230 2756 ἄλλοις
1267 2679 1592 2762 κατέχειν·
1636 2674 1712 2742 τὸ
1754 2672 1885 2762 γάρ
1925 2676 2001 2742 ἐν
2043 2676 2240 2766 ἑτέρῳ

219 2782 482 2858 κοῦφόν
503 2768 585 2840 ὂν
611 2771 794 2861 τόπῳ
816 2781 910 2863 τῷ
928 2773 1096 2841 κατά
1117 2772 1240 2842 τὸν
1271 2777 1576 2843 ἐναντίον
1597 2772 1808 2843 τόπον
1841 2776 2111 2864 ἐλαφρῶ
2131 2776 2243 2841 καὶ

218 2880 316 2961 τῶ
336 2879 532 2959 βαρεῖ
544 2869 617 2938 τό
643 2868 821 2958 βαρὺ
843 2879 938 2961 τῶ
957 2898 1027 2939 τε
1051 2871 1230 2941 κάτῳ
1253 2872 1327 2941 τὰ
1355 2872 1535 2940 κάτω
1558 2874 1669 2940 καὶ
1701 2880 1793 2962 τῶ
1825 2870 1966 2939 ἅνω
1988 2871 2063 2940 τό
2096 2871 2236 2940 ἅνω
2269 2894 2312 2946 Β

217 2967 421 3038 πάντ’
456 2974 722 3038 ἐναντία
744 2971 853 3037 καὶ
876 2969 1121 3056 πλάγια
1144 2974 1255 3040 καὶ
1290 2972 1558 3050 πάντως
1593 2968 1885 3056 διάφορα
1922 2972 2087 3057 πρὸς
2120 2969 2242 3039 άλ-

221 3077 390 3155 ληλα
411 3063 937 3153 ἀνευρεθήσεται
957 3071 1323 3157 γιγνόμενα
1345 3071 1456 3138 καὶ
1484 3066 1647 3137 ὅντα
1663 3093 1676 3108 ·
1710 3066 1864 3135 τόδε
1886 3094 1965 3154 γε
1998 3067 2132 3155 μὴν
2167 3070 2242 3136 ἕν

217 3193 282 3234 τι
309 3168 699 3250 διανοητέον
720 3166 871 3249 περὶ
891 3165 1169 3235 πάντων
1188 3163 1434 3252 αὐτῶν,
1462 3164 1552 3245 ῶς
1572 3161 1613 3251 ἡ
1636 3163 1759 3251 μὲν
1781 3162 1947 3253 πρὸς
1977 3162 2050 3233 vd
2079 3169 2241 3251 ξυγ-

216 3265 407 3352 γενὲς
440 3260 596 3343 ὁδὸς
627 3262 923 3344 ἑκάστοις
961 3258 1132 3333 οὖσα
1166 3264 1342 3354 βαρὺ
1378 3265 1500 3352 μὲν
1531 3261 1605 3333 τὰ
1643 3263 2024 3350 φερόμενον
2046 3278 2238 3346 ποιεῖ,

216 3361 340 3431 τόν
369 3362 443 3430 δὲ
463 3362 677 3430 τόπον
711 3368 802 3441 εἰς
823 3358 906 3430 ὃν
926 3359 1001 3432 τό
1023 3372 1331 3432 τοιοῦτον
1362 3365 1631 3450 φέρεται
1651 3360 1853 3445 κάτω,
1877 3358 1958 3428 τά
1983 3358 2055 3427 δὲ
2079 3360 2240 3429 τού-

216 3487 359 3540 τοις
378 3465 609 3546 ἔχοντα
634 3454 722 3538 ὥς
741 3458 973 3544 ἑτέρως
992 3460 1267 3548 θάτερα.
1293 3461 1445 3545 περὶ
1465 3460 1544 3546 δὴ
1567 3457 1825 3529 τούτων
1851 3450 1941 3584 ατΞ
1962 3466 2098 3526 τῶν
2122 3483 2239 3527 πα-

1822 3557 1893 3609 24
