2602 3928
274 214 402 281 220
821 182 824 185 “
1016 218 1223 285 ΠΛΛ
1242 217 1589 287 ΤῼΝοε

274 395 448 457 αὔτα
464 396 625 482 ἔργα
646 386 1128 477 συστήσασθαι,
1164 389 1342 458 οὕτω
1377 389 1770 469 ξυνεστάναι
1802 398 1899 480 τῷ
1920 398 2044 459 τοῦ
2080 388 2290 477 οὐραΔ

276 503 405 562 νοῦ
430 495 813 583 δημιουργῷ
833 487 1041 557 αὐτόν
1061 513 1132 557 τε
1154 491 1264 557 καὶ
1293 486 1374 555 τὰ
1410 490 1486 556 ἐν
1522 487 1730 578 αὐτῷ·
1774 486 1900 575 τὴν
1942 486 2013 556 δὲ
2045 487 2292 569 νυκτὸς

283 587 448 674 πρὸς
468 584 726 675 ἡμέραν
748 593 1151 674 ξυμμετρίαν
1185 588 1295 655 καὶ
1327 586 1586 654 τούτων
1614 583 1781 673 πρὸς
1805 587 1982 672 μῆνα
2019 588 2128 655 καὶ
2161 613 2290 673 μη·-

279 685 395 766 νός
417 683 582 772 πρὸς
605 686 913 754 ἐνιαυτὸν
933 686 1204 752 καὶτῶν
1224 683 1449 752 ἄλλων
1478 680 1745 768 ἄστρων
1776 681 1944 767 πρός
1975 708 2047 751 τε
2081 691 2292 751 ταῦτα

201 805 239 854 P.
271 787 386 867 καὶ
418 783 586 867 πρὸς
620 781 891 869 ἄλληλα,
929 779 1053 849 οὐκ
1088 779 1364 867 ἄτοπον,
1409 790 1556 865 οἴει,
1598 776 1910 866 ἡγήσεται
1944 779 2065 849 τὸν
2098 787 2290 867 νομί-

281 887 472 961 ζοντα
494 885 853 965 γίγνεσθαί
866 904 936 946 τε
960 885 1166 945 ταῦτα
1187 874 1287 946 ἀεὶ
1314 874 1627 955 ὡσαύτως
1660 879 1772 945 καὶ
1795 876 2057 966 οὐδαμῇ
2091 877 2293 947 οὐδὲν

283 977 786 1062 παραλλάττειν,
824 977 1013 1063 σῶμά
1048 1000 1118 1044 τε
1158 980 1391 1061 ἔχοντα
1423 976 1534 1043 καὶ
1567 972 1915 1063 ὁρεύμενα,κ
1934 979 2043 1044 καὶ
2076 982 2288 1063 ζητεῖν

281 1079 475 1144 παντὶ
516 1075 741 1163 τρόπω
783 1074 910 1162 τὴν
947 1073 1275 1160 ἀλήθειαν
1314 1072 1542 1141 αὐτοῖν
1591 1081 1850 1161 λαβεῖν,
1902 1073 2076 1162 Ἐμοὶ
2116 1081 2292 1160 γοῦν

281 1178 479 1259 δοκεῖ,
506 1178 653 1259 ἔφη,
690 1182 818 1241 σοῦ
851 1180 982 1241 νῦν
1015 1170 1348 1240 ἀκούοντι.
1393 1172 1870 1259 Προβλήμασιν
1904 1170 2052 1257 ἄρα,
2097 1165 2185 1258 ἡν
2223 1170 2284 1239 δ’

279 1271 430 1356 ἐγώ,
451 1272 780 1357 χρω’μενοι
805 1268 1026 1358 ὥσπερ
1050 1276 1455 1358 γεωμετρίαν
1491 1267 1667 1338 οὕτω
1700 1271 1810 1337 καὶ
1845 1267 2292 1356 ἀστρονομίαν

213 1391 251 1441 c
285 1371 583 1454 μέτιμεν·
626 1366 706 1436 τά
732 1366 798 1437 δ’
822 1372 895 1436 ἐν
915 1376 1011 1456 τῷ
1032 1366 1305 1457 οὐρανῷ
1326 1366 1628 1454 ἐάσομεν,
1657 1371 1720 1434 εἰ
1735 1370 2059 1454 μέλλομεν
2079 1365 2289 1447 ὄντως
2370 1429 2381 1435 -

279 1462 717 1552 ἀστρονομίας
737 1466 1349 1554 μεταλαμβάνοντες
1368 1465 1696 1552 χρήσιμον
1715 1463 1791 1532 τὸ
1817 1465 2017 1550 φύσει
2051 1464 2293 1550 φρόνι-

279 1588 408 1649 μον
429 1566 504 1631 ἐν
522 1571 606 1652 τῇ
631 1573 811 1652 ψυχῇ
835 1567 899 1645 ἐξ
939 1564 1271 1651 ἀχρήστου
1307 1563 1627 1650 ποιήσειν.
1661 1554 1745 1630 Ἦ
1771 1562 2287 1650 πολλαπλάσιον,

279 1668 429 1750 ἔφη,
451 1662 524 1731 τὰ
553 1669 753 1749 ἔργον
771 1659 815 1750 ἡ
839 1662 929 1743 ὥς
949 1672 1081 1733 νῦν
1102 1662 1606 1750 ἀστρονομεῖται
1623 1663 2063 1750 προστάττεις.
2093 1662 2292 1751 Οἶμαι

282 1764 359 1829 δέ
372 1787 471 1847 γε,
499 1758 706 1846 εἷπον,
721 1763 831 1829 καὶ
851 1755 1058 1831 τάλλα
1079 1759 1246 1829 κατὰ
1258 1759 1380 1829 τὸν
1403 1758 1878 1843 αὐτὸντρόπον
1898 1761 2290 1846 προστάξειν

280 1857 471 1947 ἡμᾶς,
498 1858 615 1926 ἐάν
637 1885 698 1926 τι
720 1856 911 1946 ἡμῶν
936 1857 1025 1938 ὡς
1052 1864 1447 1945 νομοθετῶν
1469 1857 1712 1946 ὄφελος
1731 1852 1796 1946 ᾗ.

444 1960 573 2024 ΧΠ.
614 1954 804 2027 Ἀλλά
828 1957 958 2042 γάρ
979 1983 1043 2025 τι
1065 1953 1285 2043 ἕχεις’
1247 1983 1509 2044 υπομνη
1490 1961 1627 2025 σαι
1649 1984 1786 2025 των
1813 1956 2294 2044 προσηκόντων

280 2053 728 2141 μαθημάτων,
776 2055 919 2122 Οὐκ
940 2059 1085 2140 ἔχω,
1127 2060 1277 2141 ἔφη,
1310 2062 1443 2123 νῦν
1472 2054 1536 2140 γ’
1578 2052 1837 2123 οὑτωσί.
1890 2053 1995 2123 Οὐ
2026 2055 2158 2143 μὴν
2191 2059 2287 2144 ἕν,

279 2148 449 2219 ἀλλά
470 2156 694 2235 πλείω,
719 2143 808 2236 ἦν
829 2147 889 2217 δ’
912 2151 1065 2238 ἐγώ,
1091 2156 1232 2239 εἴδη
1253 2150 1655 2239 παρέχεται“
1618 2179 1658 2237 η
1684 2152 1883 2239 φορά,
1908 2179 1998 2232 ως
2023 2146 2289 2243 ἐγωμαι.

203 2266 246 2315 D
283 2246 365 2315 τὰ
389 2247 513 2334 μὲν
537 2240 663 2315 οὖν
682 2247 898 2317 πάντα
921 2258 1078 2328 ἴσως
1111 2249 1289 2329 ὅστις
1312 2247 1522 2336 σοφὰς
1557 2252 1683 2329 ἕξει
1724 2255 1960 2318 εἰπεῖν·
2006 2248 2051 2317 ἃ
2086 2250 2155 2319 δὲ
2180 2253 2292 2319 καὶ

219 2342 441 2432 ἡμῖν
463 2353 797 2431 προφανῆ,
825 2345 965 2416 δύο.
1034 2354 1206 2416 Ποῖα
1248 2348 1362 2433 δής
1403 2344 1588 2431 Πρὸς
1619 2345 1853 2436 τούτω,
1899 2337 1987 2433 ἦν
2022 2343 2091 2414 δ’
2137 2349 2288 2434 ἐγώ,

281 2441 729 2528 ἀντίστροφον
773 2440 1160 2513 αυτοῦ.Τό
1206 2458 1432 2524 ποῖον,
1480 2444 1902 2563 Κινδυνεήει,
1947 2449 2141 2531 ἔφην,
2202 2471 2292 2523 ως

281 2537 450 2628 πρὸς
471 2537 982 2627 ἀστρονομίαν”
941 2568 1202 2630 ομματα
1224 2547 1538 2628 πέπηγεν,
1567 2568 1653 2621 ως
1687 2538 1856 2628 πρὸς
1889 2541 2291 2628 ἐναρμόνιον

282 2637 507 2725 φορὰν
531 2631 666 2707 ὦτα
687 2648 998 2727 παγῆναι,
1022 2644 1132 2710 καὶ
1155 2633 1353 2708 αὗται
1374 2638 1684 2728 ἀλλήλων
1713 2639 2003 2727 ἀδελφαί
2027 2665 2200 2720 τινες
2224 2644 2298 2706 αἰ

281 2740 625 2824 ἐπιστῆμαι
648 2735 836 2824 εἶναι,
874 2736 962 2818 ὥς
984 2743 1137 2807 οἵτε
1166 2738 1632 2825 Πυθαγόρειοί
1661 2757 1826 2824 φασι
1855 2741 1965 2807 καὶ
1987 2736 2190 2825 ἡμεῖς,
2238 2731 2293 2805 ὦ

278 2836 630 2922 Γλαύκων,
669 2842 1156 2924 ξυγχωροῦμεν.
1205 2834 1248 2922 ἦ
1283 2846 1424 2915 πῶς
1460 2844 1816 2922 ποιοῦμεν;
1866 2835 2118 2921 Οὕτως,
2142 2842 2291 2921 ἔφη.

211 2951 251 3002 Ε
291 2932 589 3015 Οὐκοῦν,
612 2926 698 3018 ἡν
729 2931 790 3001 δ’
819 2934 968 3020 ἐγώ,
996 2933 1218 3020 ἐπειδὴ
1243 2933 1415 3003 πολὺ
1447 2932 1521 3002 τὸ
1560 2941 1779 3022 ἔργον,
1821 2937 2095 3002 ἐκείνων
2129 2957 2294 3000 πευ-

281 3032 561 3118 σόμεθα,
592 3039 730 3111 πῶς
752 3035 1018 3116 λέγουσι
1039 3036 1188 3118 περὶ
1211 3031 1438 3101 αὐτῶν
1458 3036 1570 3102 καὶ
1593 3043 1733 3101 εἴτι
1756 3032 1918 3103 ἄλλο
1943 3031 2106 3119 πρὸς
2127 3031 2294 3099 ‘cod--

280 3154 416 3208 τοις
432 3153 447 3168 ·
489 3125 673 3215 ἡμεῖς
697 3128 768 3197 δὲ
792 3128 970 3217 παρὰ
992 3130 1208 3198 πάντα
1230 3139 1438 3199 ταῦτα
1455 3129 1837 3217 φυλάξομεν
1857 3128 1930 3200 τὸ
1954 3128 2296 3217 ἡμέτερον.

279 3234 524 3308 Ποῖον;
569 3224 693 3312 Μή
714 3223 864 3294 ποτ’
891 3226 1118 3297 αὐτῶν
1147 3254 1210 3296 τι
1239 3226 1461 3309 ἀτελὲς
1482 3233 1896 3315 ἐπιχειρῶσιν
1929 3224 2087 3314 ἡμῖν
2123 3252 2302 3312 μανψ

279 3324 542 3409 θάνειν,
558 3321 676 3404 οὓς
695 3329 1059 3414 θρέψομεν,
1083 3328 1193 3395 καὶ
1217 3323 1342 3396 οὐκ
1372 3330 1606 3414 ἐξῆκον
1630 3331 1834 3395 ἐκεῖσε
1857 3323 1978 3408 ἀεί,
1996 3319 2066 3393 οἷ
2078 3325 2296 3392 πάντα

281 3428 388 3493 δεῖ
402 3422 706 3510 ἀφήκειν,
732 3417 877 3493 οἷον
900 3423 1050 3512 ἄρτι
1073 3427 1222 3510 περὶ
1252 3433 1371 3513 τῆς
1403 3423 1842 3513 ἀστρονομίας
1876 3427 2206 3509 ἐλέγομεν.
2249 3415 2295 3506 ἢ
