2602 3928
358 220 443 283 30
1065 219 1644 279 ΠΛΑΤΩΝΟΣ

285 405 327 456 1>
360 387 568 449 ταῦτα
583 430 605 467 ,
651 378 772 466 οὐχ
794 376 884 459 ώς
902 376 1030 466 ἐγώ
1052 386 1183 447 νῦν
1206 380 1450 467 ῥᾳδίως
1470 381 1642 465 λέγω
1657 429 1677 465 ,
1716 374 1864 447 ἀλλ’
1887 377 2235 468 ἑλκόμενος
2256 388 2367 451 καὶ

358 478 568 565 μόγις,
591 477 755 564 μετὰ
779 481 1057 563 ἱδρῶτος
1079 481 1479 562 θαυμαστοῦ
1501 473 1688 559 ὅσου,
1711 472 1826 543 ἅτε
1845 479 1956 545 καὶ
1975 477 2286 565 θέρους”
2244 506 2368 548 ον·-

359 600 500 654 τος·
540 575 691 643 τότε
721 578 832 644 καὶ
865 573 1047 643 εἶδον
1085 569 1251 657 ἐγώ,
1284 571 1615 658 πρότερον
1647 575 1721 640 δὲ
1741 570 1929 642 οὔπω
1943 624 1963 659 ,
2002 575 2365 663 Θρασύμα-

354 698 475 759 χον
497 676 936 760 ἐρυθριῶντα.
977 666 1198 756 ἐπειδὴ
1215 668 1288 736 δὲ
1307 661 1437 736 οὖν
1458 669 2097 757 διωμολογησάμεθα
2115 670 2238 760 τὴν
2259 679 2366 742 δι·-

355 796 441 838 κα
466 768 724 856 οσύνην
743 763 989 853 ἀρετην
1006 764 1175 833 εἶναι
1196 791 1301 832 και
1282 767 1587 851 σοφίαν,
1605 763 1727 853 τὴν
1745 769 1819 834 δὲ
1837 764 2103 836 ἀδικίαν
2122 776 2365 838 κακίαν

354 892 426 936 τε
447 870 556 936 καὶ
579 863 898 952 ἀμαθίαν,
920 860 1099 944 Εἶεν,
1123 854 1210 948 ἦν
1231 857 1288 929 δ’
1314 859 1467 951 ἐγώ,
1491 869 1685 930 τοῦτο
1708 866 1830 948 μὲν
1843 860 2001 950 ἡμῖν
2021 862 2199 934 οὕτω
2226 873 2364 936 xcl-

356 974 537 1050 σθω,
580 969 835 1049 ἔφαμεν
869 962 941 1029 δὲ
971 957 1053 1046 δὴ
1075 960 1187 1028 καὶ
1219 957 1493 1047 ἰσχυρὸν
1530 958 1699 1029 εἶναι
1724 958 1847 1047 τὴν
1866 960 2151 1031 ἀδικίαν·
2194 960 2240 1051 ἢ
2278 964 2361 1033 ού

353 1065 710 1149 μέμνησαι,
761 1050 818 1126 ώ
860 1056 1292 1145 Θρασύμαχε;
1329 1061 1719 1145 Μέμνημαι,
1754 1062 1913 1145 ἔφη·
1952 1057 2104 1129 ἀλλ’
2142 1066 2359 1149 ἔμοιγε

356 1155 587 1227 <mov
539 1186 584 1225 α
613 1163 746 1225 νῦν
767 1157 973 1239 λέγεις
1006 1153 1299 1241 ἀρέσκει,
1335 1157 1445 1222 καὶ
1470 1160 1593 1241 ἔχω
1616 1158 1767 1243 περὶ
1784 1152 2009 1224 αὐτῶν
2033 1163 2263 1246 λέγειν.
2304 1168 2364 1229 εί

280 1270 323 1320 Ε
355 1251 483 1324 οὖν
514 1258 801 1341 λέγοιμι,
840 1277 918 1320 ευ
894 1244 1139 1320 “”ὀἷδ
1096 1278 1198 1321 οτι
1219 1252 1690 1339 δημηγορεῖν”
1644 1279 1733 1321 αν
1754 1279 1834 1339 με
1874 1260 2106 1341 φαίης·
2143 1252 2188 1343 ἢ
2231 1251 2358 1326 ουν

351 1358 428 1422 ἔα
458 1378 541 1440 με
562 1346 832 1421 εἰπεῖν’*
789 1371 918 1418 οσα
938 1349 1298 1437 βούλομαι,
1341 1349 1386 1438 ἤ
1396 1401 1415 1435 ,
1461 1355 1522 1419 εί
1543 1349 1774 1437 βούλει
1793 1353 2079 1441 ἐρωταν,
2114 1354 2355 1442 ἐρώτα·

270 1446 478 1537 ἐγώ
502 1453 580 1519 δέ
609 1469 753 1533 σοι,
794 1446 1017 1533 ῶσπερ
1047 1461 1189 1527 ταῖς
1219 1450 1464 1535 γραυσὶ
1484 1462 1626 1527 ταῖς
1655 1444 1813 1527 τούς
1833 1447 2098 1534 μύθους
2118 1452 2356 1538 λεγού-

351 1567 528 1631 σαις,
569 1543 703 1613 εἷεν
733 1548 865 1632 ἐρῶ
892 1546 1003 1612 καὶ
1024 1543 1513 1630 κατανεύσομαι
1533 1546 1645 1612 καὶ
1665 1542 2131 1634 ἀνανεύσομαι.
2196 1556 2356 1649 Μη-

352 1649 609 1730 δαμῶς,
644 1636 733 1730 ἦν
763 1641 835 1712 δ’-
853 1641 1017 1730 ἐγώ,
1043 1641 1223 1727 παρά
1243 1667 1321 1727 γε
1338 1638 1464 1727 τὴν
1482 1649 1737 1708 σαυτοῦ
1756 1640 1976 1724 δόξαν.
2006 1641 2204 1713 ’Ὡστε
2227 1665 2354 1734 σοι,

348 1746 475 1827 ἔφη
490 1793 509 1828 ,
549 1739 855 1826 ἀρέσκειν
870 1790 889 1827 ,
926 1738 1275 1825 ἐπειδήπερ
1301 1736 1426 1806 οὐκ
1448 1742 1563 1827 ἐᾷς
1584 1741 1815 1825 λέγειν.
1873 1747 2084 1810 καίτοι
2106 1748 2176 1811 τί
2189 1743 2354 1814 αλλο

348 1837 607 1927 βούλεις
649 1836 872 1905 Ουδὲν
891 1862 984 1922 μα
958 1832 1151 1919 Δία,
1178 1829 1267 1921 ἦν
1290 1833 1359 1902 δ’
1381 1835 1532 1920 ἐγώ,
1556 1833 1703 1903 ἀλλ’
1732 1846 1916 1924 εἴπερ
1937 1847 2134 1907 τοῦτο
2158 1841 2353 1928 ποιή·

351 1958 519 2024 σεις,
549 1942 751 2006 ποίει·
785 1930 913 2020 ἐγώ
950 1932 1022 2002 δὲ
1055 1933 1379 2021 ἐρωτήσω.
1443 1931 1685 2019 Ἐρώτα
1715 1933 1814 2021 δή.
1872 1942 2084 2006 Τοῦτο
2121 1943 2353 2009 τοίνυν

209 2059 313 2115 351
349 2038 594 2122 ἐρωτῶ,
643 2031 811 2120 ὅπερ
835 2029 1003 2117 ἀρτι,
1023 2034 1134 2098 ἵνα
1154 2033 1263 2098 καὶ
1288 2031 1433 2118 ἑξῆς
1455 2034 1967 2121 διασκεψώμεθα
1987 2033 2106 2103 τὸν
2127 2036 2351 2124 λόγον,

348 2129 580 2201 ὁποῖόν
610 2156 673 2198 τι
702 2127 1013 2215 τυγχάνει
1045 2124 1127 2197 ὂν
1163 2129 1553 2217 δικαιοσύνη
1581 2131 1747 2217 πρὸς
1776 2128 2054 2201 ἀδικίαν.
2115 2138 2350 2223 ἐλέχθη

343 2231 475 2319 γάρ
497 2252 631 2297 που
645 2280 665 2314 ,
688 2224 790 2297 ὅτι
807 2229 918 2296 καὶ
939 2225 1403 2311 δυνατώτερον
1426 2229 1536 2295 καὶ
1555 2227 1985 2317 ἰσχυρότερον
2007 2241 2106 2316 εἴη
2129 2228 2347 2302 ἀδικία

346 2325 796 2413 δικαιοσύνης·
830 2333 963 2394 νῦν
996 2328 1072 2393 δέ
1105 2323 1175 2410 γ’
1192 2374 1211 2409 ,
1251 2330 1454 2413 ἔφην,
1492 2335 1675 2410 εἴπερ
1703 2333 1908 2413 σοφία
1927 2354 1998 2397 τε
2019 2332 2129 2397 καὶ
2151 2325 2348 2419 ἀρετή

343 2429 479 2495 ἐστι
501 2422 917 2511 δικαιοσύνη,
942 2425 1216 2512 ῥᾳδίως,
1254 2422 1453 2509 οἶμαι,
1482 2423 1848 2511 φανήσεται
1878 2429 1991 2494 καὶ
2010 2428 2350 2515 ἰσχυρότε-

345 2549 468 2611 ρον
487 2518 745 2601 ἀδικίας
760 2570 778 2604 ,
802 2519 1150 2607 ἐπειδήπερ
1182 2522 1361 2589 ἐστὶν
1382 2518 1638 2607 ἀμαθία
1666 2517 1706 2608 ἦ
1730 2519 1969 2591 ἀδικία.
2018 2521 2236 2603 οὐδεὶς
2261 2521 2348 2593 ἀν

344 2626 437 2689 ἔτι
457 2627 653 2687 τοῦτο
676 2615 1066 2706 ἀγνοήσειεν
1142 2615 1287 2689 ἀλλ’
1312 2618 1459 2685 οὔτι
1480 2618 1694 2698 οὕτως
1714 2619 1971 2707 ἀπλῶς,
1996 2615 2053 2688 ώ
2074 2623 2346 2707 Θρασύ-

342 2742 536 2804 μαχε,
583 2720 789 2801 ἔγωγε
823 2717 1159 2802 ἐπιθυμῶ,
1205 2713 1373 2784 ἀλλὰ
1406 2718 1567 2802 τῇδέ
1597 2740 1688 2804 πῃ
1714 2720 2087 2798 σκέψασθαι
2102 2744 2116 2757 ·
2151 2717 2348 2788 πόλιν

271 2843 309 2892 Β
345 2821 542 2902 φαίης
570 2812 657 2881 ἄν
689 2812 924 2882 ἄδικον
956 2810 1123 2881 εἶναι
1152 2815 1265 2880 καὶ
1295 2810 1499 2892 ἄλλας
1538 2812 1759 2893 πόλεις
1796 2817 2141 2901 ἐπιχειρεῖν
2185 2821 2337 2886 δου-

342 2919 635 2980 λοῦσθαι
676 2908 925 2990 ἀδίκως
965 2912 1076 2978 καὶ
1117 2913 1778 2995 καταδεδουλῶσθαι,
1835 2912 2082 2992 πολλάς
2122 2917 2197 2981 δὲ
2236 2918 2347 2982 καὶ

339 3007 459 3097 ὑφ’
490 3011 690 3098 ἑαυτῇ
715 3012 886 3095 ἔχειν
921 3012 1472 3094 δουλωσαμένην;
1514 3014 1670 3086 Πῶς
1691 3005 1821 3095 γὰρ
1843 3035 1999 3089 ουκ;
2039 3013 2198 3097 ἔφη·
2234 3013 2346 3079 καὶ

338 3104 537 3176 τοῦτό
574 3129 650 3192 γε
682 3102 725 3192 ἡ
748 3103 984 3194 ἀρίστη
1011 3107 1294 3203 μάλιστα
1337 3104 1596 3191 ποιήσει
1618 3107 1731 3173 καὶ
1771 3106 2134 3175 τελεώτατα
2175 3101 2346 3177 οὖσα

339 3204 583 3284 αδικος.
650 3203 1010 3273 Μανθάνω
1028 3253 1049 3291 ,
1073 3207 1281 3290 ἔφην,
1307 3228 1408 3270 οτι
1436 3200 1553 3282 σὸς
1573 3193 1769 3283 οὗτος
1802 3195 1888 3290 ἦν
1911 3200 1947 3272 ὁ
1969 3204 2192 3291 λόγος·
2223 3203 2345 3275 ἀλ-

339 3299 422 3372 λά
442 3302 595 3373 τόδε
629 3305 778 3390 περὶ
810 3299 1025 3369 αὐτοῦ
1057 3308 1315 3369 σκοπῶ·
1356 3300 1640 3387 πότερον
1676 3327 1717 3420 η
1755 3308 2070 3388 κρείττων
2111 3328 2343 3389 γιγνο-

337 3405 501 3489 μένη
529 3400 716 3479 πόλις
737 3399 992 3479 πόλεως
1012 3398 1177 3466 ανευ
1197 3398 1624 3485 δικαιοσύνης
1642 3396 1765 3483 τὴν
1788 3397 2075 3481 δύναμιν
2093 3399 2343 3489 ταύτην

2581 3 2585 106 ἱ

2581 164 2584 321 4
