2602 3928
921 215 1498 275 ΠΟΛΙΤΕΙΑΣ
1535 213 1605 277 δ’.
2139 220 2263 286 107

251 379 446 440 σίων·
484 372 746 440 τούτων
766 370 829 438 δ’
856 373 986 440 ἐν
951 376 1227 463 εκατέρᾳ
1250 375 1434 442 πάνυ
1456 384 1725 464 πολλαί,
1763 375 1866 459 αἷς
1885 382 2008 448 ἐάν
2026 383 2151 468 μὲν
2173 381 2262 461 ὥς
2295 403 2398 456 423

247 478 371 566 μιᾷ
403 471 769 556 προσφέρῃ,
806 471 1054 550 παντὸς
1092 498 1180 538 αν
1216 468 1553 559 ἁμάρτοις,
1586 473 1703 542 ἐαν
1736 479 1809 545 δὲ
1845 474 1934 556 ὥς
1971 487 2263 565 πολλαῖς,

249 556 479 646 διδοὺς
499 566 578 634 τὰ
601 593 737 634 των
761 568 1003 650 ἐτέρων
1035 582 1172 648 τοῖς
1201 570 1444 654 ἑτέροις
1478 572 1776 657 χρήματά
1810 597 1881 640 τε
1909 576 2019 642 καὶ
2055 576 2264 644 δυνά-

166 676 175 681 ’
248 691 392 751 μεις
411 691 454 750 η
425 663 585 733 ’καὶ
609 661 875 748 αὐτούς,
900 666 1258 751 ξυμμάχοις
1279 668 1405 753 μὲν
1426 663 1528 736 ἀεὶ
1553 678 1822 748 πολλοῖς
1851 670 2102 757 χρήσει,
2135 697 2263 738 πο·-

246 768 492 848 λεμίοις
513 760 579 829 δ’
606 760 870 847 ὀλίγοις.
916 764 1086 830 καὶ”
1049 787 1173 842 εως
1191 790 1280 829 αν
1298 760 1341 850 ἡ
1365 762 1554 843 πόλις
1575 787 1682 832 σοι
1717 771 1867 854 οἰκῇ
1890 768 2260 852 σωφρόνως

248 858 339 938 ὥς
361 859 510 945 ἄρτι
552 858 817 946 ἐτάχθη,
856 867 1127 946 μεγίστη
1162 864 1365 945 ἔσται,
1401 859 1486 929 οὐ
1517 870 1614 954 τῷ
1655 860 2032 950 εὐδοκιμεῖν
2065 869 2255 952 λέγω,

247 955 397 1041 ἀλλ’
423 954 512 1035 ὥς
527 954 800 1043 άληθῶς
817 963 1110 1077 μεγίστη,
1137 959 1248 1027 καὶ
1261 956 1379 1026 ἐὰν
1398 953 1669 1049 μόνονῇ
1689 967 1918 1046 χιλίων
1939 989 2073 1030 των
2086 988 2255 1050 προ-

246 1055 755 1142 πολεμούντων·
803 1053 980 1122 οὕτω
1005 1057 1135 1141 γὰρ
1157 1057 1452 1142 μεγάλην
1472 1059 1671 1125 πόλιν
1703 1064 1862 1143 μίαν
1894 1084 1978 1126 ου
2012 1063 2257 1149 ῥᾳδίως

247 1152 400 1220 οὔτε
424 1150 531 1245 ἐν”
522 1160 811 1239 Ελλησιν
831 1152 985 1221 οὔτε
1008 1157 1082 1222 ἐν
1102 1154 1466 1241 βαρβάροις
1487 1152 1810 1241 εὑρήσεις,
1836 1157 2165 1236 δοκουσας
2188 1158 2260 1226 δὲ
2305 1181 2343 1229 Β

246 1249 497 1330 πολλὰς
516 1252 626 1319 καὶ
648 1257 1141 1331 πολλαπλασίας
1172 1261 1286 1338 τῆς
1319 1253 1731 1339 τηλικαύτης.
1770 1248 1817 1340 ἦ
1852 1252 2069 1334 ἄλλως
2099 1266 2253 1336 οἴεις

249 1344 355 1416 Οὐ
375 1347 467 1434 μὰ
488 1348 610 1417 τὸν
625 1347 761 1435 Δί’,
786 1355 930 1436 ἔφη.

417 1450 518 1513 ΙΙΙ.
570 1445 863 1532 Οὐκοῦν,
898 1439 986 1533 ἦν
1023 1444 1085 1514 δ’
1127 1445 1276 1532 ἐγώ,
1315 1437 1512 1527 οὗτος
1544 1443 1631 1515 ἄν
1653 1457 1756 1534 εἰη
1775 1451 1887 1516 καὶ
1908 1449 2257 1531 κάλλιστος

244 1541 401 1629 ’ὄρος
420 1558 554 1622 τοῖς
571 1546 908 1632 ἡμετέροις
930 1542 1266 1630 ἄρχουσιν,
1291 1544 1462 1631 ὅσην
1474 1549 1580 1613 δεῖ
1591 1545 1666 1612 τὸ
1679 1547 1965 1631 μέγεθος
1983 1545 2108 1632 τὴν
2127 1549 2256 1615 πό-

245 1652 355 1711 λιν
376 1653 712 1711 ποιεῖσθαι
733 1646 845 1711 καὶ
866 1641 1060 1730 ἡλίκῃ
1081 1642 1252 1732 οὔσῃ
1274 1642 1446 1729 ὅσην
1472 1642 1698 1728 χώραν
1721 1641 2256 1729 ἀφορισαμένους

247 1739 373 1826 τὴν
400 1740 607 1827 ἄλλην
625 1747 876 1828 χαίρειν
901 1744 1037 1829 ἐᾷν.
1087 1747 1218 1826 Τίς,
1241 1745 1393 1827 ἔφη,
1417 1739 1604 1824 ὅρος;
1654 1739 1853 1825 Οἶμαι
1882 1745 2027 1828 μέν,
2060 1735 2150 1828 ἦν
2186 1740 2250 1810 δ’

245 1838 396 1924 ἐγώ,
424 1841 647 1907 τόνδε·
689 1844 876 1927 μέχρι
897 1830 984 1907 οὗ
1003 1835 1093 1906 ἂν
1114 1842 1316 1928 ἐθέλῃ
1339 1836 1668 1924 αὐξομένη
1692 1835 1862 1906 εἶναι
1891 1844 2028 1924 μία,
2066 1842 2253 1927 μέχρι

242 1938 489 2006 τούτου
510 1937 755 2024 αὔξειν,
794 1942 960 2022 πέρα
988 1937 1059 2006 δὲ
1079 1937 1190 2025 μή.
1233 1939 1368 2007 Καὶ
1403 1944 1622 2016 καλαῖς
1651 1935 1741 2023 γ’,
1780 1941 1926 2023 ἔφη.
1978 1933 2255 2006 Οὐκοῦν
2306 1964 2344 2016 0

242 2040 353 2105 καὶ
373 2045 568 2104 τοῦτο
598 2027 687 2104 αὖ
708 2036 868 2105 ἄλλο
904 2037 1292 2122 πρόσταγμα
1327 2050 1462 2115 τοῖς
1496 2034 1741 2122 φύλαξι
1774 2034 2249 2120 προστάξομεν,

242 2133 600 2221 φυλάττειν
621 2135 817 2202 παντὶ
851 2134 1096 2224 τρόπῳ,
1130 2133 1312 2212 ὅπως
1343 2134 1506 2221 μήτε
1529 2134 1771 2219 σμικρὰ
1795 2130 1837 2221 ἡ
1860 2135 2052 2213 πόλις
2073 2139 2252 2202 ἔσται

243 2233 406 2320 μήτε
426 2233 678 2319 μεγάλη
703 2238 1019 2316 δοκοῦσα,
1045 2231 1212 2301 ἄλλά
1234 2260 1334 2312 τις
1355 2233 1552 2319 ἱκανὴ
1574 2234 1683 2300 καὶ
1716 2240 1849 2318 μία.
1912 2235 2044 2300 Καὶ
2066 2238 2250 2318 φαῦ-

239 2332 364 2401 λόν
383 2327 479 2416 γ,
503 2335 651 2416 ἔφη,
676 2339 834 2409 ἴσως
850 2328 1076 2409 αὐτοῖς
1098 2330 1572 2416 προστάξομεν.
1614 2334 1746 2398 Καὶ
1764 2329 2013 2398 τούτου
2030 2356 2129 2416 γε,
2162 2319 2250 2416 ἦν

241 2426 303 2497 δ’
331 2427 479 2513 ἐγώ,
502 2432 596 2495 ἔτι
617 2429 1038 2513 φαυλότερον
1059 2429 1233 2512 τόδε,
1275 2454 1371 2495 ου
1336 2419 1495 2495 καὶ
1527 2430 1601 2494 ἐν
1633 2453 1725 2515 τω
1759 2426 2065 2511 πρόσθεν
2096 2430 2250 2494 ἑπε-

239 2528 637 2613 μνήσθημεν
671 2528 992 2611 λέγοντες,
1039 2521 1130 2604 ὥς
1161 2527 1319 2609 δέοι,
1369 2525 1489 2593 ε’άν
1519 2549 1591 2592 τε
1624 2550 1761 2592 των
1794 2523 2119 2609 φυλάκων
2153 2551 2250 2603 τις

241 2631 498 2709 φαῦλος
520 2628 792 2708 ἔκγονος
811 2624 1099 2707 γένηται,
1138 2628 1230 2700 εἰς
1258 2620 1417 2699 τοὺς
1449 2619 1693 2699 ἄλλους
1715 2618 1926 2688 αὐτὸν
1946 2619 2248 2707 άποπέμε-

241 2729 508 2805 πεσθαι,
532 2720 652 2786 ἐάν
672 2718 735 2787 τ’
758 2721 831 2787 ἐκ
853 2727 988 2787 τῶν
1009 2719 1232 2788 ἄλλων
1245 2723 1623 2804 σπουδαῖος,
1640 2726 1732 2798 εἰς
1744 2718 1904 2808 τοὺς
1921 2720 2243 2805 φύλακας.
2280 2740 2325 2789 D

239 2826 433 2885 τοῦτο
458 2818 522 2886 δ’
548 2817 859 2905 ἐβούλετο
897 2822 1168 2905 δηλοῦν,
1203 2815 1307 2885 ὅτι
1341 2823 1451 2885 καὶ
1481 2815 1640 2895 τοὺς
1674 2815 1920 2894 ἄλλους
1956 2823 2244 2903 πολίτας,

241 2916 406 3004 πρὸς
426 2913 467 2981 ὅ
488 2942 584 2994 τις
605 2918 884 3002 πέφυκε,
909 2913 1074 3001 πρὸς
1096 2923 1293 2984 τοῦτο
1319 2917 1439 2982 ἕνα
1462 2912 1629 2999 πρὸς
1652 2918 1727 2983 ἓν
1747 2917 2028 2982 ἕκαστον
2048 2920 2245 2999 ἔργον

242 3018 346 3082 δεῖ
360 3020 668 3101 κομίζειν,
694 3012 875 3094 ὅπως
896 3010 985 3081 ἄν
1007 3017 1082 3081 ἓν
1101 3013 1175 3082 τὸ
1201 3011 1415 3088 αὑτοῦ
1434 3012 1841 3099 ἐπιτηδεύων
1860 3014 2135 3092 ἕκαστος
2152 3016 2244 3101 μὴ

238 3120 491 3196 πολλοί,
516 3109 683 3182 ἄλλα
708 3107 799 3191 εἷς
819 3118 1141 3198 γίγνηται,
1169 3112 1280 3180 καὶ
1303 3109 1481 3179 οὕτω
1519 3110 1599 3196 δὴ
1638 3111 1946 3197 ξύμπασα
1978 3108 2020 3197 ἡ
2057 3111 2249 3191 πόλις

137 3239 147 3247 ·
236 3221 351 3297 μία
376 3209 647 3296 φύηται,
685 3206 848 3277 ἀλλὰ
874 3208 962 3296 μὴ
995 3214 1246 3278 πολλαί.
1287 3207 1471 3276 ’Ἐστι
1501 3209 1651 3294 γάρ,
1688 3214 1838 3294 ἔφη,
1860 3218 2057 3276 τοῦτο
2080 3211 2251 3276 ἐκεί-

238 3334 366 3376 νου
390 3307 847 3394 σμικρότερον.
895 3306 1124 3392 Οὕτοι,
1158 3299 1246 3393 ἦν
1269 3305 1332 3373 δ’
1357 3306 1508 3392 ἐγώ,
1545 3298 1600 3374 ὦ
1630 3304 1821 3391 ’γαθὲ
1849 3303 2246 3390 Ἀδείμαντε,

240 3402 327 3484 ὥς
350 3406 602 3487 δόξειεν
636 3405 726 3472 ἄν
745 3431 862 3491 τις,
898 3412 1107 3473 ταῦτα
1141 3400 1355 3473 πολλὰ
1379 3406 1488 3473 καὶ
1510 3404 1765 3491 μεγάλα
1800 3401 2024 3480 αὐτοῖς
2045 3426 2249 3484 προς-
