2602 3928
912 178 1491 236 ΙΙΟΛΙΤΕΙΑΣ
1529 170 1590 249 ζ’.
2108 177 2234 241 225

210 332 776 423 ὀνειροπολοῦντα
789 339 900 404 καὶ
912 333 1364 422 ὑπνώττοντα,
1381 340 1541 422 πρὶν
1563 338 1799 408 ἐνθάδ’
1825 337 2233 426 ἐξεγρέσθαι,

212 441 307 516 εἰς
348 433 581 503 Ἰ’Λιδου
617 432 945 519 πρότερον
966 431 1383 520 ἀφικόμενον
1423 440 1657 516 τελέως
1694 439 2234 522 έπικαταδαρθά-
2264 467 2313 517 1)

211 559 387 615 νειν;
425 531 534 620 Νὴ
559 529 682 601 τὸν
702 539 856 618 Δία,
881 524 927 619 ἦ
948 529 1011 599 δ’
1036 530 1130 617 ὅς,
1156 531 1422 618 σφόδρα
1445 558 1521 618 γε
1547 533 1765 601 πάντα
1788 540 1996 602 ταῦτα
2019 534 2231 622 φήσω.

210 630 400 700 Ano}
422 630 558 718 μὴν
577 629 733 708 τούς
751 656 826 716 γε
850 636 1105 698 σαυτοῦ
1141 634 1401 716 παῖδας,
1426 629 1546 710 οὓς
1565 639 1660 721 τῷ
1682 631 1857 720 λόγω
1880 636 2144 718 τρέφεις
2167 660 2237 702 τε

213 731 324 797 καὶ
360 727 716 809 παιδεύεις,
754 736 821 795 εἴ
848 752 1006 794 ποτε
1040 733 1211 815 ἔργῳ
1245 730 1534 812 τρέφοις,
1570 724 1695 795 ούκ
1733 723 1819 796 ἂν
1862 726 2108 814 ἐάσαις,
2148 726 2238 809 ὥς

210 816 485 916 ἐγῷμαι,
523 824 809 910 ἀλόγους
840 823 1038 903 ὄντας
1077 821 1301 908 ὥσπερ
1333 823 1640 912 γραμμὰς
1680 823 2003 912 ἄρχοντας
2042 829 2117 895 ἐν
2157 833 2240 913 τῇ

217 924 408 992 πόλει
449 930 725 1007 κυρίους
754 929 895 990 ταῖν
930 929 1257 1009 μεγίστων
1294 921 1482 990 εἶναι.
1576 921 1679 991 Ού
1720 949 1851 1008 γαρ
1893 917 2042 1012 οὖν,
2089 929 2236 1011 ἔφη.

211 1019 715 1108 Νομοθετήσεις
758 1018 839 1105 δὴ
885 1018 1111 1101 αὐτοῖς
1154 1019 1401 1105 ταύτης
1454 1021 1736 1107 μάλιστα
1781 1029 1897 1108 τῆς
1940 1027 2238 1103 παιδείας

213 1116 844 1206 ἀντιλαμβάνεσθαι,
870 1120 935 1199 ἐξ
954 1111 1036 1204 ἧς
1057 1121 1312 1206 ἐρωτᾷν
1334 1143 1405 1186 τε
1424 1120 1536 1186 καὶ
1567 1117 2057 1201 ἀποκρίνεσθαι
2089 1124 2237 1188 ἐπι-
2271 1144 2311 1192 Ε

214 1220 702 1303 στημονέστατα
724 1211 933 1284 οἷοίτ’
959 1222 1260 1296 ἔσονται;
1293 1215 1776 1303 Νομοθετήσω,
1801 1220 1952 1302 ἔφη,
1975 1216 2138 1303 μετά
2159 1244 2237 1302 γε

219 1322 365 1385 σοῦ.
412 1306 555 1399 Ἆρ’
594 1306 720 1382 οὖν
756 1319 945 1382 δοκεῖ
970 1332 1098 1399 σοι,
1133 1318 1307 1399 ἔφην
1340 1313 1491 1398 ἐγώ,
1531 1311 1754 1399 ὥσπερ
1789 1311 2070 1400 θριγκὸς
2103 1330 2240 1395 τοῖς

214 1409 671 1500 μαθήμασινὴ
697 1410 1068 1496 διαλεκτικὴ
1103 1408 1261 1497 ἡμῖν
1294 1408 1520 1478 ἐπάνω
1549 1420 1835 1493 κεῖσθαι,
1867 1413 1978 1479 καὶ
2015 1407 2234 1481 οὐκέτ’

214 1510 378 1579 ἀλλο
422 1509 669 1578 τούτου
711 1508 992 1595 μάθημα
1048 1504 1361 1593 ἀνωτέρω
1404 1504 1629 1590 ὀρθῶς
1671 1503 1759 1575 ἀν
1800 1511 2238 1593 ἐπιτίθεσθαι,

215 1605 364 1675 ἀλλ’
391 1613 561 1691 ἔχειν
587 1605 714 1693 ἤδη
735 1612 919 1685 τέλος
939 1603 1021 1673 τά
1044 1612 1180 1673 τῶν
1200 1604 1650 1691 μαθημάτων;
1693 1604 1980 1691 ’Έμοιγ’,
2005 1612 2152 1693 ἔφη,
2274 1625 2378 1679 535

388 1709 514 1771 XV.
560 1702 865 1790 Διανομή
888 1710 1141 1787 τοίνυν,
1163 1694 1248 1789 ἦν
1272 1701 1338 1770 δ’
1373 1703 1524 1787 ἐγω,
1559 1703 1634 1771 τὸ
1671 1703 1908 1771 λοιπόν
1943 1726 2069 1790 σοι,
2108 1711 2240 1772 τίσι

218 1807 428 1869 ταῦτα
472 1798 553 1869 τά
596 1801 958 1886 μαθήματα
992 1801 1294 1885 δαίσομεν
1330 1800 1442 1866 καὶ
1485 1806 1632 1867 τίνα
1666 1801 1935 1884 τρόπον.
1983 1807 2236 1887 Δῆλον,

217 1904 368 1988 ἔφη.
427 1901 789 1987 Μέμνησαι
821 1891 948 1968 οὖν
986 1896 1109 1987 τὴν
1142 1899 1474 1984 προτέραν
1507 1895 1791 1984 ἐκλογὴν
1822 1906 1958 1964 τῶν
1993 1895 2240 1985 ἀρχόν-

139 2029 148 2036 ·
214 2025 369 2084 των,
396 2003 581 2077 οἴους
603 1990 1018 2084 ἐξελέξαμενξ
1032 2003 1192 2076 Παῖς
1210 1996 1363 2083 γάρ,
1388 1989 1432 2082 ἦ
1456 1994 1519 2064 δ’
1539 1994 1634 2080 ὅς,
1659 1994 1750 2065 οὕ
1763 2024 1781 2077 3
1812 1995 1908 2063 Τά
1927 1996 2048 2082 μὲν
2073 1994 2241 2064 ἄλλα

219 2104 475 2182 τοίνυν,
496 2090 583 2184 ἦν
608 2095 677 2164 δ’
707 2095 860 2183 ἐγώ,
885 2100 1140 2174 ἐκείνας
1158 2092 1276 2174 τάς
1298 2094 1536 2181 φύσεις
1556 2104 1706 2163 οἴου
1730 2099 1869 2162 δεῖν
1899 2096 2240 2172 ἐκλεκτέας

224 2191 420 2261 εἶναι·
462 2192 620 2272 τούς
647 2219 717 2260 τε
736 2190 869 2279 γὰρ
890 2190 1364 2280 βεβαιοτάτους
1386 2193 1498 2258 καὶ
1535 2190 1693 2269 τούς
1727 2189 2238 2278 ἀνδρειοτάτους

221 2290 670 2370 προαιρετέον,
699 2289 809 2354 καὶ
830 2285 998 2355 κατα
1019 2284 1310 2373 δύναμιν
1330 2284 1489 2366 τούς
1513 2282 2009 2366 εὐειδεστάτους
2025 2313 2038 2327 ·
2071 2285 2240 2373 πρὸς

219 2384 292 2454 δὲ
312 2386 570 2464 τούτοις
595 2390 899 2509 ζητητέον
918 2383 1009 2472 μὴ
1030 2385 1242 2471 μόνον
1262 2392 1615 2471 γενναίους
1633 2411 1703 2453 τε
1721 2386 1833 2454 καὶ
1854 2383 2233 2473 βλοσυροὺς
2272 2393 2306 2453 Β

220 2510 297 2551 τα
317 2482 479 2569 ἤθη,
501 2480 671 2551 άλλα
693 2484 804 2549 καὶ
827 2479 870 2549 ἃ
895 2487 1047 2570 τῇδε
1064 2489 1147 2571 τῇ
1170 2488 1433 2573 παιδεία
1453 2489 1569 2570 τῆς
1591 2483 1857 2570 φύσεως
1878 2485 2235 2570 πρόσφορα

221 2583 444 2648 ἑκτέον
490 2578 727 2659 αὐτοῖς.
771 2571 946 2649 Ποῖα
991 2579 1073 2667 δὴ
1112 2584 1503 2661 διαστέλλει;
1549 2582 1958 2668 Δριμύτητα,
2004 2607 2055 2647 ω
2101 2606 2236 2666 μα-

219 2681 429 2767 κάριε,
454 2684 647 2767 ἔφην,
678 2683 783 2747 δεῖ
802 2676 1027 2759 αὐτοῖς
1048 2678 1216 2766 πρὸς
1247 2680 1328 2747 τά
1362 2679 1720 2766 μαθήματα
1745 2677 2089 2765 ὑπάρχειν,
2125 2682 2237 2747 καὶ

220 2775 307 2864 μὴ
334 2784 634 2864 χαλεπως
675 2776 1087 2863 μανθάνειν·
1128 2776 1303 2845 πολὺ
1350 2779 1480 2863 γάρ
1522 2804 1625 2845 τοι
1667 2775 1924 2863 μᾶλλον
1962 2776 2235 2846 ἀποδει-

219 2883 411 2943 λιῶσι
429 2878 631 2960 ψυχαὶ
654 2879 729 2944 ἐν
764 2882 1052 2961 ἰσχυροῖς
1074 2877 1464 2962 μαθήμασιν
1500 2871 1544 2961 ἦ
1571 2880 1645 2943 ἐν
1677 2881 2069 2962 γυμνασίοις
2085 2900 2099 2914 ·
2136 2880 2237 2944 οἰ-

222 2971 550 3057 κειότερος
579 2973 710 3058 γάρ
744 2970 975 3052 αὐταῖς
1006 2971 1043 3040 ὁ
1084 2975 1313 3059 πόνος,
1362 2978 1529 3052 ἴδιος
1566 2970 1718 3042 ἀλλ’
1757 2972 1841 3041 ού
1878 2972 2102 3053 κοινὸς
2139 2972 2237 3043 ὢν

219 3066 381 3156 μετὰ
425 3077 549 3136 τοῦ
591 3070 908 3157 σωματος.
955 3067 1222 3158 Ἀληθῆ,
1271 3076 1418 3156 ἔφη.
1471 3071 1606 3137 Καὶ
1647 3071 1954 3157 μνήμονα
1999 3068 2081 3157 δὴ
2125 3074 2236 3140 καὶ

219 3167 513 3256 ἄρρατον
532 3173 641 3239 καὶ
661 3171 878 3261 πάντῃ
901 3172 1274 3259 φιλόπονον
1300 3172 1624 3257 ζητητέον.
1646 3169 1693 3256 ἤ
1711 3196 1842 3238 τινι
1862 3170 2087 3259 τρόπῳ
2111 3180 2237 3237 οἴει
2274 3185 2311 3234 G

218 3266 301 3335 τά
320 3292 392 3348 τε
413 3274 536 3334 τοῦ
558 3268 859 3354 σώματος
878 3268 1222 3356 ἐθελήσειν
1241 3265 1389 3336 τινὰ
1415 3272 1758 3336 διαπονεῖν
1772 3271 1883 3336 καὶ
1903 3266 2236 3351 τοσαύτην

219 3364 517 3512 μάιιθησίν
538 3391 609 3433 τε
631 3369 743 3435 καὶ
761 3370 1040 3455 μελέτην
1074 3370 1415 3443 ἐπιτελεῖν;
1479 3363 1764 3451 Οὐδένα,
1796 3357 1841 3450 ἦ
1880 3365 1945 3431 δ’
1984 3362 2077 3450 ὅς,
2116 3362 2234 3430 έάν

342 3476 489 3515 mro
526 3460 619 3516 IV,
1864 3466 1927 3515 15
