2602 3928
376 207 464 271 82
1116 209 1684 271 ΠΛΑΤΩΝΟΣ.

373 374 648 435 ναντίον
666 366 846 458 ἄλλῳ
871 371 1159 456 δεομένῳ
1180 363 1226 454 ἢ
1250 370 1627 436 διδάσκοντι
1661 363 1707 454 ἦ
1732 379 2200 454 μεταπείθοντι
2230 374 2390 439 εἀυ·

374 465 497 534 τὸν
520 468 828 550 ἐπέχοντα
847 516 864 547 ,
907 468 1018 533 καὶ
1066 468 1138 533 ἐκ
1179 465 1437 533 τούτων
1477 465 1813 549 πράξαντα
1835 466 2012 539 κατὰ,
2029 475 2233 554 νοῦν,
2277 472 2387 537 καὶ

375 562 465 651 μὴ
488 561 934 650 ὑπερηφάνως
961 568 1223 649 ἔχοντα,
1265 561 1431 631 ἀλλὰ
1467 562 1835 648 σωφρόνως
1867 588 1937 630 τε
1970 567 2082 633 καὶ
2113 572 2388 650 μετρίως

300 676 341 728 c
376 665 450 728 έν
471 671 633 729 πᾶσι
654 663 911 739 τούτοις
949 660 1324 744 πράττοντά
1364 686 1435 727 τε
1457 663 1568 728 καὶ
1608 657 1686 727 τὰ
1737 657 2186 745 ἀποβαίνοντα
2218 661 2386 746 ἀγα-

373 769 619 829 πῶντα.
705 758 949 837 ταύτας
987 756 1110 824 δύο
1147 755 1501 843 ἁρμονίας,
1545 763 1795 842 βίαιον,
1839 757 2180 844 ἑκούσιον,
2227 764 2385 838 δυς-

371 858 788 942 τυχούντων,
821 852 1316 940 εὐτυχούντων,
1354 854 1762 941 σωφρόνων,
1798 849 2127 941 ἀνδρείων
2150 853 2384 941 [ἁρμο-

369 960 540 1039 νίας]
590 958 828 1031 αἳτινες
873 950 1225 1037 φθόγγους
1275 951 1675 1038 μιμήσονται
1733 951 2080 1039 κάλλιστα,
2139 953 2383 1031 ταύτας

368 1060 566 1119 λεῖπε.
649 1046 846 1130 Ἀλλ’,
867 1043 914 1134 ἦ
942 1045 1008 1115 δ’
1031 1047 1127 1133 ὅς,
1161 1045 1286 1116 ούκ
1310 1045 1512 1128 ἄλλας
1545 1055 1741 1127 αἰτεῖς
1768 1055 2035 1135 λείπειν,
2066 1047 2112 1137 ἦ
2140 1047 2219 1129 ἃς
2252 1057 2383 1116 νῦν

371 1147 451 1232 δὴ
498 1142 625 1232 ἐγώ
675 1151 920 1230 ἔλεγον.
1011 1143 1157 1214 Ούκ
1191 1146 1355 1232 ἄρα,
1406 1140 1493 1231 ἦν
1530 1143 1599 1212 δ’
1623 1146 1786 1231 ἐγώ,
1832 1152 2268 1232 πολυχορδίας
2306 1173 2382 1231 γε

371 1242 529 1311 ούδὲ
553 1249 1014 1330 παναρμονίου
1038 1241 1197 1330 ἡμῖν
1221 1244 1443 1330 δεήσει
1476 1247 1547 1310 ἐν
1567 1258 1707 1321 ταῖς
1731 1240 1928 1332 ᾠδαῖς
1949 1269 2018 1310 τε
2041 1247 2152 1311 καὶ
2187 1248 2391 1329 μέλε-’

371 1362 499 1414 σιν.
590 1338 696 1409 Οὔ
716 1367 860 1427 μοι,
885 1346 1012 1427 ἔφη
1027 1393 1046 1428 ,
1073 1348 1394 1428 φαίνεται.
1478 1341 1837 1426 Τριγώνων
1864 1340 1995 1421 ἄρα
2015 1343 2127 1409 καὶ
2147 1349 2378 1428 πηκτί-

288 1449 329 1497 D
372 1443 509 1505 δων
548 1440 657 1505 καὶ
690 1439 961 1506 πάντων
996 1437 1330 1524 ὀργάνων,
1366 1437 1494 1506 ὅσα
1528 1437 1906 1523 πολύχορδα
1939 1440 2051 1506 καὶ
2082 1448 2380 1524 πολυαρ-

369 1537 603 1622 μόνια,
629 1535 1077 1623 δημιουργούς
1108 1535 1192 1605 ού
1213 1539 1575 1622 θρέψομεν.
1670 1532 1772 1603 Ού
1805 1536 2202 1622 φαινόμεθα.
2301 1543 2384 1604 Τί

369 1637 446 1702 δέ
454 1663 473 1714 3
514 1632 917 1714 αὐλοποιοὺς
936 1630 980 1720 ἦ
1003 1632 1297 1720 αὐλητὰς
1317 1636 1662 1718 παραδέξει
1691 1638 1781 1712 εἰς
1801 1632 1924 1719 τὴν
1957 1635 2183 1714 πόλιν;
2227 1630 2272 1721 ἦ
2294 1632 2376 1702 ού

367 1740 563 1799 τοῦτο
588 1731 1197 1818 πολυχορδότατον,
1241 1735 1351 1799 καὶ
1385 1727 1555 1798 αύτά
1590 1729 1669 1799 τὰ
1697 1731 2119 1817 παναρμόνια
2163 1730 2377 1801 αὐλοῦ

365 1828 675 1915 τυγχάνει
696 1829 857 1898 ὄντα
880 1836 1168 1915 μίμημα,
1213 1837 1406 1914 Δῆλα
1431 1828 1545 1913 δή,
1567 1820 1613 1914 ἦ
1633 1829 1699 1895 δ’
1724 1827 1815 1906 ὅς.
1902 1834 2094 1916 Λύρα
2128 1830 2209 1917 δή
2246 1852 2371 1916 σοι,

361 1921 450 2015 ἦν
470 1926 534 1996 δ’
561 1927 691 2014 ἐγώ
710 1979 726 2009 ,
749 1931 861 1996 καὶ
883 1925 1131 2009 κιθάρα
1166 1932 1453 1995 λείπεται
1486 1926 1597 1994 καὶ
1631 1925 1795 1994 κατὰ
1830 1927 2029 1996 πόλιν
2058 1927 2373 2015 χρήσιμα·

365 2028 473 2092 καὶ
498 2016 586 2091 αὖ
608 2022 751 2092 κατ’
781 2020 1030 2108 ἀγροὺς
1069 2037 1205 2101 τοῖς
1246 2032 1524 2107 νομεῦσι
1556 2025 1787 2108 σύριγξ
1831 2025 1918 2094 ἄν
1948 2053 2045 2104 τις
2067 2037 2184 2114 εἴη.
2264 2023 2378 2110 Ὡς

288 2137 328 2188 E
366 2130 569 2207 γοῦν,
592 2126 718 2206 ἔφη
734 2172 750 2202 ,
775 2117 811 2188 ὁ
835 2120 1030 2204 λόγος
1051 2117 1207 2206 ἡμῖν
1227 2127 1548 2206 σημαίνει.
1641 2122 1863 2192 Οὐδέν
1883 2149 1990 2208 γε,
2013 2117 2102 2210 ἦν
2125 2120 2191 2191 δ’
2216 2125 2374 2210 ἐγώ,

367 2217 602 2286 καινὸν
626 2226 979 2304 ποιοῦμεν,
1017 2209 1071 2286 ὦ
1090 2225 1274 2303 φίλε,
1310 2227 1648 2304 κρίνοντες
1683 2222 1801 2288 τὸν
1818 2217 2113 2290 Ἀπόλλω
2146 2227 2256 2290 καὶ
2289 2221 2370 2290 τὰ

363 2324 484 2384 τοῦ
501 2313 912 2394 ’Λπόλλωνος
936 2314 1188 2400 ὄργανα
1212 2315 1341 2400 πρὸ
1363 2318 1707 2405 Μαρσύου
1728 2344 1799 2386 τε
1827 2323 2095 2386 καὶτῶν
2114 2324 2374 2388 ἐκείνου
2405 2369 2409 2374 -

364 2411 692 2500 ὀργάνων.
779 2412 902 2481 Μὰ
937 2411 1073 2496 Δί’,
1099 2406 1144 2499 ἦ
1168 2412 1230 2481 δ’
1256 2414 1363 2499 ὅς,
1388 2415 1472 2483 οὔ
1492 2442 1604 2501 μοι
1633 2415 2035 2501 φαινόμεθα.
2120 2419 2251 2484 Καὶ
2284 2415 2366 2503 νή

363 2511 483 2579 τὸν
509 2512 716 2597 κύνα,
742 2509 961 2597 εἶπον,
988 2513 1364 2598 λελήθαμέν
1386 2538 1462 2597 γε
1485 2517 2030 2596 διακαθαίροντες
2065 2513 2265 2582 πάλιν
2286 2514 2372 2601 ἢν

364 2608 513 2694 ἄρτι
531 2616 802 2698 τρυφᾷν
830 2616 1082 2696 ἔφαμεν
1107 2611 1324 2678 πόλιν.
1412 2614 1943 2694 Σωφρονοῠντές
1964 2636 2037 2695 γε
2076 2608 2290 2697 ἡμεῖς,
2327 2621 2370 2699 ῆ

365 2706 427 2775 δ’
474 2706 565 2785 ὅς.

528 2812 630 2873 xl.
660 2805 792 2875 Ἴθι
827 2804 932 2891 δή,
975 2810 1176 2892 ἔφην,
1220 2808 1331 2874 καὶ
1363 2806 1439 2872 τὰ
1474 2803 1670 2872 λοιποὶ
1694 2812 2148 2892 καθαίρωμεν.
2212 2808 2370 2876 ἑπό-

361 2931 567 2992 μενον
609 2903 736 2990 γὰρ
780 2901 862 2989 δὴ
899 2918 1038 2983 ταῖς
1071 2903 1415 2990 ἁρμονίαις
1445 2900 1532 2970 ἂν
1566 2900 1725 2989 ἡμῖν
1758 2914 1858 2990 εἴη
1894 2902 1967 2974 τὸ
2015 2909 2163 2987 περὶ
2193 2910 2368 2991 ῥυθ-

361 3002 527 3089 μούς
542 3053 562 3087 ,
596 3001 686 3087 μὴ’
707 3008 1047 3081 ποικίλους
1069 3001 1315 3081 αὐτοὺς
1337 3001 1601 3069 διώκειν
1623 3001 1787 3087 μηδὲ
1809 3001 2232 3081 παντοδαπὰς
2249 3003 2367 3089 βά-

363 3122 529 3185 σεις,
576 3097 740 3167 ἀλλὰ
780 3106 933 3186 βίου
971 3096 1275 3184 ῥυθμοὺς
1310 3104 1479 3168 ἰδεῖν
1500 3104 1781 3184 κοσμίου
1818 3124 1887 3165 τε
1909 3102 2018 3166 καὶ
2051 3097 2366 3183 ἀνδρείου

220 3218 328 3272 400
361 3202 533 3274 τίνες
554 3201 746 3264 εἰσίν
788 3192 905 3273 οὕς
929 3195 1156 3264 ἰδόντα
1178 3194 1296 3263 τὸν
1315 3197 1490 3263 πόδα
1512 3203 1602 3284 τῷ
1625 3195 1934 3262 τοιούτου
1962 3195 2137 3283 λόγῳ
2163 3194 2337 3281 ἅναγ

361 3295 583 3375 κάζειν
605 3294 888 3361 ἕπεσθαι
928 3296 1033 3361 καὶ
1081 3292 1154 3361 τό
1179 3298 1405 3380 μέλος,
1450 3291 1614 3361 ἀλλά
1644 3292 1732 3380 μὴ
1758 3294 1965 3378 λόγον
1988 3297 2147 3361 ποδί
2163 3320 2232 3361 τε
2255 3298 2364 3362 καὶ

360 3394 554 3474 μέλει.
623 3395 857 3472 οἵτινες
902 3387 966 3457 δ’
1004 3386 1090 3457 ἄν
1135 3390 1265 3461 εἶεν
1308 3384 1495 3460 οὗτοι
1532 3395 1599 3459 οἱ
1641 3394 1920 3476 ῥυθμοί,
1969 3387 2095 3458 σὸν
2142 3396 2362 3479 ἔργον,
