2602 3928
345 252 483 328 ‘326
1058 262 1631 323 ΠΛΑΤΩΝΟΣ
2198 240 2217 254 “
2346 275 2387 330 3

360 427 616 513 φθοραὶ
638 424 996 511 γεγόνασιν
1032 423 1420 507 ἀνθρώπων
1446 427 1555 491 καὶ
1592 428 1877 512 ἔσονται,
1914 427 2076 512 πυρὶ
2112 425 2384 511 μὲνκαὶ

357 523 553 590 ὕδατι
574 525 889 609 μέγισται,
927 526 1187 607 μυρίοις
1222 523 1293 588 δὲ
1328 520 1553 599 ἄλλοις
1586 522 1803 608 ἕτεραι
1838 522 2258 613 βραχύτεραι.
2303 520 2383 591 τό
2585 498 2592 621 ³(

359 619 490 707 γάρ
513 613 639 688 οὖν
663 620 772 688 καὶ
789 616 952 705 παρ’
975 616 1135 704 ὑμῖν
1151 619 1535 704 λεγόμενον,
1553 615 1641 697 ὥς
1662 643 1820 688 ποτε
1848 622 2139 689 Φαέθων
2150 615 2384 690 Ἡλίου
2578 626 2592 717 ἦ

359 733 510 797 παῖς
530 718 604 785 τὸ
634 724 761 785 τοῦ
787 712 1037 799 πατρὸς
1062 715 1240 802 ἅρμα
1261 717 1488 798 ζεύξας
1520 714 1629 783 διὰ
1663 713 1737 784 τὰ
1767 714 1856 804 μὴ
1895 715 2180 798 δυνατὰς
2211 716 2386 785 εἶναι
2590 728 2591 751 ³

358 814 526 884 κατὰ
561 814 684 901 τὴν
716 822 842 882 τοῦ
874 812 1122 901 πατρὸς
1156 811 1323 882 ὁδόν
1358 813 1662 882 ἐλαύνειν
1694 815 1775 884 τά
1808 814 1871 883 τ’
1898 818 2004 885 ἐπὶ
2032 823 2156 904 γῆς
2186 819 2383 896 ξυνέ-
2590 904 2591 907 ¹

358 933 567 983 καυσε
589 916 697 982 καὶ
721 910 920 992 αὐτὸς
940 914 1396 999 κεραυνωθεὶς
1419 913 1779 999 διεφθάρη,
1792 920 1989 981 τοῦτο
2005 914 2237 999 μύθου
2256 911 2383 1000 μὲν

359 1020 571 1098 σχῆμα
605 1015 757 1097 ἔχον
788 1013 1066 1097 λέγεται,
1102 1009 1179 1080 τὸ
1217 1010 1289 1078 δὲ
1324 1008 1572 1097 ἀληθές
1605 1014 1740 1079 ἐστι
1770 1018 1907 1081 ταῖν
1936 1016 2089 1096 περὶ
2117 1019 2248 1099 γῆν
2267 1012 2382 1078 καὶ

279 1116 321 1168 D
359 1108 506 1179 κατ’
540 1106 834 1193 οὐρανὸν
857 1109 1100 1178 ἰόντων
1120 1108 1521 1193 παράλλαξις
1540 1112 1651 1178 καὶ
1685 1108 1792 1178 διὰ
1818 1117 2094 1199 μακρῶν
2112 1110 2382 1198 χρόνων

357 1209 716 1295 γιγνομένη
739 1214 874 1275 τῶν
895 1209 999 1274 ἐπὶ
1019 1213 1141 1295 γῆς
1160 1210 1324 1293 πυρὶ
1343 1215 1571 1297 πολλῷ
1591 1208 1843 1295 φθορά.
1888 1209 2037 1278 τότε
2071 1200 2197 1277 οὖν
2232 1206 2382 1277 ’ὅσοι
2435 1240 2462 1292 Q

357 1306 505 1376 κατ’
532 1307 657 1392 ὅρη
680 1308 790 1374 καὶ
809 1310 882 1375 ἐν
904 1303 1186 1392 ὑψηλοῖς
1202 1307 1431 1385 τόποις
1442 1308 1551 1375 καὶ
1574 1308 1646 1375 ἐν
1667 1311 1887 1393 ξηροῖς
1903 1314 2185 1395 οἰκοῦσι,
2207 1298 2380 1394 μάλ-

359 1414 483 1472 λον
521 1406 902 1474 διόλλυνται
945 1413 1080 1472 τῶν
1114 1418 1432 1497 ποταμοῖς
1464 1406 1569 1472 καὶ
1597 1405 1897 1493 θαλάττῃ
1929 1406 2378 1492 προσοικούν-

359 1529 527 1572 των·
561 1500 720 1590 ἡμῖν
744 1502 816 1571 δὲ
836 1499 872 1570 ὁ
901 1510 1143 1581 Νεῖλος
1178 1512 1271 1580 εἴς
1304 1528 1375 1569 τε
1407 1499 1487 1570 τοὶ
1523 1502 1690 1573 ἄλλα
1723 1503 1942 1589 σωτὴρ
1976 1507 2088 1573 καὶ
2119 1505 2268 1574 τότε
2302 1506 2375 1572 ἐκ

357 1602 600 1687 ταύτης
623 1608 738 1687 τῆς
760 1600 1041 1687 ἀπορίας
1061 1600 1250 1682 «miza
1272 1599 1616 1687 λυόμενος.
1661 1599 1827 1670 ὅταν
1848 1598 1916 1669 δ’
1942 1594 2033 1670 αὖ
2064 1605 2217 1671 θεοὶ
2249 1600 2373 1689 τὴν

354 1708 484 1786 γῆν
505 1698 704 1767 ὕδασι
725 1707 1162 1784 καθαίροντες
1175 1699 1693 1784 κατακλύζωσιν,
1709 1703 1778 1767 οἱ
1793 1700 1918 1786 μὲν
1939 1704 2014 1768 ἐν
2033 1714 2168 1780 τοῖς
2191 1699 2376 1784 ὄρεσι

287 1815 328 1866 Ε
361 1796 790 1878 διασώζονται
813 1796 1132 1883 βουκόλοι
1162 1811 1386 1884 νομεῖς
1418 1823 1509 1884 τε,
1545 1801 1614 1866 οἱ
1641 1794 1705 1865 δ’
1742 1800 1815 1865 ἐν
1844 1811 1986 1878 ταῖς
2018 1796 2180 1884 παρ’
2214 1794 2369 1884 ὑμῖν
2578 1822 2592 1856 ⁸

353 1896 629 1963 πόλεσιν
654 1901 747 1975 εἰς
787 1892 911 1982 τὴν
943 1892 1282 1963 θάλατταν
1322 1892 1455 1964 ὑπὸ
1496 1901 1634 1963 τῶν
1673 1903 1990 1983 ποταμοῖν
2031 1899 2365 1982 φέρονται,

352 1992 519 2062 κατὰ
556 1994 628 2063 δὲ
662 1992 861 2080 τήνδε
887 1991 1012 2079 τὴν
1042 1993 1267 2079 χώραν
1303 1990 1456 2061 οὔτε
1476 1994 1625 2063 τότε
1656 1991 1809 2063 οὔτε
1841 1992 2073 2063 ἄλλοτε
2102 1992 2366 2063 ἄνωθεν

353 2094 456 2159 ἐπὶ
488 2089 603 2171 τοὶς
640 2088 935 2178 ἀρούρας
966 2089 1153 2176 ὕδωρ
1186 2094 1464 2178 ἐπιρρεῖ·
1509 2090 1583 2160 τό
1629 2091 1690 2159 δ’
1729 2095 2031 2161 ἐναντίον
2062 2090 2369 2161 κάτωθεν

352 2200 489 2258 πᾶν
512 2194 854 2260 ἐπανιέναι
884 2194 1202 2278 πέφυκεν.
1250 2189 1418 2260 ὅθεν
1445 2195 1556 2261 καὶ
1590 2191 1683 2261 δι’
1720 2188 1798 2273 ἃς
1832 2185 2040 2271 αἰτίας
2070 2191 2370 2263 τάνθάδε

354 2289 690 2374 σωζόμενα
714 2292 970 2375 λέγεται
993 2289 1416 2359 παλαιότατα.
1461 2290 1534 2358 τὸ
1560 2294 1632 2359 δὲ
1660 2289 1907 2376 ἀληθὲς
1929 2295 2001 2360 ἐν
2037 2298 2200 2359 πᾶσι
2232 2304 2367 2370 τοῖς

350 2387 596 2473 τόποις,
626 2386 798 2460 ὅπου
820 2388 909 2475 μὴ
932 2390 1176 2475 χειμών
1198 2391 1474 2469 ἐξαίσιος
1494 2386 1538 2476 ἦ
1557 2398 1779 2476 καῦμα
1801 2388 2117 2476 ἀπείργει,
2142 2391 2365 2473 πλέον,

247 2497 316 2553 23
347 2484 493 2552 τοτὲ
518 2485 592 2553 δὲ
611 2492 882 2555 ἔλαττον
904 2484 1004 2555 ἀεὶ
1025 2489 1220 2573 γένος
1240 2491 1419 2556 ἐστὶν
1439 2486 1828 2575 ἀνθρώπων
1842 2512 1858 2527 ·
1896 2485 2024 2556 ὅσα
2048 2486 2121 2556 δὲ
2138 2481 2185 2573 ἦ
2204 2485 2363 2571 παρ’

349 2579 508 2669 ὑμῖν
535 2580 578 2670 ἢ
600 2583 816 2671 τῇδεῆ
834 2586 945 2653 καὶ
965 2581 1111 2652 κατ’
1139 2583 1348 2654 ἄλλον
1367 2585 1581 2654 τόπον
1604 2577 1703 2654 ὧν
1724 2583 1894 2676 ἀκοῇ
1915 2594 2127 2671 ἴσμεν,
2152 2594 2220 2653 εἰ
2229 2584 2368 2653 πού

348 2708 412 2748 τι
432 2678 645 2750 καλὸν
662 2677 710 2768 ἢ
731 2684 898 2768 μέγα
925 2686 1203 2768 γέγονεν
1224 2681 1267 2769 ἢ
1288 2695 1402 2751 καί
1427 2711 1578 2752 τινα
1600 2683 1937 2771 διαφορὰν
1957 2684 2169 2772 ἄλλην
2190 2689 2368 2769 ἔχον,

348 2778 565 2847 πάντα
607 2782 1030 2865 γεγραμμένα
1063 2784 1135 2849 ἐκ
1167 2789 1459 2851 παλαιοῦ
1492 2779 1641 2870 τῇδ’
1684 2785 1862 2852 ἐστὶν
1888 2784 1964 2851 ἐν
1998 2795 2136 2861 τοῖς
2169 2785 2393 2865 ἱεροῖς

350 2879 461 2944 καὶ
486 2883 887 2964 σεσωσμένα.
931 2875 1011 2946 τὰ
1035 2882 1108 2946 δὲ
1128 2877 1288 2966 παρ’
1313 2877 1472 2967 ὑμῖν
1498 2882 1607 2949 καὶ
1628 2894 1765 2960 τοῖς
1787 2880 2012 2959 ἄλλοις
2032 2877 2181 2966 ἄρτι
2202 2905 2366 2947 κατ-

349 2977 801 3062 εσκευασμένα
856 2977 1163 3045 ἑκάστοτε
1204 2978 1517 3065 τυγχάνει
1564 2978 1903 3065 γράμμασι
1943 2980 2054 3045 καὶ
2092 2975 2366 3062 ἅπασιν,

347 3070 617 3168 ὁπόσων
660 3073 885 3153 πόλεις
932 3076 1212 3159 δέονται,
1265 3080 1375 3144 καὶ
1419 3076 1620 3145 πάλιν
1662 3074 1749 3145 δι’
1808 3075 2152 3145 εἰωθότων
2198 3077 2367 3142 ἐτῶν
2526 3159 2537 3167 0
2582 3101 2594 3144 ι

348 3168 568 3257 ὥσπερ
611 3172 870 3257 νόσημα
911 3170 1056 3259 ἥκει
1100 3173 1476 3261 φερόμενον
1518 3173 1742 3254 αὐτοῖς
1786 3178 2000 3260 ῥεῦμα
2041 3172 2367 3261 οὐράνιον

275 3294 316 3346 Β
347 3269 457 3334 καὶ
477 3266 636 3348 τούς
655 3265 1123 3356 ἀγραμμάτους
1143 3298 1212 3339 τε
1229 3277 1340 3341 καὶ
1353 3271 1694 3358 ἀμούσους
1715 3276 1939 3341 ἔλιπεν
1959 3269 2172 3358 ὑμῶν,
2195 3267 2368 3338 ὥστε

344 3363 545 3431 πάλιν
585 3367 650 3447 ἐξ
689 3365 890 3454 ἀρχῆς
931 3363 1077 3436 οἷον
1117 3374 1257 3439 νέοι
1292 3377 1628 3458 γίγνεσθε,
1674 3368 1877 3439 οὐδὲν
1921 3368 2166 3447 εἰδότες
2207 3367 2366 3435 οὔτε

346 3467 482 3527 τοῖν
522 3468 678 3546 τῇδε
720 3462 879 3533 οὔτε
905 3472 1039 3533 τῶν
1074 3465 1238 3550 παρ’
1280 3466 1461 3555 ὑμῖν,
1503 3468 1629 3537 ὅσα
1650 3461 1741 3555 ἦν
1784 3472 1857 3538 ἐν
1891 3480 2026 3546 τοῖς
2061 3474 2363 3542 παλαιοῖς
