2602 3928
354 231 481 297 352
1080 226 1651 287 ΠΛΑΤΩΝΟΣ
2297 232 2375 286 34

228 414 238 424 ·
284 411 327 465 B
360 397 680 478 λοσοφίας
711 391 923 475 γένος,
959 376 1047 456 οὗ
1074 391 1295 473 μεῖζον
1329 383 1595 470 ἀγαθὸν
1630 380 1774 450 οὔτ’
1809 375 2025 470 ἦλθεν
2050 380 2205 452 οὔτε
2225 382 2375 470 ἥξει

358 492 516 559 ποτε
547 494 643 579 τῷ
673 493 908 578 θνητῷ
939 487 1114 572 γένει
1147 482 1457 570 δωρηθὲν
1490 485 1563 551 ἐκ
1593 489 1796 552 θεοῖν.
1855 483 2027 566 λέγω
2059 481 2142 568 δὴ
2169 488 2369 549 τοῦτο

360 585 677 674 ὀμμάτων
697 588 1005 670 μέγιστον
1027 581 1320 668 άγαθόν·
1364 572 1571 648 τᾶλλα
1591 581 1683 663 δέ,
1720 576 1847 646 ὅσα
1879 579 2146 664 ἐλάττω,
2188 585 2260 647 τί
2283 574 2377 646 ἄν

358 680 708 770 ὑμνοῖμενς
752 673 847 749 ὧν
869 679 903 748 ὁ
927 679 1016 767 μὴ
1040 679 1410 766 φιλόσοφος
1439 678 1818 764 τυφλωθεὶς
1852 674 2262 764 ὀδυρόμενος
2284 672 2376 743 ἂν

358 791 611 868 θρηνοῖ
643 777 859 865 μάτην
877 804 890 815 ·
950 775 1116 845 ἀλλὰ
1145 775 1392 844 τούτου
1433 775 1730 860 λεγέσθω
1761 771 1921 858 παρ’
1960 770 2155 860 ἡμῶν
2201 771 2373 858 αὕτη

357 880 463 946 ἐπὶ
483 884 692 946 ταῦτα
715 880 908 961 αἰτία,
933 872 1101 942 θεὸν
1123 871 1281 960 ἡμῖν
1309 870 1621 960 ἀνευρεῖν
1642 870 2080 959 δωρήσασθαί
2094 897 2165 939 τε
2184 868 2371 954 ὄψιν,

356 979 469 1044 ἵνα
489 973 608 1054 τὰς
630 976 706 1043 ἐν
725 971 996 1062 οὐρανῷ
1018 968 1395 1050 κατιδόντες
1419 976 1542 1038 τοῦ·
1564 977 1691 1037 νοῦ
1715 971 2065 1055 περιόδους
2093 973 2376 1055 χρησαί-

358 1082 535 1160 μεθα
570 1074 676 1139 ἐπὶ
707 1068 824 1148 τὰς
855 1066 1223 1155 περιφορὰς
1253 1065 1373 1146 τὰς
1407 1075 1522 1154 τῆς
1554 1064 1713 1154 παρ’
1752 1064 1913 1153 ἡμῖν
1944 1066 2371 1154 διανοήσεως,

291 1185 333 1239 0
361 1174 693 1255 ξυγγενεῖς
714 1171 992 1247 ἐκείναις
1012 1165 1238 1252 οὔσας,
1254 1164 1642 1252 ἆταράκτοις
1663 1169 2163 1252 τεταραγμένας,
2179 1167 2373 1250 ἐκμα-

359 1267 604 1345 θόντες
625 1265 696 1333 δὲ
717 1270 826 1334 καὶ
849 1273 1184 1352 λογισμῶν
1204 1263 1370 1333 κατὰ
1394 1264 1603 1349 φύσιν
1628 1261 1994 1351 ὀρθότητος
2015 1262 2370 1350 μετασχόν-
2408 1289 2411 1291 ·

359 1387 485 1445 τες,
508 1363 905 1451 μιμούμενοι
922 1360 1043 1441 τὰς
1062 1370 1185 1430 τοῦ
1203 1368 1376 1430 θεοῦ
1399 1360 1660 1440 πάντως
1682 1357 1993 1439 ἀπλανεῖς
2013 1358 2240 1447 οὔσας,
2255 1358 2375 1437 τὰς

361 1464 434 1527 ἐν
458 1457 617 1547 ἡμῖν
640 1463 1138 1547 πεπλανημένας
1166 1465 1760 1546 καταστησαίμεθα.
1807 1465 2036 1546 φωνῆς
2056 1484 2126 1526 τε
2151 1456 2232 1545 δὴ
2261 1460 2374 1526 καὶ

363 1553 565 1644 ἀκοῆς
607 1560 756 1645 πέρι
802 1559 1004 1626 πάλιν
1044 1554 1079 1626 ὁ
1121 1556 1321 1636 αὐτὸς
1361 1557 1578 1642 λόγος,
1611 1558 1720 1625 ἐπὶ
1752 1554 1960 1624 ταύτά
1985 1564 2123 1624 τῶν
2146 1554 2374 1623 αὐτῶν

360 1659 556 1725 ἕνεκα
602 1654 780 1744 παρὰ
827 1664 1011 1725 θεοῖν
1054 1660 1489 1742 δεδωρῆσθαι.
1535 1654 1728 1740 λόγος
1767 1680 1836 1722 τε
1879 1653 2009 1741 γὰρ
2051 1651 2156 1722 ἐπ’
2202 1650 2374 1721 αὐτὰ

360 1760 569 1822 ταῦτα
612 1758 934 1840 τέτακται,
978 1751 1102 1839 τὴν
1143 1760 1455 1839 μεγίστην
1499 1752 2034 1838 ξυμβαλλόμενος
2066 1757 2158 1830 είς
2198 1748 2368 1818 αὐτὰ

361 1865 620 1939 μοῖραν,
637 1851 799 1920 ὅσον
820 1849 869 1919 τ’
896 1843 985 1918 αὖ
1006 1856 1329 1937 μουσικῆς
1353 1856 1582 1936 φωνῆς
1601 1848 1946 1938 χρήσιμον,
1972 1847 2138 1937 πρὸς
2159 1845 2374 1934 ἀκοὴν

299 1964 342 2020 D
364 1950 558 2019 ἕνεκα
571 1946 891 2038 ἁρμονίας
905 1951 1037 2018 ἐστὶ
1060 1950 1284 2018 δοθέν·
1309 1945 1438 2036 ἡδὲ
1461 1945 1765 2035 ἁρμονία,
1777 1953 2112 2036 ξυγγενεῖς
2130 1952 2372 2033 ἔχουσα

366 2050 579 2135 φορὰς
616 2064 755 2129 ταῖς
796 2051 870 2118 ἐν
909 2046 1069 2134 ἡμῖν
1110 2054 1227 2133 τῆς
1269 2055 1480 2134 ψυχῆς
1524 2045 1873 2133 περιόδοις,
1906 2053 1998 2137 τῷ
2039 2044 2201 2132 μετὰ
2244 2053 2373 2114 νοῦ

364 2150 849 2237 προσχριομένῳ
874 2146 1185 2224 Μούσαις
1210 2144 1336 2213 οὐκ
1355 2142 1461 2231 ἐφ’
1491 2142 1746 2233 ἡδονὴν
1766 2144 2034 2231 ἄλογον,
2057 2143 2369 2231 καθάπερ

364 2249 518 2329 νῦν,
544 2244 711 2312 εἶναι
733 2251 916 2314 δοκεῖ
928 2244 1266 2332 χρήσιμος,
1288 2241 1437 2313 ἀλλ’
1462 2244 1566 2312 ἐπὶ
1588 2241 1711 2331 τὴν
1731 2256 2090 2331 γεγονυῖαν
2112 2245 2186 2312 ἐν
2210 2240 2376 2331 ἡμῖν

365 2338 781 2428 ἀνάρμοστον
794 2349 1009 2429 ψυχῆς
1021 2346 1335 2428 περίοδον
1355 2347 1446 2420 εἰς
1466 2339 1958 2429 κατακόσμησιν
1969 2342 2079 2410 καὶ
2099 2359 2374 2427 συμφω-

359 2443 513 2506 νίαν
536 2439 733 2527 ἐαυτῇ
756 2439 1099 2541 σύμμαχρς
1120 2437 1253 2507 ὑπὸ
1289 2446 1598 2507 Μουσῶν
1630 2442 1920 2509 δέδοται·
1963 2440 2075 2508 καὶ
2107 2436 2374 2528 ῥυθμὸς

292 2557 342 2613 Ε
362 2530 454 2603 αὖ
480 2534 591 2603 διὰ
615 2534 739 2623 τὴν
763 2536 1054 2623 ἄμετρον
1075 2540 1149 2606 ἐν
1171 2534 1331 2625 ἡμῖν
1353 2538 1463 2605 καὶ
1492 2543 1779 2623 χαρίτων
1799 2540 2028 2607 ἐπιδεᾶ
2057 2540 2372 2624 γιγνομέ-

361 2660 489 2722 νην
511 2638 585 2703 ἐν
611 2649 748 2714 τοῖς
778 2641 1106 2715 πλείστοις
1129 2636 1263 2717 ἕξιν
1299 2637 1649 2723 ἐπίκουρος
1681 2638 1788 2705 ἐπὶ
1823 2632 2030 2704 ταύτὰ
2066 2631 2199 2703 ὑπὸ
2234 2641 2376 2702 τῶν

364 2730 589 2802 αὐτῶν
620 2733 849 2820 ἐδόθη.

527 2836 707 2899 XVII.
785 2830 881 2899 Τὰ
924 2832 1049 2920 μὲν
1098 2824 1226 2900 οὖν
1270 2831 1782 2919 παρεληλυθότα
1829 2837 1966 2899 τῶν
2007 2832 2374 2917 εἰρημένων

365 2925 538 3014 πλὴν
564 2932 863 3015 βραχέων
883 2933 1316 3000 ἐπιδέδεικται
1336 2928 1417 2997 τὰ
1442 2931 1551 2997 διὰ
1573 2937 1703 2998 νοῦ
1724 2929 2335 3016 δεδημιουργημένα
2354 2953 2369 2969 ·

365 3031 469 3094 δεῖ
486 3027 558 3096 δὲ
577 3030 689 3096 καὶ
709 3028 789 3095 τὰ
807 3025 883 3096 δι’
910 3027 1204 3117 άνάγκης
1222 3028 1582 3115 γιγνόμενα
1605 3036 1698 3117 τῷ
1722 3027 1899 3118 λόγῳ
1923 3026 2369 3114 παραθέσθαι.

274 3148 341 3215 13
362 3127 723 3212 μεμιγμένη
744 3123 873 3223 γὰρ
908 3120 1037 3195 οὖν
1063 3123 1104 3213 ἡ
1144 3130 1342 3195 τοῦδε
1362 3133 1485 3195 τοῦ
1515 3106 1774 3213 κόσρίου
1795 3127 2050 3210 γένεσις
2068 3129 2135 3205 ἐξ
2157 3122 2336 3209 ἀνάγ

360 3249 480 3309 κης
518 3247 589 3288 τε
634 3223 744 3290 καὶ
786 3231 913 3290 νοῦ
959 3224 1337 3304 συστάσεως
1379 3224 1706 3312 ἐγεννήθη
1722 3249 1738 3268 ·
1794 3232 1925 3292 νοῦ
1968 3224 2039 3292 δὲ
2081 3219 2375 3309 ἀνάγκης

363 3318 681 3407 ἄρχοντος
702 3328 796 3412 τῷ
828 3329 1088 3392 πείθειν
1124 3321 1339 3412 αὐτὴν
1373 3329 1510 3392 τῶν
1544 3324 1958 3410 γιγνομένων
1989 3321 2067 3390 τὰ
2104 3330 2376 3389 πλεῖστα

366 3420 468 3484 ἐπὶ
494 3415 568 3484 τὸ
592 3421 930 3504 βέλτιστον
952 3419 1161 3507 ἄγειν,
1187 3423 1394 3513 ταύτῃ
1418 3420 1584 3492 κατὰ
1610 3417 1821 3492 ταῦτά
1855 3449 1925 3491 τε
1956 3419 2046 3489 δι’
2080 3419 2374 3507 ἀνάγκης

2580 624 2594 727 ¹
