2602 3928
296 230 428 296 204
1039 226 1619 287 ΠΛΑΤΩΝΟΣ

292 392 376 461 τά
399 396 475 462 ἐν
494 401 593 484 τῷ
614 392 889 480 οὐρανῷ
907 389 1018 457 καὶ
1041 383 1252 454 αὐτὸν
1280 384 1403 453 τὸν
1432 383 1732 468 οὐρανόν
1753 385 2021 474 νύκτωρ
2045 381 2133 455 ἀν
2154 389 2329 476 ῥᾷον

294 491 636 576 θεάσαιτο,
682 490 1127 574 προσβλέπων
1166 483 1242 551 τὸ
1285 488 1426 550 τῶν
1469 482 1738 567 ἄστρων
1779 508 1853 552 τε
1891 486 2004 553 καὶ
2046 484 2327 571 σελήνης

228 603 278 655 Β-
305 597 470 677 φώς,
493 586 540 674 ἦ
564 584 723 675 μεθ’
745 585 1002 673 ἡμέραν
1034 580 1156 650 τὸν
1188 580 1385 667 ἥλιόν
1417 605 1488 647 τε
1527 583 1638 648 καὶ
1667 578 1738 649 τὸ
1761 588 1884 649 τοῦ
1905 578 2119 669 ἡλίου.
2172 590 2331 661 Πῶς

297 686 363 756 δ’
401 686 525 768 οὓς
578 693 973 753 Τελευταῖον
1011 679 1115 769 δή,
1152 678 1354 766 οἶμαι,
1392 676 1514 747 τὰν
1557 679 1773 767 ἥλιον,
1813 677 1939 748 ούκ
1980 684 2054 748 ἐν
2087 679 2331 750 ὕδασιν

299 783 454 854 οὐδ’
483 788 560 853 ἐν
594 782 911 872 ἀλλοτρίᾳ
944 783 1107 869 ἕδρᾳ
1153 777 1595 865 φαντάσματα
1644 774 1880 865 αὐτοῦ,
1920 775 2068 846 ἀλλ’
2119 777 2329 847 αὐτὸν

296 883 465 951 καθ’
508 879 719 951 αὑτὸν
755 886 829 950 ἐν
871 887 955 967 τῇ
993 875 1207 945 αὑτοῦ
1246 876 1447 964 χώρᾳτ
1465 873 1726 943 δύναιτ’
1766 870 1853 943 ἂν
1888 881 2182 946 κατιδεῖν
2216 879 2331 946 καὶ

295 983 686 1050 θεάσασθαι
708 974 846 1057 οἷός
877 981 1075 1045 ἐστιν.
1123 973 1538 1058 Ἀναγκαῖον,
1571 979 1717 1060 ἔφη.
1767 977 1901 1043 Καὶ
1938 974 2100 1061 μετὰ
2136 973 2328 1043 ταῦτ’

296 1073 386 1147 ἀν
411 1078 544 1167 ἤδη
570 1082 1020 1163 συλλογίζοιτο
1044 1076 1193 1157 περὶ
1218 1070 1451 1158 αὐτοῦ,
1477 1070 1580 1140 ὅτι
1602 1069 1805 1152 αὐτὸς
1825 1069 1861 1142 ὁ
1897 1071 2015 1152 τάς
2047 1097 2119 1141 τε
2149 1073 2327 1159 ὥρας

296 1181 605 1263 παρέχων
627 1178 738 1244 καὶ
761 1172 1108 1250 ἐνιαυτοὺς
1129 1172 1240 1238 καὶ
1264 1171 1482 1238 πάντα
1516 1169 1975 1258 ἐπιτροπεύων
2010 1168 2092 1238 τὰ
2129 1174 2204 1239 ἐν
2234 1177 2327 1261 τῷ

229 1294 269 1346 ο
296 1269 615 1363 ὁρωμένῳ
662 1272 867 1362 τόπῳ,
912 1272 1022 1339 καὶ
1072 1273 1367 1353 ἐκείνων,
1411 1259 1512 1335 ὦν
1554 1281 1744 1355 σφεῖς
1787 1269 2039 1355 ἑώρων,
2074 1269 2330 1357 τρόπον
2445 1276 2449 1277 ’

299 1368 453 1440 τινὰ
477 1372 750 1439 πάντων
781 1379 1006 1449 αἴτιος.
1060 1373 1317 1454 Δῆλον,
1354 1371 1502 1452 ἔφη,
1538 1364 1644 1434 ὅτι
1674 1368 1781 1439 ἐπὶ
1820 1376 2030 1436 ταῦτα
2065 1364 2152 1436 ἀν
2181 1365 2327 1453 μετ’

299 1472 520 1538 ἐκεῖνα
540 1474 747 1539 ἔλθοι.
792 1475 878 1538 Τί
894 1460 1053 1546 ούν;
1078 1462 1752 1552 ἀναμιμνησκόμενον
1772 1464 1985 1535 αὐτόν
2005 1474 2123 1553 τῆς
2140 1468 2291 1556 πρώ

298 1594 417 1655 της
437 1567 756 1656 οἰκήσεως
777 1568 888 1636 καὶ
908 1575 1023 1653 τῆς
1043 1568 1187 1634 ἐκεῖ·
1202 1571 1444 1651 σοφίας
1464 1566 1576 1632 καὶ
1606 1565 1920 1633 τώντότε
1944 1570 2332 1653 ξυνδεσμω-

298 1675 439 1734 τών
460 1663 587 1735 οὐκ
609 1662 697 1734 ἀν
721 1675 845 1735 οἴει
867 1660 1078 1733 αὑτὸν
1110 1663 1234 1750 μὲν
1268 1659 1753 1749 εὐδαιμονίζειν
1786 1672 1902 1751 τῆς
1938 1670 2326 1751 μεταβολῆς,

295 1766 456 1846 τοὺς
494 1768 567 1834 δὲ
603 1769 840 1844 ἐλεετν;
884 1765 1017 1832 Καὶ
1052 1765 1248 1850 μάλα.
1296 1765 1491 1849 Τιμαὶ
1525 1761 1601 1830 δὲ
1631 1764 1741 1830 καὶ
1775 1768 2037 1832 ἔπαινοι
2070 1772 2138 1831 εἴ
2158 1787 2334 1842 τινες

297 1862 524 1945 αὐτοῖς
544 1857 722 1951 ἦσαν
740 1865 889 1932 τότε
910 1860 1074 1950 παρ’
1103 1861 1414 1949 ἀλλήλων
1437 1862 1546 1929 καὶ
1566 1865 1730 1946 γέρα
1751 1868 1843 1952 τῷ
1860 1857 2141 1942 ὀξύτατα
2154 1871 2326 1930 καθα

297 1974 544 2050 ορώντι
583 1960 676 2031 τά·
709 1961 1037 2050 παριόντα
1074 1962 1184 2029 καὶ
1232 1958 1730 2048 μνημονεύοντι
1758 1959 2061 2048 μάλιστα,
2098 1959 2226 2043 ὅσα
2260 1987 2332 2030 τε
2442 1960 2447 1963 Δ

221 2072 267 2124 D
301 2060 591 2147 πρότερα
626 2058 852 2126 αὐτῶν
883 2061 994 2126 καὶ
1026 2056 1276 2145 ὕστερα
1312 2059 1538 2127 εἰώθει
1570 2063 1683 2129 καὶ
1724 2057 1861 2147 ἅμα
1899 2057 2330 2150 πορεύεσθαι,

297 2162 410 2228 καὶ
444 2160 517 2225 ἐκ
539 2156 801 2224 τούτων
838 2154 918 2244 δὴ
963 2156 1394 2226 δυνατώτατα
1426 2154 2029 2248 ἀπομαντευομένῳ
2058 2157 2141 2228 va·
2168 2161 2329 2244 μέλ-

298 2265 421 2325 λον
441 2253 644 2342 ἥξειν,
670 2258 885 2335 δοκεῖς
908 2250 995 2324 ἀν
1018 2253 1228 2324 αὐτὸν
1262 2259 1756 2342 ἐπιθυμητικῶς
1778 2254 2005 2324 αύτών
2025 2260 2197 2342 ἔχειν
2218 2256 2329 2345 καὶ.

300 2360 548 2441 ζηλοῦν
580 2353 737 2433 τούς
780 2351 939 2440 παρ’
993 2358 1269 2433 ἐκείνοις
1308 2357 1722 2439 τιμωμένους
1763 2381 1834 2422 τε
1890 2356 2002 2422 καὶ
2042 2357 2331 2422 ἐνδυνα-

299 2451 678 2538 στεύοντας,
702 2447 747 2540 ἦ
767 2451 842 2522 τό
868 2460 994 2522 τοῦ
1016 2451 1310 2540 Ὁμήρου
1346 2448 1432 2521 ἀν
1465 2453 1883 2521 πεπονθέναι
1917 2454 2029 2521 καὶ
2066 2451 2333 2540 σφόδρα

307 2551 679 2640 βούλεσθαι
700 2551 1082 2638 ἐπάρουρον
1105 2555 1300 2620 ἐόντα
1325 2556 1695 2639 θητευέμεν
1729 2550 1910 2643 ἄλλῳ
1938 2549 2136 2635 ἀνδρὶ
2167 2549 2332 2636 παρ’

308 2646 577 2742 ἀκλήρῳ
622 2653 734 2720 καὶ
775 2646 1009 2719 ὁτιοῦν
1040 2647 1127 2718 ἂν
1172 2653 1586 2717 πεπονθέναι
1622 2657 1880 2735 μᾶλλον
1928 2644 1975 2736 ἢ
2011 2645 2223 2718 ’κετνά
2262 2674 2335 2717 τε

243 2749 602 2831 Βδοξάζειν
637 2753 748 2819 καὶ
772 2752 1037 2828 ἐκείνως
1060 2755 1211 2838 ζῇν;
1258 2746 1510 2833 Οὕτως,
1537 2753 1685 2833 ἔφη,
1715 2752 1922 2833 ἔγωγε
1957 2745 2158 2835 οἶμαι,
2195 2755 2336 2815 πᾶν

302 2854 562 2933 μᾶλλον
584 2850 1001 2917 πεπονθέναι
1025 2843 1111 2914 ἀν
1135 2851 1454 2929 δέξασθαι
1475 2841 1520 2931 ἢ
1547 2850 1667 2933 ζῇν
1689 2849 1973 2925 ἐκείνως.
2028 2847 2161 2914 Καὶ
2181 2845 2334 2913 τόδε

298 2948 381 3035 δὴ
405 2950 757 3037 ἐννόησον,
781 2940 872 3036 ἦν
895 2946 957 3016 δ’
984 2947 1134 3035 ἐγώ.
1183 2955 1244 3017 εί
1278 2948 1482 3015 πάλιν
1517 2942 1552 3014 ὁ
1591 2953 1894 3026 τοιοῦτος
1924 2944 2218 3034 καταβὰς
2241 2951 2334 3024 είς

296 3044 667 3116 τὸν--αύτόν
714 3053 938 3116 θᾶκον
969 3053 1329 3134 καθίζοιτο,
1375 3039 1491 3133 ἀρ’
1539 3043 1623 3113 ού
1665 3043 1948 3124 σκότους
1993 3041 2081 3113 ἀν
2120 3047 2335 3123 πλέως

299 3152 490 3234 σχοίη
514 3141 677 3225 τοὺς
699 3143 1124 3232 ὀφθαλμούς,
1150 3149 1462 3231 ἐξαίφνης
1481 3142 1668 3231 ἥκων
1690 3145 1764 3211 ἐκ
1790 3150 1914 3211 τοῦ
1936 3139 2165 3228 ἡλίου;
2203 3143 2336 3209 Καὶ

179 3289 184 3292 -
301 3243 478 3332 μάλα
502 3239 593 3330 γ’,
620 3248 768 3329 ἔφη.
819 3242 953 3324 Τὰς
976 3245 1049 3311 δὲ
1079 3242 1162 3330 δὴ
1202 3241 1391 3323 σκιάς
1417 3244 1670 3322 ἐκείνας
1705 3241 1908 3310 πάλιν
1945 3247 2006 3311 εί
2033 3245 2171 3309 δέοι
2205 3235 2335 3306 αύ-

295 3342 418 3410 τόν
438 3343 957 3430 γνωματεύοντα
982 3346 1458 3430 διαμιλλᾶσθαι
1479 3354 1615 3419 τοῖς
1639 3338 1741 3408 ἀεὶ
1777 3337 2138 3428 δεσμώταις
2160 3342 2335 3406 ἐκεί-ι

157 3456 260 3513 517
296 3465 458 3525 νοις,
480 3442 557 3509 ἐν
580 3431 635 3532 ᾦ
658 3438 1094 3530 ἀμβλυώττει,
1131 3444 1291 3528 πρὶν
1329 3447 1737 3527 καταστῆναι
1769 3436 1850 3507 τά
1891 3437 2173 3527 ὄμματα,
2209 3426 2336 3506 οὗ·
