2602 3928
909 236 1491 304 ΠΟΛΙΤΕΙΑΣ
1527 236 1595 302 ι’.
2114 243 2236 306 311

215 409 497 494 ρομένας
514 430 585 472 τε
606 407 719 474 καὶ
752 402 1131 487 κλαιούσας,
1169 401 1833 490 ἀναμιμνησκομένας
1868 404 1994 471 ὅσα
2028 430 2098 472 τε
2133 408 2242 472 καὶ
2274 419 2379 476 61⁵

216 499 323 572 οἶα
345 503 638 571 πάθοιεν
655 505 767 570 καὶ
796 507 1005 570 ἴδοιεν
1026 504 1100 569 ἐν
1131 507 1218 587 τῇ
1249 497 1381 569 ὑπὸ
1418 509 1543 589 γῆς
1575 511 1812 591 πορείᾳ
1852 543 1927 553 -
1971 502 2140 571 εἶναι
2170 504 2242 571 δὲ

213 599 336 687 τὴν
359 607 637 686 πορείαν
657 602 899 686 χιλιέτη
928 639 1005 650 -
1040 598 1158 688 τὰς
1189 595 1254 664 δ’
1294 591 1387 665 αὖ
1423 600 1497 667 ἐκ
1534 608 1663 667 τοῦ
1691 598 1995 684 οὐρανοῦ
2031 597 2242 667 εὐπα-

212 704 401 777 θείας
435 702 810 784 διηγεῖσθαι
836 699 948 765 καὶ
976 700 1141 773 θέας
1165 692 1552 782 ἀμηχάνους
1587 693 1662 765 τὸ
1698 697 1958 775 κάλλος.
2002 695 2084 765 τὰ
2117 698 2240 783 μὲν

216 788 347 862 οὖν
369 794 603 880 πολλά,
626 786 681 861 ὦ
700 794 1047 879 Γλαύκων,
1073 798 1332 860 πολλοῦ
1359 793 1611 880 χρόνον
1644 795 2092 882 διηγήσασθαι
2107 821 2123 836 ·
2164 794 2238 863 τὸ

216 890 282 961 δ’
309 886 437 961 οὖν
458 893 826 979 κεφάλαιον
847 896 975 979 ἔφη
998 891 1154 959 τόδε
1174 890 1364 976 εἶναι,
1389 889 1516 960 ὅσα
1548 894 1820 961 πώποτέ
1837 918 1986 960 τινα
2007 892 2243 980 ἠδίκη-

213 1013 344 1059 σαν
364 992 478 1059 καὶ
497 989 701 1069 ὅσους
721 991 1005 1075 ἔκαστοι,
1039 984 1210 1076 ὑπὲρ
1229 987 1550 1058 ἁπάντων
1570 994 1763 1077 δίκην
1784 994 2145 1059 δεδωκέναι
2167 994 2243 1060 ἐν

214 1094 417 1176 μέρει,
440 1086 610 1174 ὑπὲρ
631 1086 915 1156 ἑκάστου
936 1088 1224 1174 δεκάκις,
1248 1093 1451 1156 τοῦτο
1474 1086 1541 1156 δ’
1565 1090 1733 1158 εἶναι
1765 1086 1934 1159 κατὰ
1956 1092 2242 1158 ’ἕκατον-

214 1190 564 1274 ταετηρίδα
597 1185 901 1273 ἑκάστην,
929 1183 1017 1264 ὥς
1041 1192 1199 1272 βίον
1230 1184 1427 1265 ὄντος
1450 1187 1782 1255 τοσούτου
1810 1195 1932 1256 τοῦ
1957 1186 2236 1276 ἀνθρω-
2272 1206 2309 1254 Β

218 1292 441 1370 πίνου,
462 1289 574 1353 ἵνα
593 1285 1041 1355 δεκαπλάσιον
1061 1281 1135 1352 τὰ
1168 1289 1438 1371 ἔκτισμα
1471 1293 1594 1352 τοῦ
1627 1283 2032 1372 ἀδικήματος
2068 1289 2242 1354 ἐκτί-

221 1408 431 1452 νοιεν·
472 1386 584 1451 καὶ
606 1377 752 1450 οἷον
771 1392 839 1450 εἰ
864 1406 1040 1461 τινες
1075 1387 1347 1449 πολλῶν
1376 1381 1700 1450 θανάτων
1736 1375 1910 1468 ἦσαν
1942 1392 2160 1466 αἴτιοι,
2196 1376 2241 1469 ἢ

216 1479 440 1558 πόλεις
462 1478 824 1566 προδόντες
843 1473 887 1563 ἦ
909 1476 1321 1561 στρατόπεδα
1343 1478 1454 1545 καὶ
1477 1482 1568 1555 εἰς
1588 1482 1893 1555 δουλείας
1918 1479 2241 1565 ἐμβεβλη-

222 1580 427 1663 κότες,
455 1578 500 1665 ἥ
521 1603 702 1658 τινος
723 1575 927 1663 ἄλλης
946 1583 1307 1661 κακουχίας
1325 1583 1662 1662 μεταίτιοι,
1687 1578 1960 1643 πάντων
1980 1576 2241 1644 τούτων

220 1681 659 1755 δεκαπλασίας
679 1673 1049 1762 ἀλγηδόνας
1070 1672 1242 1760 ὑπὲρ
1271 1672 1556 1742 ἑκάστου
1584 1678 1993 1759 κομίσαιντο,
2015 1675 2131 1740 καὶ
2150 1667 2240 1741 αὖ

221 1784 289 1843 εἴ
315 1799 501 1853 τινας
527 1771 903 1860 εὐεργεσίας
946 1771 1448 1860 εὐεργετηκότες
1479 1772 1593 1839 καὶ
1636 1776 1875 1840 δίκαιοι
1916 1773 2026 1838 καὶ
2069 1769 2242 1838 ὅσιοι

216 1874 562 1960 γεγονότες
589 1872 741 1958 εἶεν,
765 1872 933 1940 κατὰ
954 1870 1160 1940 ταύτὰ
1196 1868 1321 1957 τὴν
1343 1868 1537 1951 ἀξίαν
1557 1876 1945 1957 κομίζοιντο.
1992 1878 2132 1938 τῶν
2166 1871 2238 1938 δὲ
2276 1877 2313 1929 C

218 1971 429 2052 εὐθὺς
441 1973 822 2058 γενομένων
853 1974 965 2039 καὶ
988 1969 1217 2061 ὀλίγον
1246 1969 1496 2058 χρόνον
1525 1970 1860 2057 βιούντων
1890 1970 2040 2056 πέρι
2074 1968 2243 2036 ἄλλα

218 2077 444 2156 ἔλεγεν
462 2067 591 2138 οὐκ
612 2068 762 2149 ἄξια
788 2070 1052 2157 μνήμης
1066 2094 1079 2108 ·
1127 2075 1218 2147 εἰς
1239 2069 1314 2137 δὲ
1330 2067 1539 2148 θεοὺς
1558 2067 1864 2155 ἀσεβείας
1887 2093 1960 2135 τε
1993 2071 2104 2136 καὶ
2126 2064 2240 2134 εὐ-

216 2174 476 2254 σεβείας
496 2170 608 2236 καὶ
628 2174 870 2253 γονέας
886 2169 998 2235 καὶ
1027 2166 1413 2254 αὐτόχειρος
1433 2167 1656 2254 φόνου
1679 2174 1943 2254 μείζους
1964 2174 2058 2236 ἔτι
2083 2166 2245 2247 τους

220 2263 510 2351 μισθοὺς
536 2270 841 2351 διηγεῖτο.
886 2269 1014 2351 ἔφη
1032 2261 1163 2352 γὰρ
1185 2262 1268 2352 δὴ
1303 2268 1802 2351 παραγενέσθαι
1834 2269 2238 2355 ἐρωτωμένῳ

220 2366 419 2453 ἑτέρῳ
436 2361 572 2431 ὑπὸ
596 2366 845 2451 ἑτέρου,
873 2359 1049 2432 ὅπου
1081 2376 1183 2452 εἴη
1220 2363 1547 2453 Ἀρδιαῖος
1579 2359 1616 2434 ὁ
1643 2369 1862 2453 μέγας.
1903 2363 1940 2435 ὁ
1983 2369 2055 2433 δὲ
2090 2364 2240 2451 ’Λρ-
2346 2445 2356 2454 .

221 2466 430 2541 διαϊος
448 2453 646 2542 οὗτος
665 2468 782 2548 τῆς
802 2468 1206 2551 Παμφυλίας
1238 2470 1315 2533 ἔν
1347 2489 1477 2532 τινι
1510 2463 1697 2532 πόλει
1733 2464 2065 2549 τύραννος
2095 2467 2241 2549 ἐγε-

218 2557 422 2646 γόνει,
444 2559 571 2654 ἤδη
592 2561 922 2646 χιλιοστὸν
950 2567 1093 2643 ἔτος
1115 2567 1208 2641 εἰς
1229 2564 1486 2630 ἐκεῖνον
1503 2559 1625 2631 τὸν
1655 2562 1924 2649 χρόνον,
1954 2561 2240 2649 γέροντά

215 2681 288 2724 τε
310 2657 558 2743 πατέρα
580 2656 972 2738 ἀποκτείνας
992 2662 1103 2728 καὶ
1124 2659 1582 2748 πρεσβύτερον
1604 2657 1921 2746 ἀδελφόν,
1937 2660 2052 2729 καὶ
2070 2659 2239 2728 ἄλλα
2270 2673 2318 2724 D

217 2752 301 2840 δὴ
315 2756 542 2823 ’πολλά
560 2782 631 2823 τε
651 2758 763 2825 καὶ
784 2754 1022 2826 ἀνόσια
1045 2762 1492 2845 εἰργασμένος,
1531 2756 1620 2837 ὥς
1643 2762 1916 2844 ἐλέγετο.
1961 2766 2087 2846 ἔφη
2111 2749 2240 2827 οὖν

215 2852 338 2919 τὸν
379 2854 810 2940 ἐρωτώμενον
854 2862 1081 2941 εἰπεῖν,
1120 2854 1242 2942 οὐχ
1283 2855 1451 2943 ἥκει,
1498 2856 1730 2942 φάναι,
1775 2853 1926 2924 οὐδ’
1975 2853 2063 2925 ἂν
2105 2857 2240 2944 ἥξει

217 2951 439 3035 δεῦρο.

384 3053 538 3123 ΧῙῩ.
578 3048 1043 3138 Έθεασάμεθα
1064 3053 1196 3140 γὰρ
1216 3050 1349 3122 οὖν
1377 3054 1459 3141 δὴ
1485 3058 1594 3123 καὶ
1615 3062 1812 3123 τοῦτο
1837 3062 1974 3123 τῶν
1996 3060 2238 3123 δεινῶν

214 3146 593 3232 θεαμάτων.
669 3148 891 3236 ἐπειδὴ
936 3149 1134 3237 ἐγγὺς
1186 3159 1314 3220 τοῦ
1359 3158 1638 3238 στομίου
1679 3147 1848 3240 ἦμεν
1890 3156 2239 3240 μέλλοντες
2278 3156 2282 3161 ’

169 3332 174 3337 .
217 3240 472 3313 ἀνιέναι
490 3248 602 3315 καὶ
626 3240 834 3316 τᾶλλα
858 3249 1080 3317 πάντα
1100 3250 1533 3336 πεπονθότες,
1559 3251 1816 3319 ἐκεῖνόν
1846 3277 1917 3318 τε
1938 3254 2239 3319 κατείδο-

215 3367 337 3426 μεν
357 3346 669 3433 ἐξαίφνης
689 3348 802 3413 καὶ
822 3345 1067 3426 ἄλλους
1095 3347 1334 3433 σχεδόν
1366 3372 1430 3414 τι
1450 3345 1675 3415 αὐτῶν
1703 3346 1861 3426 τοὺς
1893 3354 2238 3426 πλείστους

213 3441 621 3523 τυράννους·
662 3435 839 3529 ἦσαν
862 3448 933 3512 δὲ
966 3446 1077 3513 καὶ
1110 3449 1372 3514 ἰδιῶταί
1384 3471 1559 3525 τινες
1584 3455 1720 3514 τοῖν
1746 3444 1999 3533 μεγάλα
2019 3443 2237 3531 ἦμαρ-ψ
