2602 3928
957 237 1539 295 ΠοΛΙΤΕιΑΣ
1566 230 1629 313 ξ,
2147 231 2273 295 229

430 398 612 463 xv11.
655 397 1095 482 Μαντεύομαι
1129 402 1383 480 τοίνυν,
1415 394 1623 480 εἷπον,
1647 404 1899 482 μᾶλλον
1936 395 2144 464 αὐτὸν
2175 422 2275 464 τι-

264 501 399 581 μᾷν
421 489 507 570 ἄν
526 492 650 561 τὸν
671 496 917 579 πατέρα
941 496 1051 561 καὶ
1075 491 1200 580 τὴν
1217 496 1465 578 μητέρα
1498 494 1609 560 καὶ
1627 490 1785 570 τούς
1805 492 2049 572 ἄλλους
2070 499 2273 560 οίκεί-
2308 494 2350 544 Β

265 614 382 668 ους
403 595 766 670 δοκοῦντας
784 585 830 678 ἦ
849 589 1006 668 τούς
1025 590 1532 676 κολακεύοντας,
1554 592 1664 658 καὶ
1683 583 1883 677 ἦττον
1903 592 2027 677 μὲν
2045 587 2132 656 ἂν
2153 613 2274 656 πε-

264 691 497 772 ριιδεῖν
517 692 761 768 ἐνδεεῖς
778 689 979 774 τινός,
1003 680 1204 774 ἦττον
1225 688 1296 755 δὲ
1316 687 1714 774 παράνομόν
1733 714 1796 754 τι
1830 692 2068 772 δρᾶσαι
2100 682 2145 772 ἦ
2179 693 2275 755 εὖ·

268 800 417 854 πεῖν
437 793 531 864 είς
552 784 819 870 αὐτούς,
851 777 1054 873 ἦττον
1091 790 1163 853 δὲ
1197 784 1506 854 ἀπειθεῖν
1529 786 1607 853 τὰ
1639 787 1891 872 μεγάλα
1924 786 2201 863 ἐκείνοις
2229 780 2273 872 η’

266 896 399 960 τοῖς
422 882 714 967 κόλαξιν,
738 885 812 951 ἐν
833 875 887 972 ᾦ
905 883 1127 973 χρόνῳ
1149 884 1223 951 τὸ
1246 881 1493 969 ἀληθὲς
1513 882 1600 969 μὴ
1632 889 1848 970 εἰδείη.
1880 884 2100 968 Εἰκός,
2124 889 2271 969 ἔφη.

265 979 695 1067 Αίσθόμενον
730 987 963 1049 τοίνυν
997 980 1071 1049 τό
1106 977 1191 1049 ὂν
1225 982 1635 1067 μαντεύομαι
1670 975 1758 1048 αὖ
1794 983 1942 1067 περὶ
1962 982 2084 1069 μὲν
2111 981 2276 1048 τού-

264 1102 419 1157 τους
441 1077 698 1148 άνεῖναι
718 1075 807 1145 ἂν
826 1079 901 1146 τό
924 1086 1124 1166 τιμᾷν
1149 1105 1219 1146 τε
1244 1082 1355 1147 καὶ
1391 1080 1808 1164 σπουδάζειν,
1844 1082 1992 1162 περὶ
2026 1080 2097 1148 δὲ
2120 1076 2277 1157 τοῦς

263 1176 550 1258 κόλακας
571 1180 903 1261 ἐπιτεῖναι,
926 1180 1038 1246 καὶ
1068 1183 1434 1246 πείθεσθαί
1462 1204 1532 1245 τε
1568 1175 1787 1257 αὐτοῖς
1826 1178 2278 1262 διαφερόντως

265 1270 311 1360 ἢ
331 1275 660 1361 πρότερον
687 1278 934 1363 καὶζῆν
954 1272 1042 1344 ἂν
1062 1274 1189 1362 ἤδη
1215 1273 1363 1343 κατ’
1404 1277 1714 1361 ἐκείνους,
1739 1277 2024 1356 ξυνόντα
2052 1272 2278 1353 αὐτοῖς
2314 1283 2354 1334 G

267 1369 860 1459 ἀπαρακαλύπτως,
885 1371 1134 1461 πατρὸς
1157 1375 1229 1441 δὲ
1249 1376 1509 1443 ἐκείνου
1527 1377 1637 1443 καὶ
1656 1382 1795 1442 τῶν
1805 1375 2026 1442 ἄλλων
2038 1398 2277 1442 ποιου*

267 1475 489 1557 μένων
512 1479 795 1559 οἰκείων,
830 1473 997 1559 εἰμὴ
1019 1472 1203 1539 πάνυ
1241 1482 1343 1558 εἴη
1373 1473 1577 1559 φύσει
1607 1473 1913 1559 ἐπιεικής,
1947 1476 2168 1559 μέλειν
2199 1465 2274 1539 τὸ

268 1573 493 1656 μηδέν.
553 1571 791 1656 Πάντ’,
830 1577 979 1657 ἔφη,
1014 1573 1224 1657 λέγεις
1249 1566 1358 1638 οἶά
1386 1595 1510 1655 περ
1540 1565 1625 1639 ἄν
1657 1573 1933 1656 γένοιτο.
1981 1567 2144 1639 ἀλλὰ
2182 1579 2274 1660 πῇ

272 1667 436 1751 πρὸς
473 1665 632 1746 τοῦς
673 1664 1085 1754 ἁπτομένους
1113 1675 1253 1735 τῶν
1281 1666 1500 1754 λόγων
1541 1666 1709 1753 αῦτη
1741 1673 1928 1755 φέρει
1958 1665 1999 1754 ἡ
2047 1668 2272 1744 είκώνς

199 1832 204 1837 ,
280 1769 473 1850 Τῇδε.
515 1771 651 1833 ἔστι
674 1790 809 1833 που
829 1763 985 1852 ἡμῖν
1013 1766 1308 1853 δόγματα
1330 1769 1400 1834 έκ
1421 1770 1679 1836 παίδων
1699 1769 1849 1853 περὶ
1871 1770 2144 1834 δικαίων
2165 1769 2278 1834 καὶ

266 1870 513 1950 καλεῖν,
538 1866 612 1930 έν
626 1859 724 1943 οἷς
746 1865 1255 1951 ἐκτεθράμμεθα
1279 1864 1501 1948 ὥσπερ
1522 1862 1653 1932 ὑπὸ
1677 1872 1972 1950 γονεῦσι,
1995 1874 2279 1948 πειθαρ-

267 1963 538 2048 χοῦντές
578 1988 648 2029 τε
690 1964 801 2031 καὶ
840 1970 1156 2048 τιμῶντες
1198 1959 1384 2031 αύτά.
1440 1962 1619 2032 Ἔστι
1661 1962 1810 2048 γάρ.
1854 1960 2126 2031 Οὐκοῦν
2167 1963 2277 2030 καὶ

273 2056 438 2126 ἄλλα
469 2061 731 2127 ἐναντία
754 2059 1012 2128 τούτων
1035 2062 1514 2146 ἐπιτηδεύματα
1533 2057 1780 2146 ἡδονάς
1813 2066 2063 2145 ἔχοντα,
2088 2056 2131 2127 ἃ
2161 2085 2280 2127 κο-
2314 2084 2358 2135 D

268 2157 533 2224 λακεύει
553 2156 676 2243 μὲν
692 2154 885 2244 ἡμῶν
904 2158 1030 2244 τὴν
1049 2160 1270 2245 ψυχὴν
1290 2162 1400 2227 καὶ
1421 2162 1597 2227 ἕλκει
1619 2157 1733 2245 ἐφ’
1758 2156 1950 2242 αὑτά,
1974 2164 2193 2227 πείθει
2212 2156 2276 2225 δ’

269 2254 377 2340 οῦ,
399 2252 556 2332 τοῦς
581 2257 693 2322 καὶ
714 2254 972 2343 ὁπῃοῦν
994 2263 1300 2342 μετρίους
1316 2283 1332 2300 ·
1357 2255 1506 2326 ἀλλ’
1542 2261 1759 2326 ἐκεῖνα
1781 2266 2016 2344 τιμαῖσι
2035 2254 2116 2324 τὰ
2146 2256 2282 2324 πά-

269 2378 415 2434 τρια
438 2354 547 2419 καὶ
568 2353 843 2432 ἐκείνοις
872 2361 1369 2440 πειθαρχοῦσιν.
1397 2353 1576 2423 Ἔστι
1608 2362 1831 2424 ταῦτα.
1885 2361 1968 2422 Τί
1999 2347 2157 2436 οὖν,
2191 2345 2280 2440 ἦν

268 2449 332 2518 δ’
363 2451 493 2538 ἐγώ
509 2480 526 2495 ·
572 2450 734 2520 ὅταν
753 2453 875 2521 τὸν
901 2452 1115 2533 οὕτως
1137 2459 1369 2539 ἔχοντα
1392 2450 1600 2552 ἐλθὸν
1622 2453 1922 2540 ἐρώτημα
1940 2458 2184 2539 ἔρηται,
2216 2457 2287 2519 τί

266 2555 403 2620 ἐστι
442 2550 518 2619 τὸ
572 2551 805 2638 καλόν,
864 2556 973 2620 καὶ
1025 2549 1588 2639 ἀποκριναμένου,
1634 2550 1674 2620 ὃ
1725 2559 1847 2620 τοῦ
1905 2555 2281 2636 νομοθέτου

265 2647 535 2735 ἤκουεν,
560 2650 857 2736 ἐξελέγχῃ
879 2646 916 2717 ὁ
941 2648 1159 2733 λόγος,
1183 2652 1293 2719 καὶ
1316 2650 1631 2728 πολλάκις
1651 2652 1759 2717 καὶ
1782 2654 2076 2734 πολλαχῇ
2097 2648 2282 2729 ἐλέγ-

267 2772 405 2832 χων
426 2751 517 2823 είς
542 2745 744 2825 δόξαν
766 2745 1127 2834 καταβάλῃ,
1156 2743 1245 2824 ὥς
1261 2753 1463 2814 τοῦτο
1489 2744 1691 2813 οὐδὲν
1709 2752 1962 2831 μᾶλλον
1991 2741 2201 2811 καλὸν
2235 2737 2280 2828 ἦ
2324 2772 2363 2821 Β,

264 2843 560 2930 αἰσχρόν,
585 2845 696 2911 καὶ
716 2845 867 2927 περὶ
888 2847 1150 2910 δικαίου
1171 2839 1487 2921 ὡσαύτως
1504 2845 1615 2910 καὶ
1634 2838 1901 2927 άγαθοῦ
1921 2843 2034 2911 καὶ
2069 2837 2114 2910 ἃ
2146 2842 2280 2925 μά-

268 2950 454 3008 λιστα
478 2933 640 3027 ἦγεν
691 2944 765 3007 ἐν
807 2949 981 3028 τιμῇ,
1025 2940 1187 3026 μετὰ
1224 2948 1421 3010 τοῦτο
1458 2947 1527 3008 τί
1567 2950 1690 3010 οῑει
1729 2939 2030 3026 ποιήσειν
2071 2936 2280 3007 αὐτὸν

269 3035 437 3121 πρὸς
474 3034 637 3104 αὐτα
674 3042 862 3124 τιμῆς
894 3064 966 3105 τε
1001 3041 1150 3123 πέρι
1182 3041 1293 3106 καὶ
1327 3044 1747 3123 πειθαρχίαςς
1786 3033 2089 3123 Ἀνάγκη,
2126 3042 2278 3122 ἔφη,

267 3133 431 3221 μήτε
453 3142 652 3223 τιμᾷν
674 3141 769 3203 ἔτι
802 3132 1047 3222 ὁμοίως
1070 3136 1641 3223 μήτεπείθεσθαι.
1671 3135 1876 3204 Ὅταν
1906 3127 2055 3219 οὖν,
2089 3126 2178 3222 ἦν
2210 3128 2276 3200 δ’

266 3232 416 3320 ἐγώ,
439 3233 600 3320 μήτε
620 3236 828 3302 ταῦτα’
849 3231 1085 3321 ἡγῆται
1104 3241 1284 3320 τίμια
1318 3235 1428 3302 καὶ
1462 3240 1689 3319 οἰκεῖα,
1716 3230 1936 3316 ὥσπερ
1970 3228 2098 3312 πρὸ
2134 3247 2278 3313 τοῦ,

213 3349 220 3354 ·
266 3332 348 3398 τά
369 3357 441 3399 τε
476 3329 700 3417 ἀληθῆ
734 3329 821 3417 μὴ
858 3330 1152 3420 εὑρίσκῃ,
1190 3337 1327 3400 ἔστι
1361 3331 1528 3416 πρὸς
1559 3328 1792 3398 ὁποῖον
1824 3337 1975 3418 βίον
2002 3329 2211 3397 ἄλλον
2236 3323 2281 3413 ἢ
2315 3352 2418 3407 539

270 3426 385 3496 τὸν
441 3428 895 3497 κολακεύοντα
950 3430 1218 3508 εἰκότως
1259 3428 1824 3515 προσχωρήσεται;
1891 3424 2036 3494 Οὐκ
2079 3430 2280 3510 ἔστιν,
