2602 3928
266 225 337 291 φ
1044 214 1351 272 T1MA1
1369 215 1505 273 οΣ.
2159 215 2282 281 387

262 381 338 446 έν
355 386 449 465 τῷ
473 380 743 463 δέρματι
767 378 1047 459 πέφυκε,
1071 371 1381 458 ξυγγενὲς
1409 372 1530 459 μὲν
1552 377 1914 459 ἰμαντωδες
1938 372 2022 444 ὂν
2043 376 2279 461 αὐτοῦ,

265 473 711 561 σκληρότερον
747 474 821 538 δὲ
855 473 968 539 καὶ
1002 469 1417 555 πυκνότερον
1447 476 1531 557 τῇ
1554 471 1811 557 πιλήσει
1852 482 1967 559 τῆς
1996 475 2274 561 ψύξεως,

262 567 347 658 ἣν
372 570 901 657 ἀποχωριζομένη
927 570 1247 655 δέρματος
1274 567 1514 652 ἑκάστη
1556 570 1711 654 θρὶξ
1750 580 2082 655 ψυχθεῐσα
2107 591 2276 638 συν-

262 670 567 755 επιλήθη.
583 667 798 754 τούτῳ
815 665 895 753 δὴ
913 672 1151 734 λασίαν
1164 663 1356 752 ἡμῶν
1376 662 1821 751 ἀπειργάσατο
1835 667 1959 754 τὴν
1975 669 2277 756 κεφαλὴν

261 765 297 834 ὁ
321 775 556 851 ποιων,
580 765 917 853 χρώμενος
938 769 1061 850 μὲν
1096 769 1325 842 αἰτίοις
1351 778 1486 842 τοῖς
1519 767 1918 851 εἰρημένοις,
1957 767 2274 836 διανοού-

260 892 460 952 μενος
481 866 553 935 δὲ
575 863 725 933 ἀντὶ
745 864 991 950 σαρκὸς
1015 860 1177 930 αὐτὰ
1207 865 1348 930 δεῖν
1372 860 1541 929 εἶναι
1564 866 1898 950 στέγασμα
1911 914 1930 948 ,
1976 873 2093 951 τῆς
2126 869 2278 950 περὶ

257 963 380 1032 τὸν
398 965 768 1049 ἐγκέφαλον
789 963 982 1030 ἕνεκα
1013 958 1377 1047 ἀσφαλείας
1395 967 1681 1046 κοῦφον,
1723 963 1834 1030 καὶ
1867 965 2117 1048 θέρους
2139 989 2276 1050 χει-
2305 987 2348 1037 n

258 1059 481 1148 μῶνός
503 1087 572 1129 τε
594 1060 832 1129 ἰκανὸν
857 1057 1055 1127 σκιὰν
1077 1060 1189 1126 καὶ
1212 1061 1463 1144 σκέπην
1482 1061 1811 1143 παρέχειν,
1844 1056 2277 1147 εὐαισθησίας

260 1157 332 1226 δὲ
369 1157 571 1228 οὐδὲν
604 1158 989 1242 διακώλυμα
1020 1153 1330 1242 ἐμποδών
1362 1156 1829 1242 γενησόμενον.
1873 1156 1947 1224 τὰ
1985 1161 2056 1225 δὲ
2091 1161 2165 1226 ἐν
2198 1167 2279 1248 τῇ

261 1255 414 1338 περὶ
433 1250 591 1331 τούς
613 1250 982 1329 δακτύλους
1002 1258 1388 1338 καταπλοκῇ
1421 1257 1547 1319 τοῦ
1574 1252 1825 1337 νεύρου
1848 1255 1958 1320 καὶ
1978 1260 2102 1321 τοῦ
2123 1259 2271 1341 δέρ-

261 1377 465 1438 ματος
508 1349 712 1418 ὀστοῦ
744 1375 846 1436 τε,
900 1349 1265 1436 ξυμμιχθὲν
1310 1353 1382 1418 ἐκ
1423 1358 1648 1437 τριῶν,
1694 1350 2163 1439 α’ποξηρανθὲν
2205 1356 2281 1421 ἓν

259 1446 497 1517 κοινὰν
564 1447 966 1535 ξυμπάντων
1033 1448 1327 1534 σκληρὸν
1380 1451 1614 1533 γέγονε
1669 1452 1905 1535 δέρμα,
1964 1465 2101 1529 τοῖς
2157 1452 2280 1538 μὲν

262 1553 617 1628 ξυναιτίοις
636 1545 896 1623 τούτοις
932 1548 1453 1632 δημιουργηθέν,
1495 1554 1577 1633 τῇ
1621 1547 1693 1614 δὲ
1740 1549 2090 1635 αἰτιωτάτη
2133 1553 2284 1616 δια-

262 1653 415 1734 νοίᾳ
453 1653 590 1713 τῶν
633 1649 853 1712 ἔπειτα
897 1647 1233 1729 ἐσομένων
1270 1646 1467 1712 ἕνεκα
1510 1651 1960 1732 εἰργασμένον.
2024 1673 2111 1724 ως
2151 1649 2280 1735 γάρ

264 1767 424 1811 ποτε
455 1746 521 1822 ἐξ
563 1733 852 1827 ἄνδρων
872 1753 1185 1826 γυναῖκες
1219 1745 1346 1810 καὶ
1369 1735 1575 1810 ταλλα
1609 1750 1818 1828 θηρία
1864 1743 2277 1830 γενήσοιντο,
2307 1774 2344 1824 E

262 1839 622 1926 ηπίσταντο
636 1843 702 1906 οἰ
719 1835 1194 1919 ξυνιστάντες“
1159 1864 1351 1924 ημας,
1370 1841 1479 1907 καὶ
1496 1838 1575 1925 δη
1596 1841 1706 1908 καὶ
1727 1847 1842 1926 τῆς
1855 1867 1993 1908 των
2014 1838 2280 1927 ὀνύχων

261 1944 480 2025 χρείας
502 1934 604 2005 ὅτι
621 1933 837 2006 πολλα
864 1962 1002 2004 των
1020 1936 1428 2024 θρεμμάτων
1460 1938 1571 2006 καὶ
1606 1941 1713 2007 ἐπὶ
1745 1939 1957 2008 πολλα
1982 1941 2280 2028 δεήσοιτο

262 2035 532 2124 ᾔδεσαν,
580 2032 749 2103 ὅθεν
784 2037 858 2102 ἐν
891 2032 1280 2120 ἀνθρώποις
1324 2033 1539 2114 εύθῦς
1575 2040 1993 2124 γιγνομένοις
2031 2038 2279 2106 ὑπετυ-

265 2135 572 2203 πώσαντο
613 2133 736 2220 τὴν
766 2142 903 2203 τῶν
947 2132 1214 2223 ὀνύχων
1248 2137 1540 2220 γένεσιν·
1584 2137 1797 2226 τούτῳ
1846 2136 1927 2223 δὴ
1963 2146 2060 2228 τῷ
2098 2140 2276 2228 λόγῳ

265 2236 378 2302 καὶ
407 2247 547 2310 ταῖς
576 2233 949 2319 προφάσεσι
982 2232 1252 2312 ταύταις
1287 2236 1493 2320 δέρμα
1527 2243 1750 2319 τρίχας
1784 2233 2030 2321 ὄνυχάς
2065 2262 2135 2302 τε
2169 2233 2273 2303 ἐπ’

267 2330 496 2414 ἄκροις
516 2344 651 2410 τοῖς
672 2331 910 2411 κώλοις
929 2336 1208 2418 ἔφυσαν.

432 2433 693 2496 XXXIV.
731 2427 988 2515 Ἐπειδὴ
1031 2430 1103 2499 δὲ
1144 2426 1345 2503 πάντ’
1378 2421 1467 2516 ἦν
1511 2427 1589 2496 τὰ
1636 2436 1759 2497 τοῦ
1800 2441 2062 2517 θνητοῦ
2105 2433 2280 2512 ζῶου

268 2525 742 2613 ξυμπεφυκότα
781 2532 945 2615 μέρη
990 2530 1102 2595 καὶ
1145 2531 1341 2613 μέλη,
1387 2526 1509 2613 τὴν
1551 2528 1623 2596 δὲ
1663 2526 1834 2614 ζωὴν
1874 2532 1948 2596 έν
1980 2532 2142 2615 πυρὶ
2173 2532 2284 2599 καὶ
2313 2541 2384 2602 '17

267 2626 596 2710 πνεύματι
640 2628 1029 2711 ξυνέβαινεν
1075 2628 1141 2705 ἐξ,
1184 2624 1478 2710 ἀνάγκης
1526 2632 1698 2712 ἔχειν
1741 2624 1923 2716 αύτῷ
1936 2677 1955 2713 ,
2019 2630 2129 2695 καὶ
2173 2628 2281 2695 διὰ

268 2728 477 2790 ταῦτα
527 2720 660 2789 ὑπὸ
715 2721 972 2791 τούτων
1019 2724 1394 2811 τηκόμενον
1449 2724 1865 2810 κενούμενόν
1911 2721 1970 2791 τ’
2023 2728 2284 2812 ἔφθινε,

270 2822 595 2909 βοήθειαν
629 2819 814 2909 αὐτῷ
846 2825 998 2891 θεοὶ
1035 2829 1477 2910 μηχανῶνται.
1537 2830 1653 2908 τῆς
1686 2821 1816 2910 γὰρ
1854 2819 2287 2911 ἀνθρωπίνης

273 2927 554 3006 ξυγγενῆ
581 2921 850 3006 φύσεως
882 2921 1093 3008 φύσιν
1134 2921 1364 3001 ἄλλαις
1387 2923 1589 3000 ἰδέαις
1627 2923 1735 2989 καὶ
1780 2922 2132 3007 αἰσθήσεσι
2173 2949 2287 2990 κε-

269 3015 668 3103 ραννύντες,
708 3016 882 3086 οἷσθ’
919 3021 1148 3106 ἕτερον
1185 3027 1357 3102 ζῶον
1392 3019 1592 3106 εἶναι,
1634 3019 2075 3104 φυτεύουσιν·
2125 3019 2170 3087 ἃ
2205 3025 2293 3106 δη·

270 3124 403 3184 νῦν
429 3114 643 3203 ἥμερα
678 3120 920 3201 δένδρα
947 3121 1058 3185 καὶ
1092 3117 1268 3204 φυτὰ
1311 3121 1421 3185 καὶ
1464 3120 1804 3203 σπέρματα
1840 3122 2288 3186 παιδευθέντα

269 3212 403 3282 ὑπὸ
425 3222 752 3300 γεωργίας
772 3223 1065 3296 τιθασως
1085 3217 1252 3301 πρὸς
1271 3214 1446 3303 ἡμᾶς
1476 3222 1643 3303 ἔσχε,
1687 3219 1846 3301 πρὶν
1882 3217 1954 3284 δὲ
1985 3242 2076 3301 ην
2112 3215 2287 3300 μόνα

267 3311 348 3381 τὰ
370 3339 509 3381 των
530 3310 784 3398 ἀγρίων
804 3316 987 3401 γένη,
1024 3316 1443 3403 πρεσβύτερα
1464 3341 1598 3383 των
1619 3313 1956 3401 ἡμέρων”
1916 3340 2096 3382 οντα.
2154 3321 2291 3381 πᾶν
2326 3341 2367 3392 n

270 3435 403 3496 γαρ
438 3435 589 3496 ουν,
631 3436 668 3477 ο
704 3415 774 3477 τί
798 3433 922 3495 περ
959 3438 1047 3480 αν
1071 3414 1361 3502 μετάσχῃ
1384 3421 1506 3482 τοῦ
1529 3419 1667 3500 ζῇν,
1716 3413 2053 3562 {mog-5211&
2094 3438 2180 3479 αν
2218 3415 2293 3480 έν
