2602 3928
844 228 1426 288 ΠΟΛΙΤΕΙΛΣ
1455 223 1527 287 α’.
2163 226 2206 290 8

190 392 366 454 ποίει
383 437 401 467 ,
446 383 614 454 ἀλλὰ
654 389 877 453 τοῖσδέ
911 411 983 452 τε
1023 400 1161 464 τοῖς
1207 392 1501 464 νεανίαις
1545 386 1812 466 ξύνισθι
1847 390 1957 456 καὶ
2002 392 2203 476 δεῦρο

190 481 351 570 παρ’
383 479 557 570 ἡμᾶς
591 491 788 568 φοίτα
824 481 915 562 ὡς
954 482 1134 566 παρὰ
1175 491 1417 570 φίλους
1449 509 1520 550 τε
1546 488 1657 552 καὶ
1685 488 1866 553 πάνυ
1899 492 2202 567 οἰκείους.

195 585 324 651 Καὶ
357 583 524 668 μήν,
564 574 653 668 ἦν
687 579 751 647 δ’
789 582 954 667 ἐγώ,
996 576 1049 651 ὦ
1071 585 1373 668 Κέφαλε,
1401 591 1609 673 χαίρω
1640 611 1718 670 γε
1739 587 2209 672 διαλεγόμενος

198 696 328 762 τοῖς
357 682 621 768 σφόδρα
656 682 1058 770 πρεσβύταις
1106 688 1291 751 δοκεῖ
1327 685 1456 769 γάρ
1490 709 1603 770 μοι
1622 693 1861 770 χρῆναι
1890 684 2050 771 παρ’
2081 683 2207 752 αὐ·
2234 703 2277 755 Ε

193 788 331 846 τῶν
351 779 865 865 πυνθάνεσθαι,
894 779 1117 863 ὥσπερ
1146 778 1297 848 τινὰ
1322 778 1488 848 ὁδὸν
1509 783 2098 868 προεληλυθότων,
2120 779 2209 869 ἢν

196 879 305 945 καὶ
332 874 503 964 ἡμᾶς
524 887 682 957 ἴσως
715 878 934 964 δεήσει
959 879 1406 964 πορεύεσθαι,
1438 886 1596 947 ποία
1623 886 1721 958 τίς
1741 883 1910 964 ἐστι,
1940 894 2207 965 τραχεῖα

195 976 305 1042 καὶ
324 974 607 1060 χαλεπή,
639 970 685 1060 ἢ
718 978 915 1063 ῥᾳδία
946 978 1055 1045 καὶ
1094 974 1411 1062 εὔπορος·
1457 978 1567 1044 καὶ
1601 974 1681 1064 δὴ
1716 979 1825 1045 καὶ
1852 987 1978 1044 σοῦ
2000 976 2209 1063 ἡδέως

195 1068 286 1139 ἄν
325 1078 702 1158 πυθοίμην,
732 1071 774 1143 3
815 1081 881 1141 τί
897 1093 1004 1141 σοι
1035 1081 1343 1159 φαίνεται
1374 1081 1605 1160 τοῦτο,
1644 1074 1867 1161 ἐπειδὴ
1910 1080 2208 1143 ἐνταῦθα

195 1167 322 1255 ἤδη
354 1168 417 1238 εἷ
442 1177 555 1257 τῆς
586 1169 933 1258 ἡλικίας,
909 1199 945 1240 ο
976 1169 1057 1258 δὴ
1079 1174 1184 1239 ἐπὶ
1206 1173 1458 1257 γήραος
1490 1171 1670 1262 οὐδῷ
1700 1174 1907 1258 φασὶν
1941 1171 2111 1240 εἶναι
2144 1175 2213 1239 ol

195 1273 492 1352 ποιηταί,
513 1267 802 1351 πότερον
821 1269 1113 1355 χαλεπὸν
1146 1277 1267 1336 τοῦ
1301 1265 1521 1356 βίου’
1476 1296 1519 1356 η
1549 1277 1689 1347 πῶς
1718 1266 1805 1336 σύ
1826 1268 1990 1336 αὐτὸ
2016 1273 2209 1355 ἐξαγ-

195 1367 462 1449 γε’λλεις.

366 1468 471 1530 ΠΙ.
508 1461 674 1549 Ἐγιό
694 1483 834 1549 σοι,
880 1469 1044 1549 ἔφη,
1087 1462 1171 1548 νὴ
1207 1461 1331 1530 τὸν
1362 1470 1497 1531 Δία
1535 1467 1700 1550 ἐρῶ,
1737 1492 1788 1532 ω
1825 1465 2204 1551 Σώκρατες,

200 1559 345 1632 οἶόν
376 1567 461 1649 γε’
487 1590 599 1682 μοι
641 1568 962 1648 φαίνεται.
1025 1564 1344 1642 πολλάκις
1373 1565 1504 1650 γὰρ
1538 1563 2000 1650 συνερχόμεθα
2025 1589 2202 1643 τινες
2218 1584 2325 1641 329

202 1669 295 1741 είς
320 1658 526 1729 ταύτὰ
546 1669 1014 1747 παραπλησίαν
1033 1659 1301 1749 ηλικίαν
1324 1668 1612 1747 ἔχοντες,
1637 1666 2064 1743 διασώζοντες
2083 1689 2207 1751 την

199 1758 490 1827 παλαιὰν
526 1766 906 1846 παροιμίαν.
958 1765 1026 1828 οἰ
1054 1753 1183 1827 οὖν
1216 1768 1509 1831 πλεῖστοι
1543 1756 1732 1845 ἡμῶν
1754 1759 2206 1847 ὀλοφύρονται

201 1859 569 1945 ξυνιόντες,
590 1857 709 1937 τὰς
733 1862 810 1927 ἐν
841 1865 923 1946 τῇ
956 1859 1216 1943 νεότητι
1237 1854 1488 1944 ἡδονὰς
1509 1868 1885 1940 ποθοῦντες
1904 1863 2015 1928 καὶ
2038 1859 2209 1927 ἀνα-

198 1956 725 2046 μιμνησκόμενοι
752 1963 912 2043 περί
937 1984 1006 2025 τε
1043 1954 1440 2043 τάφροδίσια
1473 1959 1583 2026 καὶ
1627 1960 1778 2042 περὶ
1817 1959 2065 2038 πότους
2094 1961 2204 2027 καὶ

199 2053 476 2141 εὐωχίας
501 2057 611 2123 καὶ
639 2052 787 2124 ἄλλ’
830 2054 991 2122 ἅττα
1027 2054 1069 2122 ἃ
1101 2064 1237 2123 τῶν
1263 2056 1588 2124 τοιούτων
1613 2063 1853 2145 ἔχεται,
1886 2061 1997 2127 καὶ
2037 2056 2207 2143 ἄγα-

198 2160 561 2224 νακτοῦσιν
580 2150 670 2232 ὥς
690 2154 999 2238 μεγάλων
1018 2162 1225 2221 τινῶν
1244 2152 1758 2241 ἀπεστερημένοι
1780 2159 1891 2240 καὶ
1910 2155 2060 2224 τότε
2081 2159 2207 2241 μὲν

201 2245 282 2321 εὖ
316 2256 582 2335 ζῶντες,
618 2259 750 2318 νῦν
779 2251 852 2320 δὲ·
880 2251 1039 2321 οὐδὲ
1067 2259 1336 2334 ζῶντες·
1366 2258 1535 2321 ἔνιοι
1563 2254 1636 2321 δὲ
1665 2255 1912 2333 καὶτὰς
1942 2261 2080 2321 τῶν
2103 2260 2206 2322 ol-
2232 2267 2275 2317 Β

197 2357 401 2419 κείων
436 2357 953 2437 προπηλακίσεις
976 2352 1343 2438 τοῦ’γήρως
1366 2348 1758 2438 ὀδύρονται,
1790 2354 1900 2419 καὶ
1919 2354 2026 2420 ἐπὶ
2043 2352 2205 2419 τού-

198 2473 292 2535 τῳ
337 2445 419 2533 δὴ
466 2445 540 2514 τὸ
583 2455 791 2534 γῆρας
829 2445 1165 2536 ὑμνοῦσιν
1204 2448 1387 2517 ὅσων
1426 2458 1656 2518 κακῶν
1697 2456 1929 2535 σφίσιν
1970 2458 2202 2517 αἴτιον.

196 2546 343 2631 ἐμοὶ
378 2546 450 2611 δὲ
489 2547 839 2631 δοκοῦσιν,
887 2539 943 2613 ὦ
972 2548 1357 2633 Σώκρατες,
1402 2539 1588 2613 οὗτοι
1620 2544 1705 2614 οὐ
1739 2545 1816 2614 τὸ
1855 2556 2070 2615 αἴτιον
2100 2551 2206 2614 al-

196 2650 490 2712 τιᾶσθαι.
537 2650 597 2712 εἰ
627 2644 756 2729 γὰρ
776 2638 862 2731 ἦν
881 2644 1064 2714 τοῦτ’
1090 2657 1338 2730 αἴτιον,
1378 2641 1509 2712 κόίυ
1539 2643 1667 2730 ἐγώ
1696 2642 1775 2712 τὰ
1805 2642 1974 2712 αὐτὰ
1998 2652 2206 2711 ταῦτα

196 2742 542 2829 ἐπεπόνθη
576 2743 774 2810 ἕνεκα
803 2770 877 2828 γε
900 2744 1125 2831 γήρως
1157 2746 1267 2811 καὶ
1311 2747 1379 2811 ol
1409 2742 1597 2811 ἄλλοι
1636 2742 1881 2821 ’πάντες
1912 2740 2060 2809 ὅσοι
2094 2743 2209 2808 ἐν-

197 2845 424 2908 ταῦθα
453 2832 674 2927 ἦλθον
700 2838 973 2927 ἡλικίας.
1031 2849 1164 2909 νῦν
1186 2840 1251 2909 δ’
1290 2848 1496 2928 ἔγωγε
1516 2840 1643 2929 ἤδη
1668 2839 2062 2926 ἐντετύχηκα
2083 2837 2210 2926 οὐχ

199 2937 416 3016 οὕτως
457 2944 679 3024 ἔχουσι
712 2943 821 3008 καὶ
853 2938 1080 3018 ἄλλοις
1121 2942 1232 3008 καὶ
1275 2940 1356 3027 δὴ
1394 2942 1506 3009 καὶ
1538 2947 1882 3026 Σοφοκλεῖ
1921 2941 2077 3005 ποτε
2110 2943 2205 3027 τῷ

199 3044 438 3123 ποιητῇ
480 3039 947 3125 παρεγενόμην
980 3041 1381 3159 ἐρωτωμένω
1428 3037 1564 3106 ὑπό
1605 3063 1785 3116 τινος
1823 3042 2011 3120 Πως,
2052 3042 2203 3123 ἔφη,

199 3161 255 3202 ω
273 3136 684 3223 Σοφόκλεις,
730 3144 895 3224 ἔχεις
925 3136 1089 3220 πρὸς
1123 3136 1554 3222 τᾶφροδίσιας
1595 3141 1690 3204 ἔτι
1710 3130 1847 3213 οἶός
1884 3161 1955 3202 τε
1984 3132 2042 3202 εἶ
2078 3161 2210 3220 γυ-
2234 3139 2275 3195 G

199 3239 373 3305 ναικὶ
399 3243 913 3321 συγγίγνεσθαις
945 3236 1117 3304 καὶ”
1076 3262 1151 3315 ος
1167 3288 1186 3322 ,
1221 3234 1560 3323 Εὐφήμει,
1590 3240 1717 3321 ἔφη
1733 3284 1754 3320 ,
1779 3260 1831 3300 ω
1851 3233 2205 3319 ἄνθρωπε·

199 3333 644 3422 ἀσμεναίτατα
678 3338 906 3422 μέντοι
940 3332 1103 3402 αὐτὸ
1144 3331 1532 3419 ἀπέφυγον,
1592 3332 1812 3415 ὥσπερ
1865 3331 2206 3402 λυττωντᾶ

196 3459 350 3502 τινα
382 3433 494 3503 καὶ
537 3432 776 3518 ἄγριον
815 3433 1147 3520 δεσπότην
1181 3430 1576 3518 ἀποφυγών.
1642 3423 1722 3498 εὖ
1763 3422 1899 3555 οὖν
1933 3456 2047 3518 μοι
2095 3436 2206 3500 καὶ

1826 3530 1845 3583 l
