2602 3928
384 247 505 311 116
1098 242 1674 305 ΠΛΑΤΩΝΟΣ

381 412 699 493 ζητοῦμεν
732 402 1141 489 δικαιοσύνη.
1185 402 1384 471 Πάνυ
1415 406 1537 488 μὲν
1571 393 1713 469 οὖν.
1767 409 1925 481 Παῖς
1967 395 2095 470 οὖν
2138 397 2225 469 ἂν
2268 402 2396 490 τὴν

384 502 813 589 δικαιοσύνην
841 501 1175 588 εὕροιμεν,
1204 504 1318 568 ἵνα
1339 502 1565 587 μηκέτι
1598 496 2220 587 πραγματευώμεθα
2242 502 2395 587 περὶ

382 599 855 688 σωφροσύνης;
906 597 1065 684 Ἐγὼ
1100 595 1222 683 μὲν
1257 601 1511 682 τοίνυν,
1546 602 1697 683 ἔφη,
1732 595 1888 664 οὔτε
1919 595 2068 664 οἶδα
2111 592 2262 666 οὔτ’
2305 593 2393 666 ἄν

379 704 745 787 βουλοίμην
767 694 932 764 αύτὸ
958 694 1287 782 πρότερον
1309 698 1625 780 φανῆναι,
1653 701 1835 781 εἴπερ
1864 695 2094 780 μηκέτι
2126 698 2393 762 ἐπισκε-

380 794 649 882 ψόμεθα
670 791 1122 881 σωφροσύνην
1138 818 1151 831 ·
1197 787 1346 859 ἄλλ’
1383 795 1445 859 εί
1474 795 1694 876 ἔμοιγε
1726 788 1957 877 βούλει
1988 796 2392 878 χαρίζεσθαι,

315 920 324 928 ·
382 892 614 961 σκόπει
638 890 965 980 πρότερον
986 897 1183 958 τοῦτο
1208 891 1487 957 ἐκείνου.
1532 887 1723 957 Ἀλλᾶ
1748 890 1994 976 μέντοι,
2028 882 2116 977 ἦν
2139 887 2201 957 δ’
2234 889 2389 976 ἐγώ,

303 1005 344 1054 Ε
378 989 712 1078 βούλομαί
738 1014 836 1073 γε,
870 992 932 1056 εί
957 986 1047 1074 μὴ
1090 984 1320 1054 ἀδικῶ.
1388 985 1642 1056 Σκόπει
1680 968 1784 1074 δή,
1824 991 1970 1074 ἔφη.
2028 989 2391 1071 Σκεπτέον,

382 1086 597 1156 εἷπον·
644 1084 835 1154 καὶ”
780 1110 870 1164 ως
888 1110 964 1170 γε
985 1087 1308 1153 ἐντεῦθεν
1346 1090 1532 1170 ἰδεῖν,
1570 1088 1920 1174 ξυμφωνίᾳ
1957 1087 2085 1152 τινὶ
2123 1080 2302 1156 καὶε
2266 1109 2393 1169 αρ-

288 1254 299 1263 ,
382 1189 581 1274 μονίᾳ
623 1185 970 1268 προσέοικε
1012 1190 1268 1269 μᾶλλον
1304 1210 1347 1269 η
1394 1181 1474 1250 τὰ
1518 1181 1863 1268 πρότερον.
1906 1191 2095 1264 Πως;
2103 1162 2396 1269 Κόσμος

384 1280 518 1349 πού
542 1306 658 1366 τις,
679 1305 766 1367 ην
793 1278 856 1347 δ’
885 1278 1092 1365 ένω,“
1056 1307 1099 1366 η
1122 1278 1529 1367 σωφροσύνη
1535 1281 1698 1348 ἐστὶ
1737 1281 1849 1348 καὶ
1881 1277 2152 1367 ἡδονων
2185 1286 2390 1347 τινῶν
2457 1281 2459 1283 ’

382 1380 493 1447 καὶ
516 1379 893 1464 έπιθυμιων
913 1377 1275 1466 ἐγκράτεια,
1315 1405 1404 1458 ως
1432 1396 1619 1465 φασι,
1652 1383 1923 1465 κρείττω
1946 1378 2026 1464 δὴ
2051 1375 2263 1446 αὑτοῦ
2283 1381 2395 1445 λέ-

382 1499 612 1561 γοντες
648 1472 773 1543 οὐκ
813 1473 941 1543 οἷδ’
982 1473 1212 1544 ὅντινα
1244 1475 1520 1565 τρόπον,
1562 1478 1672 1544 καὶ
1706 1474 1873 1543 ἄλλα
1917 1473 2080 1544 ἅττα
2121 1481 2395 1543 τοιαῦτα

386 1571 608 1659 ωσπερ
632 1581 779 1692 ἴχνη
801 1569 1005 1660 αὐτῆς
1026 1584 1359 1661 φαίνεται·
1383 1566 1428 1661 ἦ
1447 1572 1607 1659 γάρ;
1629 1572 1920 1642 Πάντων
1930 1572 2230 1661 μάλιστα,
2244 1577 2392 1659 ἔφη.

388 1670 664 1738 Οὐκοῦν
706 1667 781 1737 τὸ
817 1670 942 1756 μὲν
980 1675 1251 1759 κρείττω
1299 1669 1515 1739 αὑτοῦ
1553 1680 1844 1756 γελοῖον,
1890 1667 1926 1737 ὁ
1972 1668 2103 1759 γὰρ
2149 1672 2393 1739 ἑαυτοῦ

385 1772 702 1851 κρείττων
739 1771 850 1836 καὶ
886 1794 1109 1853 ηττων
1154 1767 1374 1855 δήπου
1418 1795 1506 1835 αν
1548 1764 1758 1835 αὑτοῦ
1804 1777 1903 1854 εἴη
1940 1769 2051 1835 καὶ
2094 1764 2131 1834 ὁ
2179 1764 2394 1854 ἥττων
2498 1764 2507 1771 ’

247 1887 348 1943 431
386 1873 728 1955 κρείττων·
774 1864 810 1933 ὁ
838 1864 1039 1945 αὐτὸς
1059 1864 1193 1953 γὰρ
1217 1864 1361 1935 έν”’
1312 1888 1520 1933 απασι
1540 1864 1795 1946 τούτοις
1799 1865 2390 1954 προσαγορεύεται.

391 1973 478 2034 Τί
493 1962 555 2034 δ’
581 1964 700 2047 οὕς
736 1961 938 2048 Ἀλλ’,
973 1955 1061 2049 ἦν
1098 1960 1160 2032 δ’
1210 1962 1362 2051 ἐγώ,
1398 1971 1708 2051 φαίνεταί
1737 1991 1850 2051 μοι
1881 1963 2250 2052 βούλεσθαι
2285 1967 2390 2032 λέ-

386 2089 532 2149 γειν
553 2055 750 2141 οὗτος
771 2058 808 2129 ὁ
836 2058 1052 2146 λόγος,
1080 2058 1170 2141 ὥς
1195 2087 1258 2129 τι
1277 2064 1355 2131 έν
1377 2061 1557 2153 αὐτῷ
1581 2071 1677 2155 τῷ
1709 2061 2054 2152 ἀνθρώπω
2090 2065 2239 2148 περὶ
2272 2060 2402 2150 τὴν·

387 2158 609 2248 ψυχὴν
629 2157 705 2227 τὸ
742 2158 866 2245 μὲν
895 2162 1154 2245 βέλτιον
1186 2164 1307 2246 ἔνι,
1341 2158 1414 2229 τὰ
1442 2158 1516 2229 δὲ
1549 2176 1791 2248 χεῖρον,
1815 2162 1926 2229 καὶ
1958 2158 2124 2242 ὅταν
2161 2160 2284 2247 μὲν
2318 2159 2389 2230 τὰ

177 2284 193 2294 ’
224 2275 255 2280 ”
388 2262 648 2346 βέλτιον
673 2257 872 2344 φύσει
906 2261 1030 2325 τοῦ
1061 2264 1359 2345 χείρονος
1394 2258 1700 2345 ἐγκρατὲς
1736 2252 1802 2347 ᾗ,
1835 2266 2031 2327 τοῦτο
2067 2264 2282 2346 λέγειν
2317 2257 2389 2327 τὰ

388 2360 658 2440 κρείττω
682 2353 893 2423 αὑτοῦ
908 2380 924 2396 ·
970 2358 1227 2424 ἐπαινεῖ
1238 2364 1411 2442 γοῦν
1427 2382 1442 2397 ·
1488 2356 1652 2426 ὅταν
1674 2358 1745 2427 δὲ
1768 2354 1901 2424 ὑπὸ
1923 2364 2175 2445 τροφῆς
2194 2366 2393 2444 κακῆς

387 2450 433 2538 ἤ
451 2477 633 2532 τινος
652 2449 910 2540 ὁμιλίας
929 2459 1237 2542 κρατηθῇ
1266 2450 1399 2523 ὑπὸ
1422 2455 1729 2542 πλήθους
1757 2462 1882 2522 τοῦ
1911 2461 2208 2543 χείρονος
2242 2473 2395 2542 σμι-

321 2582 361 2631 B
392 2549 715 2637 κρότερον
736 2547 811 2618 τὰ
839 2555 1098 2638 βέλτιον
1121 2551 1225 2634 ὅν,
1248 2558 1446 2620 τοῦτο
1470 2554 1544 2620 δὲ
1584 2550 1670 2631 ὡς
1701 2555 1775 2620 έν
1810 2550 2053 2621 ὀνείδει
2072 2557 2300 2639 ψέγειν
2327 2578 2397 2622 τε

391 2649 502 2717 καὶ
524 2657 750 2717 καλεῖν
772 2645 945 2735 ἥττω
968 2650 1213 2718 ἑαυτοῦ
1245 2653 1357 2719 καὶ
1386 2647 1763 2720 ἀκόλαστον
1796 2648 1916 2719 τὸν
1949 2648 2128 2718 οὕτω
2153 2656 2399 2719 διακεί-

392 2755 616 2833 μενον.
670 2748 805 2813 Καὶ
844 2743 974 2831 γὰρ
1013 2752 1248 2834 ἔοικεν,
1297 2753 1446 2835 ἔφη.
1505 2744 1864 2836 Ἀπόβλεπε
1906 2753 2156 2835 τοίνυν,
2202 2740 2290 2834 ἦν
2329 2748 2395 2816 δ’

393 2842 542 2929 ἐγώ,
571 2841 739 2932 πρὸς
760 2840 882 2931 τὴν
902 2847 1063 2913 νέαν
1083 2843 1242 2933 ἡμῖν
1275 2845 1494 2932 πόλιν,
1530 2849 1640 2916 καὶ
1675 2844 1978 2937 εὑρήσεις
2009 2850 2084 2915 ἐν
2118 2845 2286 2934 αὐτῇ
2323 2846 2396 2915 τό

393 2940 623 3029 ἕτερον
656 2942 915 3010 τούτων
947 2941 1133 3012 ἐνόν·
1193 2950 1467 3031 κρείττω
1500 2942 1630 3031 γὰρ
1650 2941 1862 3032 αὐτὴν
1897 2942 2100 3032 αὐτῆς
2133 2949 2399 3025 δικαίως

393 3036 626 3125 φήσεις
639 3042 1278 3127 προσαγορεύεσθαι,
1303 3052 1510 3129 εἴπερ,
1533 3069 1617 3110 ου
1638 3042 1712 3111 τὸ
1740 3068 2015 3130 αμεινον
2037 3050 2158 3111 τοῦ
2180 3050 2402 3130 χείρο-

392 3161 510 3215 νος
553 3161 759 3224 αρχει,
806 3144 1082 3227 σωφρον
1122 3144 1400 3227 κλητέον
1439 3142 1550 3208 καὶ
1591 3154 1890 3228 κρεῖττον
1929 3138 2156 3209 αὑτοῦ.
2223 3137 2397 3209 Ἀλλ’

394 3227 767 3321 ἀποβλέπω,
806 3238 954 3320 ἔφη,
995 3237 1106 3303 καὶ
1152 3230 1375 3323 ἀληθῆ
1408 3238 1631 3320 λέγεις.
1695 3237 1829 3303 Καὶ
1865 3234 1997 3322 μὴν
2030 3236 2141 3303 καὶ
2174 3232 2290 3314 τοὶς
2322 3261 2402 3319 γε

325 3354 363 3405 c
399 3329 646 3411 πολλὰς
666 3334 778 3401 καὶ
798 3332 1221 3414 παντοδαπὰς
1243 3338 1598 3421 ἐπιθυμίας
1621 3336 1731 3402 καὶ
1752 3330 1999 3421 ηδονάς
2027 3359 2096 3401 τε
2131 3334 2243 3402 καὶ
2276 3333 2404 3400 λύ-

393 3453 519 3509 πας
540 3431 613 3498 έν
633 3435 819 3500 παισὶ
837 3430 1185 3519 μάλιστα”
1140 3459 1227 3502 αν
1249 3460 1347 3511 τις
1370 3457 1555 3516 ευροι
1577 3432 1689 3500 καὶ
1709 3431 1968 3517 γυναιξὶ
1991 3433 2101 3500 καὶ
2124 3434 2405 3511 οἰκέταις
