2602 3928
957 196 1535 257 ΠΟΛΙΤΕΙΑΣ
1572 190 1633 255 ε’.
2179 193 2296 257 141

290 362 560 446 γυναικὶ
583 355 751 442 πρὸς
772 360 1097 442 διοίκησιν
1116 354 1404 434 πόλεως;
1449 353 1649 424 Πάνυ
1668 379 1763 439 γε.
1789 353 1931 421 Ἴθι
1953 355 2057 441 δή,
2082 352 2302 440 φήσο-

292 483 416 545 μεν
447 455 612 541 πρὸς
647 451 876 538 αὐτόν,
912 451 1315 536 άποκρίνου·
1360 444 1490 537 ἆρα
1524 449 1739 531 οὕτως
1781 455 1996 537 ἔλεγες
2027 453 2145 519 τὸν
2179 454 2302 539 μὲν

293 552 513 641 εὐφυῆ
550 552 717 638 πρός
750 579 812 619 τι
846 550 1035 634 εἶναι,
1071 546 1194 616 τὸν
1218 544 1350 616 δὲ’
1310 555 1517 633 αφυῆ,
1553 550 1627 616 ἐν
1660 574 1712 614 ω
1750 546 1787 616 6
1822 550 1946 635 μὲν
1977 552 2218 637 ῥᾳδίως
2243 577 2305 618 τι

293 651 652 739 μανθάνοι,
695 648 732 718 6
768 649 839 717 δὲ
870 654 1188 734 χαλεπῶς,
1200 647 1356 767 καὶ,
1373 643 1408 714 6
1446 645 1570 731 μὲν
1596 643 1729 713 άπὸ
1754 652 2059 732 βραχείας
2079 674 2170 734 μα
2225 648 2305 733 ή-

294 771 460 829 σεως
473 752 578 817 ἐπὶ
589 745 765 816 πολῦ
786 742 1120 833 εὑρετικὸς
1143 753 1243 831 εἴη
1266 735 1356 810 οὖ
1377 741 1697 829 ἔμαθεν,’
1663 769 1698 809 ο
1722 745 1794 811 δὲ
1816 752 2061 831 πολλῆς
2079 771 2170 831 μα
2228 745 2304 831 ή-

295 867 461 925 σεως
481 843 700 933 τυχὼν
719 846 832 912 καὶ
852 844 1123 930 μελέτης
1141 838 1293 926 μηδ’
1325 837 1368 907 ἁ
1357 840 1602 926 ’ἔμαθε
1624 840 1914 927 σώζοιτο,
1938 844 2048 910 καὶ
2067 850 2162 933 τῷ
2182 842 2307 927 μὲν

292 943 374 1013 τά
394 952 516 1013 τοῦ
540 944 839 1029 σώματος
859 945 1105 1019 ἱκανῶς
1126 937 1447 1026 ὑπηρετοῖ
1479 947 1559 1026 τῇ
1581 942 1861 1027 διανοίᾳ,
1885 947 1980 1028 τῷ
2001 940 2074 1008 δὲ
2106 944 2304 1008 ἐναν-
2343 945 2381 996 C

295 1057 531 1122 τιοῖτο,
574 1032 684 1128 ἆρ’
711 1038 861 1107 ἄλλ’
887 1038 1050 1106 ἅττα
1077 1032 1319 1105 ἑστὶν’“
1273 1064 1316 1122 η
1336 1044 1567 1122 ταῦτα,
1601 1032 1701 1116 οἷς
1734 1038 1853 1105 τὸν
1884 1035 2103 1125 εὐφυῆ
2141 1035 2306 1124 πρὸς

293 1143 539 1208 ἕκαστα
558 1134 810 1205 καὶτὸν
841 1134 929 1222 μὴ
966 1134 1235 1220 ὦρίζους
1282 1131 1543 1220 Οὐδείς,
1578 1126 1623 1219 ἦ
1654 1131 1714 1201 δ’
1755 1132 1850 1218 ὅς’,
1884 1132 2053 1202 άλλα
2089 1135 2303 1220 φήσει.

300 1237 522 1306 Οἷσθά
543 1263 606 1303 τι
628 1227 755 1301 οὖν
770 1231 900 1301 ὑπὸ
925 1230 1312 1318 ἀνθρώπων
1324 1231 1799 1317 μελετωμενον,
1815 1222 1966 1300 ἐν
1911 1258 1964 1320 φ
1987 1229 2069 1299 ού
2090 1232 2305 1299 πάντα

297 1343 508 1402 ταῦτα
538 1331 613 1401 τὸ
638 1339 776 1400 τῶν
809 1327 1079 1414 ἀνδρῶν
1109 1333 1301 1416 γένος
1338 1329 1787 1414 διαφερόντως
1819 1333 1947 1414 ἔχει
1980 1325 2024 1414 ἦ
2056 1327 2130 1397 τὸ
2170 1335 2306 1396 τῶν

295 1438 674 1518 γυναικῶν;
718 1425 764 1515 ἦ
783 1435 1304 1515 μακρολογῶμεν
1336 1428 1462 1513 τήν
1493 1452 1564 1494 τε
1595 1425 1973 1514 ὑφαντικὴν
2006 1429 2306 1513 λέγοντες

298 1530 408 1597 καὶ
428 1527 553 1615 τὴν
573 1536 708 1595 ταῖν
730 1527 1056 1595 ποπάνων
1076 1553 1146 1595 τε
1169 1528 1278 1595 καὶ
1303 1528 1652 1613 ἑψημάτων
1686 1533 2075 1613 θεραπείαν,
2113 1532 2186 1595 ἐν
2208 1522 2307 1605 οἷς

298 1627 382 1714 δή
402 1653 467 1693 τι
500 1630 689 1694 δοκεῖ
719 1622 793 1692 τὸ
837 1638 1217 1710 γυναικεῖον
1247 1628 1440 1709 γένος
1461 1623 1649 1710 εἶναι,
1686 1617 1773 1691 οὗ
1805 1626 1914 1692 καὶ
1945 1632 2309 1708 καταγελα-
2342 1644 2387 1694 D

300 1723 625 1790 στότατόν
655 1725 790 1790 ἐστι
833 1721 1104 1789 πάντων
1136 1720 1549 1808 ἡττώμενονς
1588 1721 1856 1807 Ἀληθῆ,
1892 1727 2042 1807 ἔφη,
2077 1728 2305 1807 λέγεις,

298 1820 402 1888 ὅτι
423 1818 597 1888 πολὺ
621 1832 951 1904 κρατεῖται
971 1824 1047 1888 ἐν
1069 1819 1317 1887 ἅπασιν
1340 1818 1430 1898 ὥς
1453 1826 1607 1897 ἔπος
1631 1825 1836 1887 εἰπεῖν
1866 1820 1940 1887 τὸ
1974 1820 2167 1905 γένος
2186 1826 2310 1886 τοῦ

299 1920 554 2003 γένους.
579 1930 887 2003 γυναῖκες
907 1921 1029 2004 μέν
1053 1944 1155 1987 τοι
1175 1920 1412 1987 πολλαὶ
1432 1921 1701 1987 πολλῶν
1721 1915 1991 2003 ἀνδρῶν
2011 1924 2310 2005 βελτίους

302 2022 399 2093 εἰς
414 2015 629 2083 πολλά
647 2041 662 2055 ·
704 2012 779 2084 τὸ
806 2015 878 2083 δὲ
899 2015 1062 2085 ὅλον
1086 2023 1214 2103 ἔχει
1237 2015 1323 2096 ὡς
1345 2015 1431 2084 σύ
1458 2013 1681 2101 λέγεις.
1711 2013 1932 2084 Ούδὲν
1952 2016 2083 2103 ἄρα
2105 2019 2303 2101 ἐστίν,

302 2106 358 2182 ὦ
381 2122 553 2200 φίλε,
578 2113 976 2200 ἐπιτήδευμα
989 2123 1123 2183 τῶν
1137 2114 1334 2184 πόλιν
1347 2115 1780 2183 διοικούντων
1802 2112 2117 2200 γυναικὸς
2139 2115 2309 2183 διότι

300 2211 497 2298 γυνή,
521 2206 672 2277 οὐδ’
697 2209 941 2292 ἀνδρὸς
966 2211 1132 2278 διότι
1154 2209 1348 2298 άνήρ,
1384 2208 1533 2280 ἀλλ’
1572 2208 1814 2298 ὁμοίως
1838 2214 2309 2299 διεσπαρμέναι

301 2313 376 2377 ac
397 2308 633 2395 φύσεις
667 2311 740 2376 ἐν
772 2304 1025 2394 ἀμφοῖν
1057 2323 1201 2376 τοῖν
1230 2310 1448 2395 ζώοιν,
1483 2310 1592 2377 καὶ
1627 2310 1900 2377 πάντων
1922 2309 2042 2395 μὲν
2063 2314 2311 2396 μετέχει

302 2403 473 2491 γυνὴ
522 2405 1056 2492 ἐπιτηδευμάτων
1088 2405 1252 2473 κατὰ
1289 2404 1519 2490 φύσιν,
1555 2406 1827 2474 πάντων
1864 2408 1935 2474 δὲ
1971 2402 2163 2493 ἀνήρ,
2209 2407 2313 2473 ἐπὶ
2347 2431 2387 2479 E

303 2511 466 2570 πᾶσι
486 2504 557 2570 δὲ
580 2499 1064 2589 ἀσθενέστερον
1084 2502 1258 2589 γυνὴ
1283 2501 1545 2588 ἀνδρός.
1591 2503 1792 2571 Πάνυ
1813 2529 1906 2588 γε.
1939 2496 2026 2572 Ἦ
2040 2497 2169 2572 οὖν
2189 2501 2312 2571 ἀν-

306 2599 500 2685 δράσι
534 2600 750 2668 πάντα
785 2602 1261 2687 προστάξομεν,
1294 2603 1562 2686 γυναικὶ
1596 2601 1670 2669 δὲ
1702 2599 1936 2685 οὐδέν;
1971 2606 2103 2670 Καὶ
2138 2611 2309 2684 πῶςς

299 2695 472 2767 Ἀλλ’
497 2702 634 2765 ἔστι
654 2697 808 2784 γάρ,
835 2696 1034 2785 οἶμαι,
1062 2697 1148 2777 ὡς
1169 2699 1493 2784 φήσομεν,
1530 2701 1641 2767 καὶ
1660 2698 1832 2786 γυνὴ
1856 2700 2134 2785 ἰατρική,
2169 2696 2211 2786 ἡ
2244 2698 2305 2767 δ’

306 2794 410 2879 οὔ,
436 2796 546 2863 καὶ
566 2796 875 2915 μουσικη,
911 2793 953 2880 ἡ
989 2793 1055 2863 δ’
1099 2796 1399 2882 ἄμουσος
1440 2795 1659 2880 φύσει.
1709 2803 1793 2865 Τί
1827 2797 1995 2885 μήν,
1977 2825 1994 2840 ·
2040 2803 2313 2883 Γυμνα-

305 2891 491 2978 στικὴ
530 2889 593 2959 δ’
624 2891 756 2976 άρα
778 2891 883 2978 ού,
904 2890 1060 2961 ουδὲ
1093 2891 1436 2988 πολεμική,
1456 2892 1498 2981 ἡ
1522 2895 1596 2963 δὲ
1614 2894 1943 2981 ἀπόλεμος
1963 2899 2073 2964 καὶ
2094 2893 2177 2963 ού
2199 2921 2317 2983 φι-
2346 2920 2451 2978 455

306 2992 830 3078 λογυμναστικής
875 2988 1077 3078 Οἶμαι
1108 2997 1334 3078 ἔγωγε.
1406 3000 1491 3061 Τί
1526 2996 1629 3074 δέ;
1676 2995 2047 3080 φιλόσοφός
2090 3019 2161 3062 τε
2204 3013 2315 3063 και

306 3088 705 3207 μισόσοφος·
740 3091 852 3156 καὶ
870 3090 1256 3176 θυμοειδής,
1278 3088 1319 3175 ἡ
1345 3087 1406 3157 δ’
1418 3070 1740 3212 αθύμοςς
1753 3090 1935 3157 Ἕστι
1957 3092 2066 3158 καὶ
2084 3098 2313 3160 ταῦτα.

290 3182 568 3253 Ἔστιν
537 3187 667 3271 άρα
689 3189 798 3255 καὶ
822 3184 1158 3273 φυλακικὴ
1181 3187 1377 3273 γυνή,
1398 3186 1440 3273 ἡ
1465 3185 1526 3257 δ’
1551 3187 1653 3256 οὔ.
1695 3183 1740 3274 ἦ
1763 3185 1846 3255 ού
1869 3188 2185 3275 τοιαύτην
2204 3192 2315 3256 καὶ

306 3309 442 3351 των
467 3279 738 3367 ἄνδρων
760 3308 896 3349 των
917 3292 1313 3369 φυλακικῶν
1337 3284 1543 3370 φύσιν
1565 3286 2034 3372 ἐξελεξάμεθα;
2066 3285 2332 3352 Τοιαύ-·

308 3406 426 3465 την
447 3379 571 3467 μὲν
591 3372 735 3447 οὖν.
778 3382 910 3449 Καὶ
929 3380 1250 3466 γυναικὸς
1267 3380 1401 3469 ἄρα
1423 3383 1533 3450 καὶ
1567 3381 1812 3466 ἀνδρὸς
1842 3379 1885 3467 ἡ
1919 3378 2087 3466 αὐτὴ
2113 3381 2315 3464 φύσις
