2602 3928
241 264 435 324 xxvnr
1075 248 1545 305 PRAEFATIO.

240 388 584 448 restituerem,
622 390 760 453 quod
784 386 1029 454 Stephani
1065 388 1297 454 exemplo
1331 389 1394 438 ab
1426 388 1661 438 omnibus
1699 389 1977 440 editoribus
2013 390 2257 440 omissum
2282 404 2388 442 me-

241 458 339 506 rito
370 458 479 522 jam
512 459 724 509 miratus
757 463 833 507 est
857 457 1104 508 Valcken.
1138 458 1208 507 ad
1237 456 1449 511 Theocr.
1479 457 1726 509 Adoniaz.
1762 473 1817 524 p.
1854 457 1974 511 259.
2012 456 2259 510 Nimirum
2293 474 2387 526 pro

241 530 683 590 interpretamento
715 534 910 576 tantum
939 525 1179 576 babuisse
1209 525 1473 586 videntur,
1510 540 1603 575 nec
1639 527 1874 577 codicum
1907 530 2206 578 auctoritate
2239 531 2291 578 in
2326 545 2389 580 ea

241 595 480 658 opinione
516 597 768 656 carebant,
804 610 1021 658 quorum
1050 594 1143 645 alii
1174 594 1312 643 idem
1346 603 1396 644 et
1427 596 1527 659 ipsi
1560 592 1855 662 omiserunt,
1892 596 1983 647 alii
2017 598 2084 646 ad
2116 597 2268 646 finem
2306 614 2387 648 re-

239 663 486 728 legarunt,
521 671 579 714 ut
611 664 770 719 Bekk.
808 663 856 713 Φ
870 700 885 726 ,
921 664 974 714 in
1010 677 1110 726 quo
1142 663 1209 712 ad
1244 665 1525 729 marginem
1550 667 1830 729 ascriptum
1862 666 2074 732 legitur:
2111 660 2258 729 ζήτει
2284 659 2389 724 τὰς

240 727 538 795 διαιρέσεις
565 724 630 783 ἐν
663 731 740 801 τῷ
773 725 914 782 τέλει
949 725 1338 780 τοῦτοιούτου
1374 724 1570 796 λόγουε
1607 740 1658 782 at
1695 735 1822 785 baec
1855 735 1970 799 ipsa
2003 735 2185 795 verba,
2225 750 2386 798 quan-

237 809 346 851 tum
382 803 617 865 equidem
653 803 818 852 sentio
834 839 849 862 ‚
898 802 1066 866 ipsius
1100 800 1259 852 libelli
1294 808 1492 866 partem
1523 802 1619 852 has
1655 798 1951 867 διαιρέσεις
1990 818 2103 853 esse
2140 805 2385 866 indicant,

239 871 396 933 idque
429 873 581 921 etiam
615 872 802 922 clarius
834 877 1075 935 apparet,
1113 871 1266 921 modo
1301 882 1367 920 ne
1403 885 1463 920 eo
1498 871 1640 932 loco,
1674 887 1825 936 quem
1861 873 1939 922 vel
1972 873 2027 921 in
2060 874 2243 938 priscis
2279 874 2387 924 edi-

238 940 461 989 tionibus
495 942 747 1001 obtinent,
785 946 901 988 ante
936 932 1041 988 τάν
1071 931 1175 1002 μὲν
1208 924 1292 987 ὦν
1325 937 1404 988 τῶ
1441 928 1553 988 ὅλω
1590 932 1812 1006 ψυχάν,
1850 942 1944 992 sed
1977 943 2066 990 ubi
2102 957 2199 1008 ego
2234 945 2386 1008 posui

239 1007 536 1059 inferantur.
610 1010 685 1059 Ita
720 1008 855 1058 enim
891 1007 975 1066 fit,
1020 1015 1077 1057 ut
1114 1007 1265 1058 simul
1306 1016 1355 1058 et
1390 1023 1619 1059 summae
1653 1011 1850 1061 iteratio
1864 1049 1879 1072 ‚
1924 1025 2055 1074 quae
2090 1012 2142 1061 in
2178 1010 2386 1077 vulgata

228 1078 456 1129 ..ectione
488 1093 698 1143 prorsus
735 1079 896 1128 otiosa
933 1084 1035 1141 est,
1070 1092 1244 1127 veram
1280 1092 1427 1126 suam
1465 1079 1566 1128 vim
1602 1087 1892 1145 recuperet,
1930 1093 2061 1143 quae
2097 1094 2198 1130 non
2236 1081 2288 1130 in
2326 1096 2387 1130 ea

237 1160 291 1194 re
339 1147 588 1209 cernitur,
626 1156 683 1198 ut
714 1146 1064 1212 praedicatum
1099 1146 1165 1196 ad
1199 1140 1496 1210 διαιρέσιες
1543 1148 1636 1207 sit,
1684 1149 1779 1198 sed
1813 1156 1869 1198 ut
1901 1156 2062 1198 totum
2098 1163 2384 1212 numerum,

240 1215 387 1278 cujus
422 1214 654 1282 singulae
690 1222 863 1281 partes
896 1229 991 1279 per
1024 1214 1340 1281 diagramma
1375 1216 1457 1265 dis
1496 1217 1657 1265 ositae
1688 1224 1805 1266 sunt
1821 1253 1835 1278 ‚
1875 1218 2138 1268 subductis
2176 1218 2386 1268 calculis

239 1284 657 1348 comprehendat;
705 1284 1056 1334 antecedentia
1103 1291 1273 1334 autem
1318 1280 1412 1333 ταὶ
1455 1230 1519 1334 δὲ
1568 1277 1864 1350 διαιρέσιες
1907 1271 2074 1339 αὗται
2113 1277 2227 1335 ἐντὶ
2262 1289 2386 1353 ipsi,

240 1353 378 1414 quod
424 1354 678 1416 sequitur,
728 1353 1082 1418 diagrammati
1116 1354 1253 1405 viam
1287 1355 1539 1404 muniunt.
1587 1378 1655 1391 -—
1701 1357 1757 1405 P.
1796 1353 1867 1407 96
1900 1354 1938 1405 G
1972 1347 2241 1405 ἁπάντων
2286 1371 2381 1421 pro

239 1414 470 1470 πάντων
513 1437 581 1473 ex
613 1421 769 1478 ,ΞΙΜ
810 1422 1071 1481 revocavi,
1116 1437 1341 1486 moxque
1376 1437 1493 1473 mea
1540 1425 1829 1488 conjectura
1874 1415 1980 1474 τᾶν
2025 1417 2172 1473 καθ’
2205 1416 2383 1485 ἅπαν,

241 1489 378 1552 quod
420 1499 536 1556 post
581 1483 702 1556 ἄγει
749 1485 937 1540 πάντα
985 1492 1124 1541 omni
1168 1494 1221 1542 vi
1265 1500 1428 1555 caret,
1478 1494 1532 1540 in
1574 1485 1681 1541 τάν
1725 1483 1871 1541 καθ’
1901 1485 2118 1559 ἁμέραν
2164 1497 2384 1556 mutavi3

238 1574 290 1623 p.
329 1557 397 1609 97
431 1567 601 1610 autem
635 1575 737 1612 non
771 1561 936 1610 solum
972 1559 1049 1609 τῶ
1077 1552 1216 1610 ἁλίω
1252 1576 1368 1611 curn
1402 1558 1564 1616 fflM
1594 1563 1898 1626 ejiciendum
1933 1577 2047 1614 esse
2082 1563 2385 1629 significavi,

239 1628 335 1678 sed
369 1631 643 1691 eorundem
660 1631 912 1695 ,vestigiis
948 1631 1212 1696 ingressus
1248 1639 1299 1680 et
1330 1623 1814 1696 περικαταλοὲψιας
1846 1647 1940 1697 pro
1976 1625 2385 1697 περικαταλοὲμ-

238 1702 379 1759 ψιας
418 1708 466 1747 et
499 1687 567 1754 ἃς
599 1715 694 1765 pro
736 1686 804 1747 ὃν
844 1688 1147 1762 ἐκόσμησεν
1183 1700 1446 1759 revocavi,
1485 1700 1705 1763 denique
1740 1690 1918 1759 οὕτως
1950 1710 2070 1768 post
2103 1693 2385 1766 ἔγεννάθη

239 1766 398 1816 solius
445 1769 482 1816 I
522 1768 622 1819 fide
671 1784 702 1818 a
734 1767 892 1823 Bekk.
936 1768 1248 1819 eliminatum
1295 1770 1523 1833 restitui,
1574 1771 1695 1833 quia
1738 1770 1866 1821 nihil
1914 1773 2079 1822 obstat
2115 1772 2386 1834 quominus

241 1849 459 1897 sequens
495 1832 569 1894 ὥς
605 1838 759 1888 etiam
795 1838 945 1900 quasi
989 1852 1033 1886 s.
1071 1837 1208 1888 velut
1241 1829 1596 1903 παράδειγμα
1631 1839 1897 1904 significet.
1937 1841 2235 1903 Quanquam
2260 1840 2387 1891 baec

238 1904 433 1955 leviora
453 1914 595 1966 sunt;
617 1908 826 1974 gravius
848 1904 1083 1973 corrupta
1107 1921 1161 1972 p.
1189 1906 1257 1958 97
1277 1907 1340 1969 D,
1374 1909 1463 1958 ubi
1492 1922 1593 1957 non
1629 1895 1776 1973 οἷρος
1809 1916 2004 1959 tantum
2041 1925 2107 1960 ex
2138 1909 2383 1964 Valcken.

240 1975 450 2040 conject.
481 1977 618 2042 apud
647 1976 915 2027 Gelderum
943 1991 1034 2041 pro
1066 1967 1203 2040 ὅρος
1225 1979 1423 2042 recepi,
1452 1979 1544 2028 sed
1576 1992 1638 2027 ne
1664 1971 1874 2042 ἁμέρας
1897 1979 2102 2042 quidem
2129 1981 2384 2046 integrum

240 2058 353 2092 esse
385 2045 600 2094 arbitror
615 2083 630 2109 ,
665 2060 759 2110 pro
793 2061 892 2108 quo
930 2057 1093 2108 quum·
1121 2047 1301 2111 optimi
1344 2046 1461 2097 libri
1496 2036 1632 2110 οἷγὸς
1665 2046 1914 2109 habeant,
1959 2038 2132 2112 αὐγᾶς
2162 2050 2384 2100 scriben-

241 2113 363 2161 dum
405 2113 562 2163 fuisse
608 2129 720 2164 sero
765 2113 1015 2173 intellexi;
1064 2117 1220 2165 immo
1253 2131 1376 2165 mox.
1410 2131 1611 2179 quoque
1644 2131 1737 2166 nec
1775 2117 1912 2180 quod
1956 2116 2107 2183 vulgo
2143 2118 2387 2168 edebatur

240 2172 315 2237 ὥς
353 2173 813 2248 περιγραφόμενα
842 2198 936 2233 nec
972 2185 1113 2247 quod
1148 2186 1201 2233 in
1235 2183 1379 2235 libris
1411 2183 1650 2249 plurimis
1687 2194 1763 2235 est
1799 2179 2268 2251 περιγραφόμεθα
2300 2200 2385 2236 sa-

240 2266 361 2300 num
397 2261 530 2318 erat,
568 2253 661 2302 sed
694 2241 768 2310 ὃς
795 2251 922 2318 (hoc
953 2258 1030 2301 est
1061 2241 1186 2315 οὓς)
1219 2245 1641 2317 περιγράψομεν
1679 2255 1839 2314 edidi,
1875 2258 1959 2305 cui
1993 2269 2149 2319 quum
2185 2257 2317 2306 forte
2347 2269 2386 2304 α

238 2320 571 2387 adhaesisset,
612 2323 888 2373 deteriores
925 2335 1125 2384 quoque
1157 2322 1276 2373 libri
1304 2325 1535 2385 quamvis
1566 2323 1769 2374 soloeca
1804 2326 2177 2375 constructione
2204 2326 2388 2375 verba-

239 2389 338 2437 lem
371 2389 548 2440 saltem
584 2392 691 2441 vim
727 2392 1057 2446 retinuerunt.
1094 2416 1162 2428 -—
1195 2392 1254 2440 P.
1295 2390 1364 2442 97
1396 2392 1438 2440 Ε
1467 2389 1580 2440 τῶν
1610 2382 1790 2442 ἄλλων
1822 2408 1852 2443 a
1880 2393 2040 2447 Bekk.
2082 2394 2286 2443 demum
2320 2408 2386 2444 ex

242 2456 384 2509 §Bo
415 2467 531 2524 post
576 2452 736 2528 βάσις
776 2461 1023 2509 insertum
1071 2475 1185 2509 cum
1231 2459 1445 2510 Geldero
1494 2476 1669 2511 rursus
1718 2464 1874 2526 ejeci,
1927 2464 2205 2525 eodemque
2253 2463 2385 2513 duce

239 2542 292 2591 p.
319 2525 389 2578 98
424 2523 476 2577 ΒΔ
501 2526 930 2592 συν-τεθειμένον
955 2542 1053 2610 pro
1088 2523 1519 2593 συντνθέμενον,
1555 2544 1609 2595 p.
1628 2530 1697 2581 98
1730 2532 1772 2580 E
1803 2529 1879 2579 τῶ
1912 2523 2123 2587 παντὸς
2196 2546 2252 2580 ro
2284 2528 2386 2579 τοῦ

240 2588 480 2661 παντός,
528 2614 583 2665 p.
617 2597 687 2649 99
724 2599 765 2647 B
801 2596 978 2646 πολλα
1014 2594 1169 2648 εἴδεα
1201 2591 1313 2663 ἔχει
1355 2614 1450 2665 pro
1487 2595 1656 2663 ἴσχει,
1704 2615 1758 2666 p.
1798 2600 1867 2651 99
1910 2600 1949 2650 G
1992 2591 2153 2668 μόλιβ
2190 2614 2254 2656 ος
2290 2615 2383 2666 pro

239 2657 378 2727 μόλυ
413 2663 513 2723 δος
545 2667 746 2732 recepi,
780 2675 991 2729 quorum
1022 2670 1110 2730 qui
1140 2669 1464 2718 auctoritates
1498 2671 1740 2731 requiret,
1781 2670 1919 2734 apud
1952 2670 2096 2720 illum
2127 2670 2350 2721 inveniet
2365 2683 2381 2729 ς

239 2749 293 2800 p.
435 2736 476 2785 E
523 2744 692 2786 autem
731 2743 901 2785 vetere
947 2735 1292 2802 dittographia
1335 2736 1528 2798 oblata,
1574 2738 1711 2788 unde
1751 2738 1893 2803 vulg.
1941 2735 2167 2805 ἵδρυται
2210 2733 2381 2802 μένον

240 2805 489 2871 originem
521 2806 682 2870 cepit,
723 2796 1027 2868 ἱδρυμένον
1062 2821 1176 2856 cum
1214 2805 1288 2856 M
1321 2821 1474 2870 quam
1506 2802 1730 2870 ἵδρυται
1768 2822 1882 2856 cum
1924 2808 2135 2895 reliquis
2164 2815 2221 2857 ut
2250 2807 2386 2857 diffi-

240 2873 386 2923 cilius
423 2876 644 2924 scribere
676 2874 860 2936 malui,
897 2887 992 2923 nec
1029 2889 1084 2939 p.
1129 2875 1223 2926 101
1256 2875 1305 2924 A
1340 2876 1443 2925 leni
1479 2877 1756 2926 mutatione
1788 2866 1851 2925 ἐν
1887 2866 1948 2925 δ’
1978 2892 2050 2927 αυ
2081 2893 2173 2942 pro
2210 2867 2271 2925 ἐν
2308 2861 2386 2923 αὖ

241 2942 490 3002 abstinui,
526 2958 626 3006 qua
655 2957 816 2993 nexus
846 2958 964 2994 cum
994 2945 1405 2995 antecedentibus
1428 2946 1735 3006 restituitur,
1763 2959 2052 3008 quanquam
2079 2959 2215 2995 nunc
2242 2944 2388 2998 haud

240 3013 349 3062 scio
384 3027 449 3061 an
484 3012 653 3076 ipsum
689 3003 977 3068 αὕτούτοις
1007 3026 1102 3076 pro
1139 3013 1274 3079 vulg.
1315 3004 1533 3070 τούτοις
1564 3013 1958 3079 dittographiam
1992 3016 2261 3076 contineat,
2293 3029 2383 3064 ve·-

241 3095 397 3143 raque
422 3080 572 3130 lectio
592 3073 670 3142 ,ἓν
699 3071 757 3129 τ’
777 3074 970 3138 αὐτοῖς
1005 3083 1177 3145 potius
1213 3082 1446 3133 habenda
1484 3084 1566 3132 sit.
1591 3108 1661 3119 --
1685 3084 1743 3135 P.
1776 3083 1876 3135 102
1906 3083 1947 3133 Β
1985 3080 2181 3140 δίοδος
2214 3077 2384 3131 πνεύ-

239 3163 370 3212 ματι
411 3137 449 3212 ἢ
487 3147 672 3218 τροφᾷ
712 3146 1042 3200 διαδιδῶται
1079 3151 1123 3200 H
1159 3166 1273 3200 cum
1312 3150 1544 3211 Geldero,
1586 3151 1688 3201 nisi
1720 3152 1858 3215 quod
1888 3152 1952 3218 is,
1985 3154 2230 3203 incertum
2267 3165 2384 3201 con-

239 3218 372 3268 sulto
410 3233 475 3268 an
509 3234 697 3278 errore,
731 3227 864 3270 certe
891 3227 1064 3271 contra
1091 3219 1233 3283 ipsos
1263 3235 1387 3270 suos
1420 3221 1653 3280 codices,
1689 3211 1876 3284 τροφὰ
1912 3222 2147 3280 retinuit;
2186 3217 2384 3277 δίοδος

237 3273 279 3353 ᾖ
315 3281 590 3350 πνεύματι
629 3277 668 3349 ἢ
714 3280 898 3353 τροφοὶ
937 3279 1015 3351 μὴ
1053 3283 1376 3337 διαδίδοται
1422 3289 1603 3351 reliqui
1652 3288 1870 3339 editores
1885 3307 1899 3350 ;
1914 3329 1925 3340 .
1947 3299 1999 3340 at
2039 3277 2077 3354 ἢ
2111 3298 2160 3339 et
2196 3283 2384 3352 τροφὰ

239 3371 512 3421 paucorum
528 3383 557 3422 ‚-
589 3352 665 3420 μὴ
702 3358 808 3408 fere
841 3357 1096 3407 nullorum
1133 3357 1368 3407 codicum
1403 3358 1503 3409 fide
1539 3358 1741 3418 nititur,
1779 3373 1874 3409 nec
1914 3359 2012 3409 nisi
2049 3354 2384 3408 διαδιδῶται

241 3425 445 3489 ingenio
477 3423 679 3478 Gelderi
711 3428 938 3490 debetur,
973 3427 1111 3488 quod
1142 3434 1311 3477 tamen
1341 3426 1422 3478 vel
1452 3429 1505 3477 in
1534 3426 1675 3491 vulg.
1709 3427 1826 3479 lect.
1861 3428 2182 3493 praecedenti
2216 3425 2288 3478 αἴ
2310 3440 2386 3476 κα
