2602 3928
366 205 493 269 306
1107 205 1685 267 ΠΛΑΤΩΝΟΣ

368 367 804 454 λαμβάνοντι·
852 363 1198 451 ἀπαλλαγὴ
1232 364 1364 450 γάρ
1400 361 1486 439 ἄν
1510 375 1611 451 εἴη
1634 373 1891 435 κακῶν·
1936 362 2106 435 ἀλλὰ
2138 372 2401 450 μᾶλλον

371 463 553 552 οἶμαι
599 462 812 550 αὐτὴν
865 463 1294 551 φανήσεσθαι
1335 470 1475 532 πᾶν
1513 460 1912 550 τούναντίου
1952 460 2113 542 τοὺς
2154 459 2405 541 ’ἄλλους

293 581 334 629 E
370 561 890 648 ἀποκτιννῦσαν,
934 572 1119 645 εἴπερ
1143 555 1294 629 οἷόν
1313 585 1408 648 τε,
1438 558 1557 628 τὸν
1583 557 1649 627 δ’
1687 564 1925 646 ἔχοντα
1942 561 2054 631 καὶ
2077 559 2255 646 μάλα
2276 565 2407 640 ζω-

367 663 559 729 τικὸν
578 663 1022 746 παρέχουσαν,
1046 661 1156 728 καὶ
1180 658 1349 746 πρός
1370 657 1443 743 γ’
1476 663 1573 751 ἔτι
1605 666 1700 748 τῷ
1730 663 1978 746 ζωτικῷ
2015 657 2370 745 ἄγρυπνον
2387 683 2402 697 ·

370 759 548 828 οὕτω
590 759 825 845 πόρρω
868 783 1023 844 που,
1069 754 1157 836 ὥς
1192 762 1432 842 ἔοικεν,
1478 757 1833 844 ἐσκήνηται
1867 765 1990 826 τοῦ
2025 755 2404 842 θανάσιμος

370 856 557 925 εἶναι.
602 863 865 943 Καλῶς,
890 849 978 942 ἦν
1001 854 1067 923 δ’
1092 855 1245 941 ἐγώ,
1277 859 1505 941 λέγεις.
1553 853 1753 923 ὁπότε
1785 852 1915 940 γὰρ
1954 854 2035 942 δὴ
2070 852 2158 941 μὴ
2197 851 2396 937 ἱκανὴ

369 956 417 1043 ἥ
436 982 516 1042 γε
540 961 751 1025 οἰκεία
772 961 1060 1041 πονηρία
1081 955 1193 1022 καὶ
1231 951 1305 1020 τὸ
1343 960 1592 1027 οἰκεῖον
1626 951 1844 1023 κακὰν
1874 951 2263 1023 ἀποκτεῖναι
2288 953 2402 1018 καὶ

369 1053 690 1125 ἀπολέσαι
712 1053 955 1139 ψυχήν,
980 1059 1180 1139 σχολῇ
1202 1051 1282 1121 τό
1303 1077 1379 1137 γε
1402 1049 1506 1121 ἐπ’
1536 1049 1746 1121 ἄλλου
1784 1047 2047 1138 ὀλέθρῳ
2082 1052 2400 1135 τεταγμέ-

365 1179 491 1221 νον
517 1154 728 1221 κακὸν
749 1149 973 1237 ψυχὴν
994 1149 1038 1237 ἤ
1061 1177 1123 1217 τι
1143 1147 1312 1223 ἄλλο
1337 1149 1592 1238 ἀπολεῖ,
1631 1147 1807 1235 πλὴν
1838 1146 1947 1234 ἐφ’
1988 1140 2047 1236 ᾦ
2078 1151 2399 1217 τέτακται.

364 1258 592 1337 Σχολῇ
624 1248 717 1339 γ’,
754 1254 905 1335 ἔφη,
944 1247 1031 1328 ὥς
1058 1275 1135 1334 γε
1163 1249 1238 1319 τὸ
1276 1248 1469 1327 εἰκός.
1520 1245 1797 1317 Οὐκοῦν
1831 1244 2031 1316 ὁπότε
2065 1243 2219 1333 μηδ’
2268 1242 2396 1330 ὑφ’

227 1364 332 1418 611
370 1348 524 1427 ἑνὸς
534 1347 904 1417 ἀπόλλυται
918 1355 1152 1433 κακοῦ,
1175 1348 1338 1435 μήτε
1359 1352 1611 1417 οἰκείου
1623 1342 2175 1434 μήτεάλλοτρίον,
2192 1348 2400 1431 δῆλον

370 1444 473 1515 ὅτι
511 1444 769 1532 ἀνάγκη
819 1444 986 1513 αὐτὰ
1031 1442 1211 1514 ἀεὶ”
1173 1472 1254 1517 ον
1299 1443 1488 1533 εἶναι,
1530 1451 1592 1514 εί
1631 1443 1696 1515 δ’
1731 1442 1901 1513 ἀεὶ’
1876 1444 1982 1529 όν,
2025 1442 2397 1513 ἀθάνατον.

362 1542 667 1633 Ἀνάγκη,
704 1549 849 1631 ἔφη

538 1646 642 1711 xl.
695 1648 909 1709 Τοῦτο
932 1643 1055 1726 μὲν
1076 1647 1336 1726 τοίνυν,
1356 1634 1447 1726 ἦν
1479 1639 1547 1708 δ’
1574 1641 1728 1726 ἐγώ,
1754 1637 1967 1718 οὕτως
1989 1642 2210 1758 ἐχέτω·
2250 1642 2310 1707 εἰ
2330 1637 2398 1705 δ’

369 1746 520 1828 ἔχει,
545 1744 812 1823 ἐννοεῖς,
848 1738 951 1807 ὅτι
984 1737 1088 1807 ἀεὶ
1123 1767 1211 1808 αν
1247 1739 1383 1811 εἷεν
1417 1744 1493 1807 αἰ
1524 1737 1738 1809 αὐταί.
1784 1736 1941 1807 οὔτε
1973 1736 2105 1825 γὰρ
2138 1735 2224 1807 ἄν
2264 1759 2401 1803 που

369 1841 682 1917 ἐλάττους
703 1841 1006 1924 γένοιντο
1035 1843 1357 1925 μηδεμιᾶς
1379 1838 1859 1924 ἀπολλυμένης,
1897 1835 2053 1905 ου’τε
2089 1862 2178 1903 αυ
2212 1840 2401 1903 πλεί-

369 1967 515 2019 ους·
563 1943 625 2005 εἰ
642 1934 772 2023 γὰρ
795 1933 1025 2005 ὁτιοῦν
1046 1943 1183 2004 τῶν
1218 1934 1585 2006 ἀθανάτων
1617 1937 1823 2005 πλέον
1854 1943 2170 2056 γίγνοιτο,
2208 1929 2396 2001 οἷσθ’

369 2040 473 2108 ὅτι
513 2039 587 2102 ἐκ
619 2043 742 2102 τοῦ
776 2041 1038 2120 θνητοῦ
1066 2060 1155 2102 αν
1188 2042 1480 2120 γίγνοιτο
1517 2037 1630 2105 καὶ
1665 2034 1883 2102 πάντα
1908 2031 1995 2101 ἀν
2030 2042 2132 2119 εἴη
2164 2040 2395 2100 τελευ-

370 2160 589 2204 τωντα
612 2131 939 2202 ἀθάνατα.
996 2130 1253 2254 ’Λληθῆ
1286 2136 1512 2218 λέγεις.
1574 2129 1749 2200 ’Λλλ’
1753 2181 1774 2218 ,
1809 2121 1897 2217 ἦν
1930 2127 1993 2197 δ’
2037 2129 2188 2215 ἐγώ,
2229 2129 2397 2216 μήτε

294 2251 329 2299 Β
372 2240 570 2304 τοῦτο
619 2230 939 2316 οἰώμεθα,
985 2227 1021 2298 ὁ
1060 2231 1188 2316 γὰρ
1233 2232 1433 2317 λόγος
1468 2230 1593 2298 οὐκ
1624 2229 1837 2315 ἐάσει,
1872 2229 2035 2315 μήτε
2065 2253 2143 2313 γε
2186 2230 2274 2294 αὐ
2313 2231 2398 2314 τῇ

374 2327 800 2416 ἀληθεστάτῃ
841 2328 1044 2413 φύσει
1088 2338 1396 2398 τοιοῦτον
1435 2327 1604 2396 εἶναι
1640 2328 1897 2413 ψυχήν,
1938 2324 2108 2393 ω’στε
2151 2333 2402 2411 πολλῆς

375 2433 704 2506 ποικιλίας
725 2429 840 2496 καὶ
869 2423 1347 2514 ἀνομοιότητός
1375 2453 1447 2494 τε
1477 2428 1587 2494 καὶ
1617 2431 1946 2511 διαφορᾶς
1971 2426 2199 2511 γέμειν
2235 2422 2401 2491 αὐτὰ

376 2522 544 2611 πρὸς
591 2523 776 2593 αὑτό.
859 2532 1020 2603 Παῖς
1063 2527 1305 2610 λέγεις;
1349 2530 1498 2611 ἔφη.
1552 2521 1656 2593 Οὐ
1701 2521 1958 2612 ῥᾴδιον,
2000 2515 2090 2609 ἦν
2138 2520 2199 2589 δ’
2249 2521 2401 2609 ἐγώ,

375 2623 595 2694 ἀΐδιον
634 2624 802 2695 εἶναι
833 2624 1172 2694 σύνθετόν
1212 2653 1283 2698 τε
1318 2630 1390 2695 ἐκ
1432 2632 1703 2693 πολλῶν
1728 2627 1840 2691 καὶ
1872 2622 1960 2709 μὴ
1983 2631 2066 2711 τῇ
2086 2629 2404 2710 καλλίστῃ

372 2727 782 2813 κεχρημένον
803 2729 1143 2811 συνθέσει,
1171 2725 1259 2807 τὸς
1290 2736 1425 2795 νῦν
1452 2723 1613 2813 ἡμῖν
1646 2723 1858 2811 ἐφάνη
1893 2721 1936 2810 ἡ
1970 2725 2164 2810 ψυχή.
2216 2724 2404 2792 Οὔκ-

249 2829 252 2832 ‘
372 2850 499 2891 ουν
525 2823 697 2902 εἰκός
717 2849 811 2909 γε.
840 2820 985 2892 Ὅτι
1002 2824 1126 2909 μὲν
1146 2829 1379 2891 τοίνυν
1413 2820 1764 2891 ἀθάνατον
1792 2819 1992 2908 ψυχή,
2033 2822 2141 2889 καὶ
2177 2819 2213 2887 ὁ
2248 2846 2402 2904 αρτι

370 2922 566 3008 λόγος
590 2923 702 2990 καὶ
724 2926 793 2989 οἱ
809 2921 999 2989 άλλοι
1019 2918 1472 3006 ἀναγκάσειαν
1504 2921 1621 2988 άν·
1666 2916 1812 2989 οἷον
1845 2917 1910 2986 δ’
1951 2921 2087 2987 ἐστὶ
2114 2928 2197 3006 τῇ
2232 2918 2402 3005 ἀλη-

300 3036 338 3087 C
376 3027 555 3108 θείᾳ,
578 3017 664 3087 οὐ
684 3021 1147 3106 λελωβημένον
1170 3024 1277 3087 δεῖ
1289 3018 1452 3087 αυτὸ
1477 3021 1868 3088 θεάσασθαι
1887 3014 2026 3085 υπό
2047 3043 2118 3084 τε
2140 3026 2254 3103 τῆς
2276 3043 2405 3086 του

372 3116 677 3203 σώματος
713 3124 1064 3195 κοινωνίας
1101 3120 1211 3186 καὶ
1248 3116 1474 3186 άλλων
1507 3126 1757 3202 κακῶν,
1797 3114 2020 3199 ωσπερ
2053 3142 2187 3184 νυν
2217 3112 2404 3202 ἡμεῖς

374 3215 720 3300 θεώμεθα,
746 3212 894 3283 ἀλλ’
937 3210 1084 3283 οἶόν
1120 3219 1257 3283 ἐστι
1287 3214 1603 3300 καθαρὸν
1634 3214 2057 3301 γιγνόμενον,
2093 3239 2405 3281 τοιουτου

374 3317 619 3392 ἱκανῶς
658 3320 951 3404 λογισμῷ
982 3318 1393 3401 διαθεατέον,
1426 3316 1538 3383 καὶ
1568 3312 1744 3382 πολὺ
1771 3311 2048 3382 κάλλιον
2082 3309 2244 3379 αὐτὰ
2282 3309 2401 3380 εὑ·-

376 3412 559 3497 ρήσει
601 3414 711 3481 καὶ
743 3415 1221 3500 ἐναργέστερον
1258 3411 1684 3491 δικαιοσύνας
1716 3437 1789 3479 τε
1820 3412 1932 3480 καὶ
1965 3409 2221 3491 ἀδικίας
2254 3410 2395 3480 διό·

2576 594 2598 717 1
