2602 3928
362 211 486 280 128
1090 214 1300 273 HAA
1321 197 1676 272 ΤΩΝοΣ·

363 378 700 463 ποιμένων
721 372 990 452 πόλεως.
1034 378 1274 450 Καλῶς
1293 371 1449 491 γάρ,
1470 363 1559 457 ἧν
1583 367 1653 437 δ’
1678 370 1830 456 ἐγώ,
1859 383 2037 450 νοεῖς
2060 366 2096 438 6
2085 369 2371 458 βούλο-

293 496 335 546 E
367 502 485 562 μαι
525 476 761 559 λέγειν.
806 468 957 538 ἀλλ’
997 464 1044 556 ἦ
1085 466 1253 554 πρὸς
1291 467 1507 557 τούτῳ
1546 468 1657 535 καὶ
1704 469 1858 536 τόδε
1899 472 2213 555 ἐνθυμεῖ;
2276 463 2367 535 T6

365 587 589 650 ποῖον;
612 569 755 639 Ὅτι
774 561 1237 637 τοῦναντίον’“
1192 592 1235 651 η
1273 563 1512 651 ἀρτίως
1536 562 1696 651 ἡμῖν
1730 572 2035 650 φαίνεται
2068 567 2219 650 περὶ
2246 573 2371 633 τοῦ

361 672 784 755 θυμοειδοῦς.
824 663 974 733 τότε
998 663 1122 750 μὲν
1142 660 1270 747 γὰρ
1294 661 1779 748 ἐπιθυμητικόν
1810 687 1874 730 τι
1907 661 2069 731 αὐτὸ
2097 662 2371 753 ωόμεθα

363 766 552 849 εἶναι,
572 772 705 833 νῦν
729 762 800 831 δὲ
833 767 1088 829 πολλοῦ
1108 762 1251 826 δεῖν
1271 760 1513 845 φαμέν,
1536 755 1705 843 ἀλλά
1729 757 1903 829 πολὺ
1925 769 2180 848 μᾶλλον
2205 758 2368 829 αὐτὸ

362 868 437 932 ἐν
457 870 541 950 τῇ
559 869 675 948 τῆς
697 865 912 944 ψυχῆς
931 856 1156 925 στάσει
1175 862 1491 924 τίθεσθαι
1512 856 1591 924 τὰ
1617 855 1791 926 ὅπλα
1824 857 1991 943 πρὸς
2026 866 2149 927 τοῦ
2183 869 2370 944 λογι-

361 966 612 1029 στικοῦ.
664 954 1126 1039 Παντάπασιν,
1150 959 1297 1040 ἔφη.
1348 946 1492 1042 Αρ’
1528 947 1657 1021 οὖν
1689 956 1919 1042 ἕτερον
1953 951 2035 1024 ὃν
2066 958 2176 1024 καὶ
2209 956 2372 1024 τού-

359 1084 503 1142 του,
534 1051 580 1142 ἦ
614 1059 996 1138 λογιστικοῦ
1027 1078 1090 1119 τι
1122 1050 1313 1138 εἶδος,
1356 1049 1524 1120 ωστε
1557 1051 1645 1140 μὴ
1669 1060 1829 1139 τρία
1862 1054 2029 1124 άλλα
2067 1056 2191 1123 δύο
2228 1058 2367 1140 εἴδη

361 1154 530 1224 εἶναι
554 1156 630 1221 ἐν
652 1158 849 1239 ψυχῇ,
877 1148 1257 1236 λογιστικὸν
1289 1154 1401 1217 καὶ
1437 1150 1951 1237 ἐπιθυμητικόνς
1992 1150 2035 1239 ἢ
2063 1151 2369 1237 καθάπερ

220 1275 325 1330 441
363 1255 435 1321 ἐν
456 1250 750 1340 τῇπόλει
771 1253 1065 1335 ξυνεῖχεν
1100 1244 1313 1333 αὐτὴν
1349 1253 1501 1335 τρία
1536 1246 1699 1317 ὄντα
1731 1254 1915 1337 γένη,
1953 1268 2372 1339 χρηματιστι-

362 1350 508 1435 κόν,
531 1345 1055 1434 ἐπικουρητικόν,
1068 1346 1525 1433 βουλευτικόν,
1542 1345 1720 1415 οὕτω
1732 1349 1843 1415 καὶ
1866 1351 1939 1416 ἐν
1955 1356 2134 1436 ψυχῇ
2144 1354 2370 1432 τρίτον

359 1446 559 1518 τοῦτό
582 1450 717 1516 ἐστι
732 1444 807 1514 τὸ
830 1448 1204 1532 θυμοειδές,
1219 1448 1579 1531 ἐπίκουρον
1591 1440 1778 1536 ὂντῷ
1790 1453 2137 1536 λογιστικῷ
2148 1445 2371 1531 φύσει,

363 1545 483 1616 ἐὰν
507 1541 595 1632 μὴ
622 1541 754 1613 ὑπὸ
781 1552 987 1630 κακῆς
1005 1552 1259 1631 τροφῆς
1282 1548 1663 1662 διαφθαρῇ,
1648 1573 1661 1586 ·
1703 1543 2006 1630 Ἀνάγκη,
2047 1549 2196 1630 ἔφη,
2229 1549 2373 1631 τρί-

358 1671 499 1714 τον.
542 1648 701 1728 Ναί,
725 1633 812 1728 ἦν
836 1638 899 1708 δ’
928 1639 1147 1726 ἐγοό,”
1102 1667 1189 1709 αν
1211 1667 1289 1725 γε
1311 1647 1433 1708 τοῦ
1452 1650 1834 1726 λογιστικοῦ
1867 1642 2029 1710 αλλο
2064 1666 2129 1710 τι
2165 1647 2370 1727 φανῇ,

360 1743 583 1831 ωσπερ
603 1749 726 1810 τοῦ
748 1743 1238 1826 ἐπιθυμητικοῦ
1263 1740 1553 1826 ἐφάνη”
1515 1766 1744 1826 ετερον
1768 1739 1868 1808 ὅν.
1921 1736 2093 1808 Ἀλλ’
2133 1736 2218 1807 οὐ
2250 1765 2369 1826 χα-

356 1842 586 1927 λεπόν,
611 1846 761 1926 ἔφη,
790 1845 1102 1925 φανῆναι.
1165 1840 1275 1905 καὶ
1309 1836 1442 1924 γὰρ
1476 1841 1552 1906 ἐν
1582 1852 1720 1918 τοῖς
1749 1842 2033 1917 παιδίοις
2066 1837 2267 1905 τοῦτό
2299 1827 2370 1922 γ’

360 1941 446 2011 ἄν
465 1968 562 2019 τις
602 1943 755 2025 ἴδοι,
796 1934 902 2004 ὅτι
937 1942 1170 2021 θυμοῦ
1212 1934 1336 2021 μὲν
1369 1933 1582 2016 εὐθυς
1614 1935 1941 2026 γενόμενα
1976 1935 2180 2024 μεστά
2215 1937 2371 2021 ἐστι,

284 2061 325 2111 Β
361 2045 684 2126 λογισμοῦ
705 2033 768 2103 δ’
794 2039 960 2101 ἔνιοι
978 2031 1103 2118 μὲν
1124 2038 1343 2120 ἔμοιγε
1367 2039 1683 2103 δοκοῦσιν
1704 2033 2021 2107 οὐδέποτε
2040 2042 2372 2123 μεταλαμ-

356 2139 614 2226 βάνειν,
652 2137 720 2203 οἰ
751 2134 825 2199 δὲ
859 2133 1093 2201 πολλοὶ
1128 2129 1258 2212 ὀψέ
1287 2156 1464 2201 ποτε.
1523 2136 1661 2202 Ναὶ
1693 2132 1785 2219 μὰ
1818 2131 1960 2218 Δί’,
1993 2126 2086 2220 ἦν
2118 2130 2179 2202 δ’
2218 2129 2368 2219 ἐγώ,

357 2242 578 2313 καλῶς
599 2258 676 2318 γε
695 2228 885 2309 εἶπες.
941 2236 1037 2298 ἔτι
1060 2228 1131 2298 δὲ
1154 2235 1227 2297 ἐν
1249 2245 1387 2311 τοῖς
1412 2239 1676 2318 θηρίοις
1697 2230 1784 2299 ἄν
1805 2255 1902 2309 τις
1925 2235 2056 2300 ἴδοι
2078 2228 2118 2297 ὅ
2136 2231 2368 2316 λέγεις,

358 2333 462 2402 ὅτι
485 2330 698 2410 οὕτως
718 2334 864 2416 ἔχει.
912 2329 1079 2418 πρὸς
1103 2333 1175 2397 δὲ
1194 2328 1455 2409 τούτοις
1475 2332 1585 2397 καὶ
1607 2327 1647 2398 ὃ
1683 2330 1823 2398 ἅνω
1853 2354 1985 2398 που
2019 2331 2158 2398 ἐκεῖ
2185 2338 2357 2398 εἴπω

355 2457 500 2519 μεν,
522 2427 597 2498 τὸ
619 2436 743 2497 τοῦ
761 2424 1056 2515 Ὁμήρου
1088 2428 1515 2515 μαρτυρήσει,
1544 2427 1618 2496 τό

528 2535 777 2612 στῆθος
795 2525 868 2593 δὲ
890 2527 1140 2612 πλήξας
1161 2531 1448 2614 κραδίην
1465 2526 1751 2614 ἠνίπαπε
1773 2527 1973 2617 μύθῳ
1988 2553 2001 2566 ·

356 2631 655 2694 ἐνταῦθα
675 2621 805 2711 γὰρ
830 2622 911 2709 δὴ
936 2631 1167 2710 σαφῶς
1201 2621 1289 2704 ὥς
1321 2626 1552 2713 ἕτερον
1584 2625 1785 2713 ἑτέρῳ
1819 2627 2215 2712 ἐπιπλῆττον
2248 2648 2355 2693 πε·

281 2752 320 2804 c
359 2719 929 2811 ποίηκενὍμηρος
949 2722 1023 2790 τὸ
1039 2718 1613 2809 ἀναλογισάμενον
1627 2725 1776 2808 περὶ
1794 2729 1916 2790 τοῦ
1940 2721 2277 2809 βελτίονός
2295 2747 2367 2791 τε

353 2824 467 2890 καὶ
506 2828 803 2906 χείρονος
857 2827 953 2909 τῷ
995 2818 1356 2906 ἀλογίστως
1398 2822 1829 2912 θυμουμένῳ.
1887 2825 2170 2908 Κομιδῇ,
2216 2827 2366 2906 ἔφη,

355 2914 581 3005 ὀρθῶς
606 2919 832 3003 λέγεις.

520 3022 672 3086 XVI.
741 3025 960 3085 Ταῦτα
982 3021 1106 3104 μὲν
1134 3018 1286 3105 ἄρα,
1313 3012 1401 3105 ἦν
1435 3016 1497 3087 δ’
1534 3020 1686 3106 ἐγώ,
1721 3019 1912 3107 μόγις
1936 3021 2370 3089 διανενεύκα-

352 3143 498 3203 μεν,
522 3119 631 3184 καὶ
651 3114 808 3203 ἡμῖν
831 3120 1130 3197 ἐπιεικῶς
1151 3114 1586 3204 ὁμολογεῖται,
1611 3116 1692 3186 τὰ
1717 3114 1885 3186 αὐτοὶ
1914 3121 2039 3205 μὲν
2060 3120 2133 3186 ἐν
2155 3116 2365 3204 πόλει,

351 3213 430 3280 τὰ
455 3211 626 3282 αὐτοὶ
651 3212 713 3282 δ’
745 3217 820 3283 ἐν
840 3211 989 3294 ἑνός
1012 3215 1298 3284 ἑκάστου
1330 3223 1413 3303 τῇ
1436 3225 1617 3305 ψυχῇ
1636 3220 1796 3304 γένη
1832 3220 2077 3287 ἐνεῖναι
2107 3217 2216 3284 καὶ
2252 3225 2365 3285 ἴσα

351 3312 470 3379 τόν
492 3308 805 3400 ἀριθμόν.
830 3311 1013 3381 ’Ἐστι
1033 3321 1284 3386 ταῦτα..
1313 3310 1593 3383 Οὐκοῦν
1626 3314 1843 3382 ἐκεῖνό
1876 3340 1954 3401 γε
1984 3311 2113 3401 ἤδη
2151 3311 2364 3400 ἄναγ-

352 3421 564 3495 κατον,
589 3407 679 3490 ὥς
705 3412 895 3491 πόλις
924 3405 1010 3497 ἦν
1031 3410 1211 3499 σοφὴ
1231 3415 1339 3481 καὶ
1363 3403 1438 3502 ᾦ,
1464 3412 1640 3482 οὕτω
1663 3416 1777 3482 καὶ
1807 3410 1928 3481 τὸν
1952 3411 2226 3498 ἰδιώτην
2250 3414 2364 3480 καὶ
