2602 3928
397 204 520 266 324
806 296 810 300 ,
1087 206 1660 268 ΠΛΑΤΩΝΟΣ
2372 218 2409 271 6

394 389 548 449 που,
584 370 966 435 παντάπασί
987 393 1065 452 γε
1098 367 1233 453 μὴν
1265 365 1580 452 ἀληθοῦς,
1621 365 1708 443 ὥς
1742 365 1776 432 ὁ
1804 374 1940 434 τῶν
1977 365 2137 434 ἑπτά
2171 367 2401 453 σοφῶ-

327 483 368 532 Ε
396 489 586 543 τατος
617 466 859 533 Σόλων
901 463 1045 532 ποτ’
1086 471 1233 550 ἔφη.
1272 459 1362 550 ἦν
1405 465 1527 549 μὲν
1560 459 1686 530 οὖν
1730 470 1965 544 οἰκεῖος
1996 467 2108 533 καὶ
2143 466 2407 551 σφόδρα

395 571 586 648 φίλος
624 562 782 649 ἡμῖν
825 567 1189 648 Δρωπίδου
1226 568 1350 630 τοῦ
1393 563 1831 651 προπάππου,
1874 564 2184 648 καθάπερ
2230 566 2406 649 λέγει

393 671 727 748 πολλαχοῦ
760 666 873 731 καὶ
894 659 1095 739 αὐτὸς
1117 663 1190 726 ἑν
1210 668 1292 748 τῇ
1315 662 1602 748 ποιήσει·
1647 662 1814 749 πρὸς
1850 662 1924 731 δὲ
1955 669 2237 748 Κριτίαν
2268 686 2405 729 που

392 758 515 827 τὸν
530 759 850 847 ἡμέτερον
876 759 1149 828 πάππον
1174 757 1376 845 εἶπεν,
1418 757 1504 838 ῶς
1537 759 2082 849 ἀπεμνημόνευεν
2117 753 2207 828 αὖ
2237 760 2407 848 πρὸς

392 854 564 943 ἡμᾶς
591 856 628 925 ὁ
648 862 884 946 γέρων,
909 857 1011 925 ὅτι
1031 855 1282 942 μεγάλα
1303 858 1414 925 καὶ
1441 862 1795 945 θαυμαστὰ
1816 856 2005 946 τῆσδ’
2034 869 2134 945 εἰη
2155 853 2401 926 παλαιοὶ

395 958 555 1039 ἔργα
580 964 694 1042 τῆς
717 957 971 1033 πόλεως
989 952 1123 1022 ὑπὸ
1145 955 1400 1040 χρόνου
1421 958 1532 1023 καὶ
1543 964 1810 1043 φθορᾶς
1823 954 2404 1042 ἄνθρώπωνήφα-

393 1055 690 1139 νισμένα,
738 1051 1011 1120 πάντων
1043 1051 1115 1119 δὲ
1151 1055 1227 1120 ἓν
1266 1057 1595 1138 μέγιστον,
1639 1045 1722 1121 οὗ
1763 1062 1895 1121 νῦν
1936 1057 2402 1140 έπιμνησθεῖσι

290 1160 358 1213 21
395 1153 648 1234 πρέπον
670 1146 758 1217 ἂν
776 1147 934 1237 ἡμῖν
958 1159 1058 1235 εἴη
1081 1156 1195 1217 σοί
1206 1174 1277 1217 τε
1298 1149 1671 1219 ἀποδοῦναι
1702 1152 1898 1238 χάριν
1933 1152 2044 1219 καὶ
2073 1151 2197 1237 τὴν
2230 1149 2403 1219 θεὸν

392 1246 527 1333 ἅμα
580 1251 656 1316 έν
695 1258 776 1336 τῇ
815 1247 1184 1335 πανηγύρει
1234 1253 1503 1329 δικαίως
1543 1277 1615 1317 τε
1655 1254 1765 1318 καὶ
1814 1249 2084 1335 άληθῶς
2125 1245 2400 1339 οἷόνπερ
2464 1289 2468 1292 <

396 1342 777 1430 ὑμνοῦντας
800 1344 1242 1432 ἐγκωμιάζειν.

561 1449 709 1510 ΣΩ.
753 1435 858 1510 Ευ
878 1450 1102 1529 λέγεις.
1136 1441 1306 1513 ἀλλὰ
1332 1444 1411 1530 δὴ
1437 1458 1633 1514 ποῖον
1668 1450 1865 1531 ἔργον
1899 1451 2094 1512 τοῦτο
2127 1448 2400 1529 Κριτίας

396 1537 480 1606 οὐ
501 1541 862 1625 λεγόμενον
894 1544 1038 1627 μέν,
1084 1539 1174 1620 ὥς
1207 1542 1279 1610 δὲ
1312 1543 1611 1629 πραχθὲν
1645 1541 1855 1622 ὅντως
1889 1540 2019 1609 ὑπὸ
2060 1545 2259 1627 τῆσδε
2283 1547 2401 1626 τῆς

394 1636 645 1716 πόλεως
665 1633 936 1724 ἀρχαῖον
959 1643 1241 1725 διηγεῖτο
1262 1637 1431 1707 κατὰ
1454 1641 1580 1727 τὴν
1600 1641 1917 1718 Σόλωνος
1940 1638 2179 1723 άκοήν;

560 1740 661 1802 111.
716 1742 850 1804 KP.
914 1733 1074 1821 Ἐκγῶ
1119 1736 1360 1822 φράσω
1402 1736 1684 1807 παλαιὸν
1725 1734 2028 1823 άκηκοῶς
2069 1734 2274 1820 λόγον
2314 1730 2397 1800 ού

391 1835 550 1898 νέου
578 1830 843 1919 ἀνδρός.
877 1824 968 1918 ἦν
990 1833 1113 1921 μὲν
1131 1830 1263 1917 γάρ
1286 1829 1367 1919 δὴ
1391 1833 1538 1901 τότε
1563 1839 1852 1919 Κριτίας,
1879 1829 1967 1911 ὥς
1988 1837 2135 1918 ἔφη,
2161 1827 2399 1916 σχεδὸν

323 1949 364 1999 Β
394 1927 590 2016 ἐγγὺς
607 1929 735 2048 ᾔδη
757 1935 894 1997 τῶν
916 1928 1317 2016 ἐνενήκοντα
1341 1932 1528 2016 ἐτῶν,
1552 1929 1680 2015 ἐγῶ
1703 1932 1779 1998 δέ
1795 1954 1889 2017 πῃ
1910 1928 2192 2015 μάλιστα
2215 1929 2401 1995 δεκέ-

392 2052 545 2111 της·
590 2025 632 2113 ἡ
658 2028 731 2096 δὲ
747 2036 1132 2113 ’Κουρεῶτις
1160 2025 1319 2114 ἡμῖν
1347 2020 1517 2096 οὖσα
1550 2029 1904 2114 ἐτύγχανεν
1931 2024 2398 2109 Ἀπατουρίων.

395 2229 650 2289 παισίν·
711 2216 891 2291 ἆθλα
943 2220 1074 2307 γάρ
1115 2219 1274 2308 ἡμῖν
1319 2227 1388 2291 oc
1436 2227 1709 2310 πατέρες
1752 2230 2001 2291 ἔθεσαν
2045 2223 2395 2308 ῥαψῳδίας.

397 2328 663 2390 πολλῶν
685 2322 807 2445 μὲν
827 2347 956 2390 ουν
979 2321 1059 2408 δὴ
1084 2321 1429 2393 καὶπολλὰ
1452 2325 1688 2409 ἐλέχθη
1723 2329 2016 2440 ποιητῶν
2047 2320 2394 2407 ποιήματα,

395 2418 512 2486 άτε
535 2417 607 2486 δὲ
625 2421 744 2488 νέα
765 2447 888 2487 κατ
895 2418 1189 2488 ’ἐκεῖνον
1211 2419 1334 2488 τὸν
1351 2420 1598 2508 χρόνον
1614 2420 1776 2489 ὄντα
1797 2417 1878 2488 τά
1902 2418 2218 2497 Σόλωνος
2239 2426 2404 2486 πολ-

394 2520 499 2585 λοὶ
525 2525 661 2585 τῶν
684 2522 941 2586 παίδων
962 2518 1235 2605 ᾔσαμεν.
1272 2517 1457 2586 εἶπεν
1477 2544 1606 2585 ουν
1628 2511 1711 2603 δή
1734 2544 1832 2597 τις
1862 2525 1998 2585 τῶν
2031 2520 2402 2603 φρατέρων,

395 2624 523 2682 εἴτε
545 2612 627 2700 δὴ
661 2618 910 2682 δοκοῦν
942 2614 1125 2705 αὐτῶ
1156 2615 1309 2682 τότε
1342 2624 1469 2684 εἴτε
1502 2617 1611 2682 καὶ
1635 2615 1832 2733 χάριν
1856 2639 2006 2683 τινα
2039 2620 2131 2680 τῶ
2163 2617 2403 2701 Κριτία

328 2732 366 2781 o
395 2714 642 2799 φέρων,
681 2717 902 2779 δοκεῖν
934 2717 1004 2780 οἰ
1037 2713 1120 2780 τά
1157 2738 1229 2783 τε
1268 2712 1437 2780 ἄλλα
1470 2711 1862 2797 σοφώτατον
1892 2713 2240 2795 γεγονέναι
2264 2708 2406 2776 Σό-

392 2819 573 2878 λωνα
594 2812 703 2877 καὶ
725 2807 891 2877 κατὰ
912 2808 1036 2896 τὴν
1057 2816 1324 2896 ποίησιν
1346 2803 1437 2877 αὖ
1453 2818 1591 2878 τῶν
1609 2816 1903 2896 ποιητῶν
1924 2806 2195 2875 πάντων
2216 2811 2406 2874 ἐλευ-

391 2904 815 2987 θεριώτατον.
840 2903 877 2974 ὁ
901 2906 980 2993 δὴ
1002 2909 1240 2993 γέρων,
1264 2906 1531 2993 σφόδρα
1550 2904 1678 2992 γὰρ
1703 2899 1831 2975 οὖν
1851 2907 2203 2991 μέμνημαι,
2227 2903 2408 2988 μάλα

396 3027 463 3068 τε
493 3001 673 3088 ἥσθη
716 3005 826 3072 καὶ
865 3004 1317 3090 διαμειδιάσας
1356 3003 1536 3072 εἶπεν
1552 3030 1566 3043 ·
1622 3012 1714 3071 Εἴ
1735 3029 1834 3088 γε,
1872 2994 1926 3070 ὦ
1969 2999 2405 3087 Ἀμύνανδρε,

395 3097 484 3187 μὴ
509 3103 815 3189 παρέργῳ
834 3109 916 3187 τῇ
938 3102 1196 3188 ποιήσει
1214 3102 1678 3188 κατεχρήσατο,
1701 3098 1845 3169 ἀλλ’
1874 3098 2268 3167 ἐσπουδάκει
2281 3124 2405 3165 κα-

395 3198 617 3280 θάπερ
641 3196 850 3282 ἄλλοι,
872 3197 990 3265 τόν
1010 3226 1083 3266 τε
1100 3200 1325 3285 λόγον,
1350 3198 1432 3268 ὃν
1458 3196 1576 3266 άπῖ
1611 3198 1960 3283 Αἰγύπτου
1983 3200 2182 3282 δεῦρο
2203 3192 2410 3281 ἠνέγ·

396 3318 579 3376 κατο,
627 3290 970 3361 ἀπετέλεσε
1013 3297 1124 3362 καὶ
1163 3294 1252 3381 μὴ
1298 3293 1406 3363 διά
1449 3293 1564 3373 τὰς
1605 3295 1866 3373 στάσεις
1898 3291 2029 3361 ὑπὸ
2072 3299 2299 3359 κακῶν
2331 3316 2408 3358 τε

397 3390 638 3476 ἄλλων,
662 3389 787 3459 ὅσα
806 3384 1005 3477 εὗρεν
1026 3394 1272 3462 ἐνθάδε
1293 3392 1502 3480 ἥκων,
1516 3392 1915 3480 ἠναγκάσθη
1937 3397 2404 3479 καταμελῆσαι,

2583 1820 2598 2046 -—.—n-⁴-
