2602 3928
902 234 1488 294 ΠΟΛΙΤΕΙΑΣ
1522 257 1594 311 y.
2158 228 2230 293 81

234 394 558 462 Γλαύκων
592 396 1012 480 ἐπιγελάσας,
1065 391 1225 478 Ἐγώ
1269 400 1536 477 τοίνυν,
1583 399 1745 479 ἔφη,
1783 386 1837 461 ὦ
1871 391 2242 476 Σώκρατες,

232 491 606 560 κινδυνεύω
649 493 833 571 ἐκτὸς
870 500 1009 560 τῶν
1051 491 1326 558 πάντων
1361 489 1548 557 εἶναι·
1600 489 1856 559 οὔκουν
1886 495 2127 569 ἱκανῶς
2168 514 2244 575 γε

233 594 356 674 ἔχω
378 592 453 656 ἐν
470 597 567 679 τῷ
583 589 863 675 παρόντι
887 591 1360 675 ξυμβαλέσθαι,
1375 584 1509 654 ποῖ’
1522 587 1683 655 ἅττα
1706 592 1810 654 δεῖ
1826 584 1998 673 ἡμᾶς
2008 590 2245 672 λέγειν,

234 682 591 754 ὑποπτεύω
621 689 861 773 μέντοι.
948 686 1232 763 Πάντως
1265 686 1518 771 δήπου,
1564 679 1652 771 ἦν
1675 685 1740 752 δ’
1773 684 1929 769 ἐγώ,
1975 693 2241 770 πρῶτον

234 786 356 868 μὲν
373 782 530 851 τόδε
553 787 797 862 ἱκανῶς
825 789 990 869 ἔχεις
1014 785 1229 867 λέγειν
1247 832 1264 864 ,
1296 781 1399 849 ὅτι
1429 783 1503 849 τὸ
1543 782 1737 867 μέλος
1771 783 1843 849 ἐκ
1882 789 2087 869 τριῶν
2116 784 2250 851 ἐστὶ
2288 797 2328 846 D

238 886 695 967 συγκείμενον,
722 880 927 966 λόγου
960 904 1030 947 τε
1060 880 1173 945 καὶ
1206 876 1528 964 ἁρμονίας
1556 881 1666 946 καὶ
1697 881 1988 965 ῥυθμοῦ.
2077 885 2246 964 Ναί,

235 984 392 1064 ἔφη,
414 980 612 1046 τοῦτό
632 1005 726 1064 γε.
789 974 1064 1046 Οὐκοῦν
1088 975 1255 1044 ὅσον
1276 1002 1351 1062 γε
1376 975 1586 1044 αὐτοῦ
1609 975 1805 1062 λόγος
1827 980 2026 1061 ἐστίν,
2051 976 2250 1046 οὐδὲν

236 1075 453 1162 δήπου
490 1080 785 1162 διαφέρει
811 1083 935 1142 τοῦ
962 1072 1050 1161 μὴ
1079 1070 1412 1161 ᾀδομένου
1448 1072 1655 1159 λόγου
1678 1073 1844 1162 πρὸς
1883 1072 1957 1141 τὸ
2001 1077 2074 1141 ἐν
2112 1088 2249 1154 τοῖς

236 1172 460 1253 αὐτοῖς
481 1178 621 1241 δεῖν
640 1171 875 1251 τύποις
893 1174 1203 1257 λέγεσθαι
1227 1166 1324 1249 οἷς
1354 1169 1505 1257 ἀρτι
1541 1177 1943 1258 προείπομεν
1976 1173 2087 1239 καὶ
2126 1167 2248 1250 ὡς·

237 1270 487 1352 αύτωςς
527 1269 772 1357 Ἀληθῆ
787 1322 805 1353 ,
840 1275 986 1357 ἔφη.
1044 1272 1174 1337 Καὶ
1196 1267 1328 1356 μὴν
1349 1270 1472 1356 τήν
1494 1295 1569 1353 γε
1590 1266 1920 1355 ἁρμονίαν
1939 1273 2048 1336 καὶ
2071 1271 2249 1355 ῥυθ-

237 1365 370 1454 μόν
409 1365 814 1435 ἀκολουθεῖν
862 1372 968 1434 δεῖ
995 1376 1087 1457 τῷ
1109 1368 1304 1457 λόγῳ.
1393 1375 1547 1446 Παῖς
1574 1365 1635 1435 δ’
1664 1367 1781 1450 οὕς
1809 1364 1999 1435 Ἀλλά
2025 1368 2245 1453 μέντοι

236 1465 520 1550 θρήνων
551 1491 621 1532 τε
656 1468 766 1534 καὶ
798 1461 1114 1550 ὀδυρμῶν
1146 1469 1401 1550 ἔφαμεν
1443 1467 1516 1532 ἐν
1561 1463 1783 1550 λόγοις
1803 1461 2005 1532 οὐδὲν
2046 1489 2247 1551 προς-

238 1560 519 1629 δετσθαι.
609 1559 714 1630 Θύ
736 1558 866 1649 γὰρ
889 1555 1033 1629 οὖν.
1128 1567 1319 1640 Τίνες
1338 1554 1464 1628 οὖν
1503 1560 1875 1648 θρηνώδεις
1903 1562 2247 1648 ἁρμονίαις
2283 1577 2325 1627 Ε

237 1663 387 1744 λέγε
409 1684 521 1746 μοι
537 1686 551 1700 ·
594 1658 680 1726 σὺ
701 1658 832 1745 γὰρ
855 1658 1188 1744 μουσικός.
1261 1664 1728 1745 Μιξολυδιστί,
1753 1664 1879 1746 ἔφη
1897 1711 1914 1744 ,
1948 1661 2057 1727 καὶ
2079 1680 2247 1728 συν-

239 1756 669 1824 τονολυδιστϊ
698 1757 807 1823 καὶ
841 1762 1144 1823 τοιαῦταί
1169 1782 1360 1835 τινες.
1453 1756 1727 1825 Οὐκοῦν
1774 1752 2001 1842 αὗται,
2047 1750 2135 1843 ἦν
2176 1754 2239 1824 δ’

160 1930 170 1935 ,
235 1854 368 1939 ἐγω
380 1904 398 1938 ,
442 1849 849 1939 ἀφαιρετέαι·
875 1851 1189 1941 ἄχρηστοι
1208 1853 1337 1940 γάρ
1359 1858 1469 1922 καὶ
1489 1858 1793 1939 γυναιξὶν
1815 1852 1893 1934 ἃς
1915 1858 2020 1921 δεῖ
2046 1857 2246 1920 ἐπιει-

237 1966 370 2044 κεῖς
391 1948 560 2019 εἶναι
572 2002 588 2034 ,
632 1948 721 2036 μὴ
746 1949 847 2018 ὅτι
868 1949 1212 2038 ἀνδράσιν.
1298 1951 1498 2020 Πάνυ
1516 1978 1609 2038 γε.
1691 1947 1883 2020 Ἀλλά
1907 1950 2041 2039 μὴν
2066 1952 2242 2039 μέθη

237 2075 315 2136 γε
335 2050 625 2134 φύλαξιν
649 2045 1140 2136 ἀπρεπέστατον
1174 2052 1283 2118 καὶ
1323 2056 1609 2135 μαλακία
1643 2053 1751 2118 καὶ
1787 2047 2002 2138 ἀργία.
2088 2058 2248 2129 Παῖς

233 2148 365 2233 γὰρ
387 2144 504 2226 οὕς
556 2153 743 2226 Τίνες
765 2139 895 2215 ουν
914 2149 1208 2233 μαλακαί
1219 2174 1288 2215 τε
1310 2150 1420 2216 καὶ
1440 2150 1836 2235 συμποτικαὶ
1873 2156 2011 2217 ταῖν
2034 2145 2244 2233 ἀρμο-

236 2252 435 2326 νιῶνς
474 2242 698 2330 Ἰαστί,
742 2236 788 2329 ἦ
824 2244 886 2312 δ’
914 2272 1021 2330 ος,
1063 2248 1172 2314 καὶ
1209 2251 1494 2331 λυδιστί,
1553 2251 1791 2325 αἵτινες
1823 2248 2101 2367 χαλαραὶ
2120 2272 2241 2314 κα-

239 2349 529 2409 λοῦνται.
628 2341 911 2418 Ταύταις
931 2365 1088 2426 ουν,
1131 2367 1184 2408 ω
1209 2349 1394 2429 φίλε,
1431 2345 1534 2411 ἐπὶ
1568 2350 1945 2429 πολεμικων
1975 2340 2243 2431 ἀνδρῶν
2275 2361 2382 2418 399

234 2437 388 2508 ἔσθ’
426 2438 465 2507 ὅ
492 2466 558 2508 τι
587 2439 848 2526 χρήσεις
898 2436 1261 2526 Οὐδαμως,
1306 2446 1467 2527 ἔφη·
1512 2437 1679 2509 ἀλλὰ
1719 2441 2097 2510 κινδυνεύει
2140 2462 2245 2510 σοι

238 2540 501 2621 δωριστὶ
525 2542 872 2604 λείπεσθαι
906 2540 1013 2603 καὶ
1047 2545 1378 2623 φρυγιστί.
1471 2538 1616 2607 Ούκ
1646 2537 1828 2623 οἶδα,
1868 2545 2039 2625 ἔφην
2077 2539 2207 2626 ἐγω
2222 2590 2241 2625 ,

232 2631 352 2712 τάς
372 2632 724 2720 ἁρμονίας,
770 2632 935 2702 ἀλλά
968 2635 1319 2703 κατάλειπε
1357 2638 1616 2724 ἐκείνην
1650 2638 1776 2725 τὴν
1797 2635 2154 2725 ἁρμονίαν,
2199 2634 2242 2725 ἢ

235 2735 310 2798 ἔν
332 2757 401 2798 τε
428 2738 748 2819 πολεμικῇ
770 2730 1056 2819 πράξει”
1019 2759 1208 2812 οντος
1241 2730 1555 2822 ἀνδρείου
1588 2738 1698 2804 καὶ
1735 2739 1809 2803 ἐν
1843 2735 2021 2824 πάσῃ
2050 2739 2241 2824 βιαίῳ

234 2830 507 2917 ἐργασίᾳ
531 2828 916 2917 πρεπόντως
930 2857 1017 2897 αν
1036 2830 1385 2918 μιμήσαιτο
1402 2834 1752 2919 φθόγγους
1767 2859 1837 2901 τε
1851 2835 1959 2901 καὶ
1980 2853 2244 2922 προσῳ-

236 2931 410 3009 δίας,
453 2928 563 2994 καὶ
595 2924 1074 3013 ἀποτυχόντος,
1119 2924 1163 3014 ἢ
1198 2934 1290 3007 εἰς
1322 2929 1666 3016 τραύματα
1699 2927 1745 3017 ἦ
1779 2937 1871 3010 εἰς
1905 2930 2245 3011 θανάτους

234 3022 452 3101 ἰόντος
472 3019 516 3110 ἦ
536 3033 628 3103 είς
649 3050 797 3092 τινα
821 3023 1032 3111 ἀλλην
1054 3026 1405 3112 ξυμφορὰν
1429 3028 1746 3108 πεσόντος
1763 3079 1780 3110 ,
1804 3031 1877 3097 ἐν
1898 3037 2059 3096 πᾶσι
2078 3030 2241 3097 τού-
2274 3038 2314 3087 Β

233 3141 370 3198 τοις
390 3126 978 3209 παρατεταγμένως
1000 3126 1109 3191 καὶ
1131 3125 1631 3210 καρτερούντως
1660 3123 2086 3213 ἀμυνομένου
2119 3126 2243 3215 τὴν

231 3216 470 3305 τύχην
494 3222 604 3286 καὶ
623 3219 833 3307 αλλην
855 3216 944 3288 αὖ
966 3225 1038 3289 ἐν
1062 3227 1360 3309 εἰρηνικῇ
1382 3249 1450 3290 τε
1485 3225 1593 3292 καὶ
1629 3221 1718 3311 μὴ
1756 3230 1948 3314 βιαίω
1985 3222 2129 3294 ἀλλ’
2169 3230 2244 3294 ἐν

232 3318 513 3406 ἑκουσίω
538 3317 819 3404 πράξει”
780 3345 970 3398 οντος
985 3370 1003 3404 ,
1020 3317 1066 3406 ἤ
1079 3318 1228 3386 τινά
1240 3346 1301 3387 τι
1326 3320 1681 3400 πείθοντός
1695 3348 1761 3388 τε
1777 3324 1885 3390 καὶ
1899 3324 2240 3409 δεομένου,

229 3407 276 3499 ἢ
309 3412 469 3565 εύχῖῇ
486 3411 726 3568 θεοῖν
679 3443 719 3503 η
747 3422 979 3507 διδαχῇ
1000 3420 1109 3486 καὶ
1131 3418 1527 3506 νουθετήσει
1556 3418 1935 3566 ανθρωποιὲἶ
1946 3470 1963 3503 ,
2002 3415 2051 3505 ἦ
2083 3418 2243 3486 τού-

440 3527 581 3566 ιΑτο
