2602 3928
926 211 1505 270 ΠΟΛΙΤΕΙΑΣ
1539 206 1597 269 ε’.
2162 208 2287 274 147

265 369 457 453 παρά
481 394 665 448 τινας
683 370 998 455 τροφούς,
1019 373 1217 457 χωρὶς
1240 369 1553 450 οἰκούσας
1569 378 1641 439 ἔν
1662 398 1791 439 τινι
1814 376 1995 459 μέρει
2025 379 2140 458 τῆς
2161 371 2276 440 πό-

279 475 444 544 λεως
459 493 473 504 ·
512 465 594 533 τὰ
623 468 697 535 δὲ
718 474 856 534 τῶν
873 469 1215 554 χειρόνων,
1239 469 1351 535 καὶ
1372 466 1493 534 ἐάν
1514 494 1577 534 τι
1601 474 1740 535 τῶν
1765 472 2005 555 ἑτέρων
2023 467 2288 556 ἀνάπη-

282 590 406 647 ρον
427 569 749 649 γίγνηται,
786 566 864 631 έν
884 563 1240 654 ἀπορρήτω
1262 589 1333 631 τε
1354 566 1465 631 καὶ
1486 561 1710 654 ἀδήλω
1744 564 2287 648 κατακρύψουσιν

278 686 368 737 ως
391 664 642 747 πρέπει.
681 668 890 748 Εἴπερ
911 665 1152 749 μέλλει,
1182 667 1332 749 ἔφη,
1356 659 1666 748 καθαρὸν
1683 660 1759 729 τὸ
1780 665 1972 747 γένος
1994 689 2130 729 των
2152 688 2289 746 φυ-

274 758 500 827 λάκων
517 766 806 828 ἔσεσθαι.
849 757 1124 828 Οὐκοῦν
1155 765 1266 828 καὶ
1287 768 1539 879 τροφῆς
1559 753 1746 830 οὗτοι
1766 760 2285 848 ἐπιμελήσονται,

276 857 392 934 τάς
427 882 500 924 τε
539 864 820 944 μητέρας
864 859 970 926 ἐπὶ
1008 857 1131 924 τὸν
1167 856 1376 943 σηκὸν
1407 857 1703 944 ἄγοντες,
1728 856 1891 927 όταν
1925 867 2287 944 σπαργῶσι,

282 961 505 1021 πᾶσαν
548 954 851 1041 μηχανὴν
893 955 1379 1041 μηχανώμενοι,
1424 981 1603 1036 οπως
1641 961 1922 1043 μηδεμία
1960 954 2035 1024 τὸ
2085 954 2291 1042 αύτης
2327 975 2369 1022 D

282 1057 691 1141 αἰσθήσεται,
714 1059 824 1124 καὶ
847 1055 1053 1134 άλλας
1071 1057 1245 1141 γάλα
1265 1057 1542 1143 ἐχούσας
1562 1060 2030 1142 ἐκπορίζοντες,
2055 1055 2174 1126 ἐὰν
2196 1082 2285 1142 μη
2345 1066 2354 1069 “

277 1151 473 1219 αὐταὶ
497 1156 719 1221 ἱκαναὶ
738 1146 880 1239 ὦσι,
907 1156 1016 1221 καὶ
1037 1152 1261 1222 αὐτῶν
1281 1154 1538 1223 τούτων
1557 1154 2079 1242 ἐπιμελήσονται,
2106 1151 2289 1232 ὅπως

277 1253 547 1336 μέτριον
567 1252 815 1338 χρόνον
833 1251 1267 1338 θηλάσονται,
1291 1251 1661 1339 ἀγρυπνίας
1683 1252 1754 1320 δὲ·
1786 1255 1898 1321 καὶ
1928 1253 2049 1320 τὸν
2081 1250 2288 1320 ἄλλον

277 1347 494 1416 πόνον
535 1355 791 1426 τίτθαις
834 1373 905 1415 τε
943 1351 1053 1416 καὶ
1093 1365 1367 1438 τροφοῖς
1408 1349 1953 1437 παραδώσουσινς
2017 1348 2287 1435 Πολλὴν

279 1445 654 1535 ῥᾳστώνην,
669 1447 817 1530 ἔφη,
836 1451 1045 1530 λέγεις
1066 1454 1182 1531 τῆς
1203 1451 1619 1525 παιδοποιίας
1640 1461 1778 1526 ταῖς
1798 1455 1938 1514 τῶν
1959 1447 2290 1532 φυλάκων

274 1544 598 1628 γυναιξίν.
639 1546 892 1629 Πρέπει
911 1542 1062 1626 γάρ,
1083 1535 1170 1629 ἦν
1193 1542 1257 1609 δ’
1280 1543 1427 1628 ἐγώ.
1472 1541 1546 1611 τό
1574 1541 1639 1610 δ’
1665 1547 1896 1630 ἐφεξῆς
1918 1546 2287 1629 διέλθωμεν

279 1640 321 1708 ὃ
345 1638 906 1727 προθυμούμεθα.
956 1645 1210 1724 ἔφαμεν
1232 1641 1363 1724 γάρ
1384 1638 1465 1726 δὴ
1490 1642 1556 1718 ἐξ
1589 1636 2016 1726 ἀκμαζόντων
2047 1644 2186 1708 δεῖν
2206 1641 2286 1707 τὰ

278 1746 523 1824 ἔκγονα
542 1747 912 1824 γίγνεσθαι.
954 1736 1223 1823 Ἀληθῆ.
1255 1729 1395 1823 'Ap'
1423 1730 1548 1805 οὖν
1567 1759 1675 1804 σοι
1706 1741 2014 1818 ξυνδοκεῖ
2029 1740 2287 1823 μέτριος
2318 1759 2359 1807 Ε

274 1835 516 1924 χρόνος
556 1833 768 1921 ἀκμῆς
806 1835 888 1901 τα
931 1844 1138 1903 εἴκοσι
1178 1839 1287 1920 ἔτη
1331 1842 1619 1921 γυναικί,
1656 1832 1851 1919 ἀνδρὶ
1880 1837 1951 1902 δὲ
1982 1834 2066 1902 τά
2098 1834 2287 1920 τριά-

274 1960 511 2013 κοντα;
565 1932 660 2001 Τὰ
705 1947 860 2001 ποῖα
899 1929 1154 2012 αύτῶν;
1200 1939 1349 2020 ἔφη.
1401 1935 1681 2002 Γυναικὶ
1722 1937 1863 2020 μέν,
1897 1925 1985 2019 ἦν
2022 1930 2084 1999 δ’
2131 1933 2284 2019 ἐγώ,
2317 1940 2322 1948 ’

279 2028 613 2118 ἀρξαμένη
635 2029 769 2102 ἀπὸ,
803 2033 1222 2110 εἰκοσιέτιδος
1254 2036 1443 2118 μέχρι
1468 2033 2159 2117 τετταρακονταέτιδος
2188 2037 2287 2098 τί-

273 2156 458 2197 κτειν
485 2137 570 2216 τῇ
602 2128 819 2197 πόλει·
862 2126 1057 2214 ἀνδρὶ
1092 2132 1187 2216 δέ,
1223 2126 1493 2197 ἐπειδᾶν
1527 2127 1650 2216 τὴν
1682 2127 2005 2216 ὀξυτάτην
2034 2127 2288 2214 δρόμου

278 2223 502 2312 ἀκμὴν
523 2235 722 2315 παρῇ,
745 2226 816 2294 τὰ
844 2223 974 2295 ἀπὸ
1001 2226 1248 2295 τούτου
1268 2234 1521 2315 γεννᾷν
1542 2234 1623 2315 τῇ
1643 2225 1832 2293 πόλει
1853 2229 2041 2312 μέχρι
2062 2250 2256 2293 πεντε

273 2325 1001 2410 καιπεντηκονταέτους.
1041 2321 1462 2412 ’Λμφοτέρων
1491 2332 1684 2410 γοῦν,
1722 2330 1871 2411 ἔφη,
1909 2322 2077 2411 αὕτη
2109 2322 2283 2410 ἀκμὴ
2321 2354 2419 2409 451

275 2422 583 2509 σώματός
603 2447 674 2490 τε
700 2424 812 2489 καὶ
847 2423 1255 2509 φρονήσεως.
1305 2420 1579 2490 Οὐκοῦν
1602 2422 1717 2489 ἐάν
1748 2447 1818 2489 τε
1842 2423 2287 2509 πρεσβύτερος

278 2520 541 2589 τούτων
581 2519 703 2587 ἐάν
746 2543 818 2586 τε
857 2519 1179 2603 νεώτερος
1219 2528 1359 2586 τοῖν
1402 2525 1494 2598 εἰς
1529 2517 1603 2586 τὸ
1642 2515 1873 2586 κοινὸν
1907 2519 2288 2606 γεννήσεων

232 2631 241 2640 ’
278 2616 545 2705 ἅψηται,
582 2617 738 2684 οὔτε
765 2615 955 2685 ὅσιον
984 2614 1140 2685 οὔτε
1175 2621 1434 2685 δίκαιον
1467 2616 1768 2704 φήσομεν
1799 2614 1873 2683 τὸ
1912 2612 2283 2704 ἁμάρτημα,

276 2714 370 2794 ὥς
411 2721 613 2794 παῖδα
646 2714 999 2800 φιτύοντος
1039 2723 1120 2804 τῇ
1161 2716 1372 2801 πόλει,
1408 2712 1502 2800 ὅς,
1541 2709 1627 2783 ἀν
1660 2715 1861 2802 λάθῃ,
1884 2715 2285 2802 ,γεννήσεται

274 2812 401 2899 οὐχ
421 2811 553 2881 ὑπὸ
577 2820 844 2881 θυσιῶν
857 2809 1007 2881 οὐδ’
1028 2810 1160 2883 ὑπὸ
1187 2813 1402 2900 εὐχῶν
1424 2813 1581 2899 φύς,
1607 2809 1684 2891 ἃς
1706 2815 1819 2898 ἐφ’
1844 2812 2140 2892 ἑκάστοις
2151 2827 2286 2892 τοῖς

276 2911 515 2997 γάμοις
541 2909 844 2991 εὔξονται
863 2912 976 2980 καὶ
995 2914 1224 2999 ἱέρειαι
1243 2914 1352 2979 καὶ
1373 2916 1569 2996 ἱερεῖς
1586 2912 1698 2977 καὶ
1735 2909 2040 2994 ξύμπασα
2075 2908 2119 2997 ἡ
2156 2911 2285 2978 πό-

274 3018 376 3088 λις
396 3012 463 3089 ἐξ
486 3008 773 3096 ἀγαθῶν
792 3008 1104 3097 ἀμείνους
1133 3013 1244 3079 καὶ
1264 3014 1330 3091 ἐξ
1366 3007 1718 3096 ὠφελίμων
1740 3005 2285 3096 ὠφελιμωτέρους

275 3105 379 3174 ἀεὶ
405 3107 562 3186 τοὺς
583 3108 904 3193 ἐκγόνους
924 3116 1294 3196 γύγνεσθαι,
1318 3103 1467 3177 ἀλλ’
1505 3104 1638 3175 ὑπὸ
1676 3106 1925 3175 σκότου
1959 3107 2121 3195 μετὰ
2147 3115 2285 3177 δει-
2319 3134 2362 3182 Β

274 3212 398 3291 υῆς
437 3202 784 3288 ἀκρατείας
831 3209 1142 3293 γεγονώς.
1192 3206 1469 3294 Ὀρθῶς,
1512 3213 1659 3293 ἔφη.
1716 3204 1793 3275 ‘0
1833 3205 2033 3286 αὐτὸς
2076 3212 2153 3275 δέ
2190 3206 2282 3293 γ’,

276 3300 486 3383 εἶπον,
512 3300 738 3387 νόμος,
761 3303 880 3370 ἐάν
899 3329 998 3384 τις
1019 3313 1156 3373 τῶν
1176 3309 1272 3372 ἔτι
1307 3304 1704 3391 γεννώντων
1730 3302 1818 3390 μὴ
1858 3309 2286 3388 ξυνέρξαντος

270 3400 592 3486 ἄρχοντος
624 3398 902 3489 ἅπτηται
930 3410 1068 3471 τῶν
1113 3405 1190 3471 ἐν
1231 3395 1453 3492 ἡλικία
1483 3411 1856 3490 γυναικοῖν·
1907 3403 2123 3534 νόθον
2156 3404 2283 3488 γάρ

1842 3503 1912 3554 10
