2602 3928
225 206 293 261 91
704 201 953 258 ΠΕΡΙ
998 201 1340 259 ΨΥΧΑΣ
1377 203 1754 263 ΚΟΣΜΩ.
2116 206 2245 271 409

219 363 477 442 πράτον
497 356 540 424 ὅ
559 363 629 427 τί
643 382 769 444 περ
789 357 865 426 τὸ
899 363 1123 443 τρίτον
1144 356 1292 427 ποτ’
1321 357 1505 445 αὐτό,
1536 359 1911 433 κάνάπαλιν
1934 371 2044 435 καὶ
2065 391 2241 452 παρ-
2259 373 2276 386 “

217 453 421 537 αλλάξ
450 455 596 525 κατ’
624 457 999 543 έφάρμοσιν
1019 456 1244 525 τόπων
1275 459 1387 525 καὶ
1411 458 1642 539 τάξιος.
1686 468 1893 530 ταῦτα
1929 462 1992 530 δ’
2035 461 2240 549 ἀριθ-

216 552 498 639 μήμεναι
532 552 622 641 μὴ
654 550 794 640 μετ’
834 560 1211 641 ἰσοκρατίας
1243 551 1590 640 ἀμάχανον
1619 564 1847 626 παντί·
1889 551 1969 627 εὖ
2006 558 2068 628 δ’
2109 567 2238 647 ἔχει

215 652 326 717 καὶ
346 650 544 719 καττὰ
569 657 784 738 σχῆμα
814 655 923 720 καὶ
953 651 1201 721 καττὰν
1229 657 1517 740 κίνασιν,
1552 654 1713 724 καθ’
1754 655 1794 724 ὂ
1826 658 1951 742 μὲν
1985 672 2237 744 σφαῖρα

216 745 320 832 ὅν,
346 744 437 826 ὥς
480 747 717 834 ὅμοιον
762 745 926 816 αὐτὸ
962 746 1143 838 αὐτῷ
1175 758 1398 839 παντᾷ
1425 748 1607 837 εἶμεν
1639 754 1751 821 καὶ
1783 753 2000 821 πάντα
2027 747 2237 823 τᾶλλα

215 843 536 930 ὁμογενέα
558 845 855 932 σχήματα
875 852 1101 931 χωρῆν
1115 845 1475 933 δύνασθαι,
1490 846 1651 916 καθ’
1677 847 1764 917 ἂν
1788 853 1861 918 δὲ
1882 850 2232 935 ἐγκύκλιον
2267 871 2311 922 l)

213 941 590 1029 μεταβολάν
610 940 935 1011 ἀποδιδὸν
958 940 1048 1010 δι’
1076 948 1336 1024 αἰῶνος.
1380 943 1573 1031 μώνα
1609 946 1680 1014 δὲ
1714 942 1754 1012 ἆ
1793 961 2045 1033 σφαῖρα
2079 950 2238 1017 ἐδύ-

214 1066 374 1110 νατο
408 1044 521 1110 καὶ
546 1038 889 1129 ἄρεμέωσα
909 1043 1020 1108 καὶ
1050 1045 1383 1127 κινωμένα
1409 1044 1483 1109 ἐν
1503 1047 1589 1130 τᾷ
1611 1042 1784 1130 αὐτᾷ
1811 1044 2235 1132 συναρμόσεν

210 1137 415 1226 χώρα,
442 1136 528 1216 ὡς
547 1137 641 1224 μή
662 1162 838 1206 ποκα
865 1135 1190 1206 άπολιπὲυ
1212 1140 1376 1225 μήτε
1394 1139 1736 1226 λαμβάνεν
1767 1138 1976 1210 ἄλλον
2001 1142 2230 1228 τόπον,

208 1242 302 1326 τῷ
328 1238 400 1304 ἐκ
425 1241 633 1322 μέσου
655 1246 803 1306 ἴσον
827 1234 1006 1322 εἶμεν
1027 1242 1266 1326 παντᾷ.
1307 1237 1646 1306 λειότατον
1671 1236 1734 1305 δ’
1761 1232 1845 1305 ὂν
1866 1237 2013 1306 ποτ’
2040 1237 2233 1326 άκρί-

211 1340 401 1421 βειαν
422 1330 670 1403 καττᾶν
692 1333 876 1414 ἐκτὸς
896 1333 1291 1420 ἐπιφάνειαν
1313 1333 1397 1402 οὐ
1420 1340 1789 1404 ποτιδέεται
1809 1343 2087 1404 θνατῶν
2109 1334 2231 1423 ὀρ-

206 1431 460 1516 γάνων,
492 1428 538 1498 δι’
559 1432 667 1499 διὰ
689 1428 807 1510 τὰς
825 1437 1048 1517 χρείας
1074 1445 1210 1510 τοῖς
1245 1431 1471 1512 ἅλλοις
1505 1432 1695 1514 ζώοις
1728 1433 2134 1521 ποτάρτηταί
2159 1460 2230 1502 τε

212 1531 325 1597 καὶ
348 1535 625 1598 διᾶκται.

377 1631 473 1693 lv.
528 1623 668 1694 Τᾶν
691 1625 763 1693 δὲ
792 1632 884 1694 τώ
907 1625 1136 1712 κόσμω
1158 1626 1381 1711 ψυχὰν
1403 1626 1696 1712 μεσόθεν
1717 1630 1957 1709 ἐξάψας
1980 1629 2230 1715 ἐπάγα-
2263 1653 2307 1702 Ε

208 1749 329 1810 γεν
351 1726 493 1807 ἔξω,
518 1721 971 1808 περικαλύψας
989 1721 1199 1791 αὐτὸν
1220 1720 1384 1791 ὅλον
1406 1720 1598 1812 αὐτᾷ,
1634 1732 1855 1812 κρᾶμα
1881 1722 2094 1794 αὐτὰν
2115 1753 2230 1794 κε-

210 1821 585 1908 ρασάμενος
616 1826 689 1889 ἔκ
722 1846 792 1890 τε
811 1827 931 1900 τάς
962 1819 1290 1907 άμερίστω
1325 1828 1591 1908 μορφᾶς
1624 1824 1736 1891 καὶ
1769 1830 1886 1901 τᾶς
1920 1830 2231 1913 μεριστάς

209 1915 460 2007 οὐσίας,
479 1916 567 2000 ὥς
586 1922 663 1988 ἓν
682 1926 905 2008 κρᾶμα
927 1922 1001 1989 ἐκ
1024 1919 1149 1989 δύο
1163 1921 1454 1989 τουτέων
1475 1919 1674 2007 εἶμεν·
1703 1946 1755 2012 ω
1780 1926 2078 2010 ποτέμιξε
2101 1923 2223 1991 δύο
2258 1945 2327 2001 96

209 2017 583 2104 δυνάμεις’
545 2017 750 2105 αρχοὶς
770 2024 1111 2103 κινασίων,
1134 2025 1252 2099 τᾶς
1271 2044 1344 2087 τε
1362 2017 1586 2088 ταῦτῶ
1607 2022 1717 2089 καὶ
1751 2029 1868 2102 τάς
1886 2047 1980 2090 τω
2003 2023 2224 2109 ἑτέρω,

205 2113 251 2183 ἁ
239 2115 385 2184 καὶ
407 2116 765 2203 δυσμικτος
783 2120 946 2184 &aaa
971 2112 1098 2184 οὐκ
1137 2118 1209 2183 ἐκ
1240 2141 1334 2183 τω
1366 2115 1587 2205 ρᾴστω
1611 2123 2061 2206 συνεκίρνατο.
2108 2119 2228 2186 λό-

205 2239 314 2299 γοι
339 2211 404 2281 δ’
440 2217 578 2283 οἵδε
601 2214 843 2294 πάντες
873 2217 1010 2283 ἐντὶ
1041 2210 1188 2281 κατ’
1238 2212 1542 2299 ἀριθμώς
1573 2212 1948 2303 ἁρμονικῶς
1983 2236 2228 2303 συγκε-

205 2317 551 2400 κραμένον
594 2310 682 2394 ὣς
708 2313 921 2399 λόγως
953 2311 1120 2380 κατὰ
1148 2325 1390 2397 μοῖραν
1426 2311 1749 2400 διαιρήκει
1775 2310 1921 2382 ποτ’
1960 2314 2228 2382 ἐπιστά-

208 2438 364 2498 μαν,
392 2407 480 2490 ὥς
506 2410 596 2498 μὴ
619 2408 875 2498 ἀγνοῆν
906 2414 972 2491 ἐξ
994 2401 1091 2477 ὦν
1123 2406 1169 2476 ἁ
1198 2409 1379 2496 ψυχὰ
1413 2412 1523 2477 καὶ
1561 2407 1651 2477 δι’
1692 2400 1790 2478 ὧν
1821 2412 2227 2480 συνεστάκει.

208 2505 295 2576 ἃν
316 2506 437 2595 οὐχ
458 2507 745 2596 ὑστέραν
769 2515 886 2588 τᾶς
910 2513 1283 2594 σωματικάς
1311 2503 1540 2586 οὐσίας
1561 2507 1956 2588 συνετάξατο
1982 2506 2018 2576 ὁ
2042 2508 2226 2593 θεός,

208 2603 432 2693 ωσπερ
461 2608 731 2693 λέγομες
748 2601 929 2691 ἁμές,
950 2605 1282 2726 πρότερον
1294 2604 1426 2692 γὰρ
1450 2605 1526 2673 τὸ
1548 2603 1938 2691 τιμιώτερον
1966 2606 2078 2673 καὶ
2101 2609 2223 2672 δυ-
2253 2623 2293 2673 Β

206 2704 406 2789 νάμει
441 2705 551 2773 καὶ
585 2704 830 2793 χρόνῳ,
873 2700 1040 2772 ἄλλα
1077 2706 1538 2790 πρεσβυτέραν
1578 2704 1787 2788 έποίη,
1822 2706 1982 2788 μίαν
2020 2699 2225 2789 ἀφαι-

207 2804 381 2888 ρέων
413 2800 539 2870 τάν
584 2799 847 2889 πράταν
879 2801 1197 2889 μονάδων
1239 2792 1453 2868 οὖσαν
1495 2798 1820 2921 τεττόρων
1860 2800 2010 2867 ποτὶ
2052 2796 2226 2867 ὀκτω

198 2898 440 2975 ,δεκάσι
461 2903 569 2968 καὶ
588 2902 807 2985 τρισὶν
830 2898 1233 2969 ἕκατοντάσι.
1272 2897 1517 2978 ταύτας
1539 2897 1610 2966 δὲ
1636 2897 1761 2966 τάν
1783 2923 1852 2965 τε
1875 2901 2228 2965 διπλασίαν

206 3001 319 3065 καὶ
339 3004 730 3082 τριπλασίαν
759 2999 931 3086 ῥᾷον
966 3000 1484 3083 συλλογίξασθαι
1504 2998 1835 3081 ἐσταμένω
1859 3019 1951 3062 τω
1975 2995 2220 3083 πράτω.

209 3099 314 3163 δεῖ
329 3090 383 3162 δ’
402 3092 580 3180 εἶμέν
604 3118 745 3175 πως
772 3093 1021 3175 πάντας
1033 3093 1163 3162 συν
1176 3107 1314 3173 τοῖς
1325 3094 1718 3182 πληρώμασι
1740 3095 1852 3162 καὶ
1877 3107 2012 3173 τοῖς
2027 3098 2228 3177 ἐπογ-

208 3189 470 3271 δόοις“
427 3217 630 3274 ορους
671 3197 737 3273 ἓξ
774 3197 885 3260 καὶ
917 3192 1295 3277 τριάκοντα,
1317 3190 1440 3260 τὸν
1462 3194 1535 3259 δὲ
1559 3190 1909 3278 σύμπαντα
1929 3188 2227 3277 αριθμὸν

203 3290 523 3376 γενέσθαι
560 3290 908 3376 μυριάδων
929 3292 1165 3359 ἕνδεκα
1187 3292 1298 3358 καὶ
1323 3287 1647 3375 τεττάρων
1664 3288 1975 3406 χιλιάδων
1997 3289 2229 3367 ἑξακο-

208 3393 373 3454 σίων
391 3391 587 3455 πέντε
622 3390 734 3456 καὶ
769 3388 1186 3475 ἐνενήκοντα.
1234 3389 1340 3455 ταὶ
1370 3384 1443 3454 δὲ
1466 3388 1811 3473 διαιρέσιες
1833 3409 2029 3450 αυται
2061 3386 2224 3451 ἐντί·
2265 3393 2305 3446 0
