2602 3928
265 254 330 307 13
1057 248 1514 307 ΤιΜΑΙοΣ
2088 334 2093 337 ,
2147 252 2270 316 331

262 404 712 492 λαμβάνοντες
726 399 1012 481 ἅπαντες
1034 405 1495 489 πειρασόμεθα
1507 405 1581 475 τὰ
1600 411 1859 494 πρέπον
1874 415 1964 488 είς
1986 410 2277 498 δύναμιν

259 497 359 582 οἷς
376 505 684 581 ἐπέταξας
713 498 1104 569 ἀποδοῦναι.
1150 517 1424 569 σκοπεῖν
1457 497 1585 571 οὖν
1610 504 1689 590 δὴ
1715 507 1862 591 χρή,
1899 533 1950 574 ω
1991 508 2275 592 Σώκρα-

258 626 384 684 τες,
422 605 483 667 εἰ
505 596 669 666 κατὰ
693 604 866 665 νοῦν
899 595 938 665 ὁ
966 600 1162 684 λόγος
1192 597 1353 701 ἡμῖν
1399 590 1615 686 οὗτος,
1646 600 1693 686 ἤ
1731 628 1880 669 τινα
1923 602 2021 670 ἔτ’
2066 603 2272 672 ἄλλον
2309 621 2349 671 Ε

260 694 404 765 ἄντ’
436 694 647 764 αὐτοῦ
677 697 997 782 ζητητέον

427 802 577 864 ΣΩ.
621 796 753 912 Ka}
774 789 903 862 τίν’
937 792 1044 878 ἄν,
1071 787 1127 862 ὦ
1144 803 1404 883 Κριτία,
1439 805 1697 884 μᾶλλον
1717 796 1867 866 ἀντὶ
1887 798 2135 867 τούτου
2153 826 2274 886 με-

258 893 678 980 ταλάβοιμεν,
714 888 786 971 ὃς
806 899 887 978 τῇ
908 918 980 960 τε
1003 894 1312 982 παρούσῃ
1333 900 1449 979 τῆς
1471 903 1643 963 θεοῦ
1663 902 1873 986 θυσίᾳ
1897 895 2006 965 διὰ
2027 897 2150 984 τήν
2172 904 2275 967 οἰ-

256 988 538 1078 κειότητ’
575 986 663 1057 ἄν
692 992 933 1074 πρέποι
965 990 1269 1077 μάλιστα,
1294 991 1376 1059 τό
1404 1014 1477 1059 τε
1506 992 1594 1079 μή
1621 997 2006 1062 πλασθέντα
2041 1003 2270 1081 μῦθον

255 1090 407 1162 ἀλλ’
448 1089 776 1178 ἀληθινὸν
810 1091 1016 1177 λόγον
1052 1090 1218 1159 εἶναι
1250 1092 1563 1178 πάμμεγα
1601 1117 1752 1162 που.
1816 1101 1957 1172 παῖς
1995 1091 2127 1181 γὰρ
2162 1097 2274 1164 καὶ

137 1262 148 1273 ,
256 1191 475 1259 πόθεν
498 1188 742 1267 ἄλλους
762 1185 1224 1275 ἀνευρήσομεν
1243 1186 1566 1276 οἷφέμενοι
1586 1193 1878 1273 τούτων;
1920 1190 2044 1260 οὐκ
2067 1198 2269 1278 ἔστιν,

257 1286 405 1357 ἀλλ’
442 1286 672 1374 ἀγαθῇ
701 1287 865 1375 τύχῃ
907 1285 1031 1373 χρὴ
1067 1289 1286 1373 λέγειν
1322 1286 1445 1373 μὲν
1478 1286 1672 1375 ὑμᾶς,
1707 1289 1817 1375 ἐμὲ
1851 1288 1924 1357 δὲ
1957 1286 2106 1358 ἀντὶ
2133 1296 2271 1358 τῶν

252 1387 410 1474 χθὲς
433 1386 653 1470 λόγων
674 1390 807 1451 νῦν
825 1381 1107 1471 ἡσυχίαν
1128 1384 1380 1470 ἄγοντα
1402 1385 1813 1455 ἄντακούειν.
1888 1436 1901 1445 .
2298 1401 2367 1458 27

425 1490 559 1551 KP.
599 1481 856 1550 Σκόπει
878 1479 958 1567 δὴ
980 1479 1108 1567 τὴν
1128 1489 1265 1548 τῶν
1289 1485 1526 1562 ξενίων
1548 1505 1656 1551 σοι
1677 1483 2005 1568 διάθεσιν,
2025 1476 2082 1551 ὦ
2113 1484 2274 1551 Σω’-

257 1607 511 1669 κρατες,
535 1571 579 1668 ᾖ
601 1582 926 1665 διέθεμεν.
969 1584 1153 1659 ἔδοξε
1170 1579 1301 1667 γὰρ
1323 1577 1483 1666 ἡμῖν
1512 1586 1790 1667 Τίμαιον
1810 1585 1953 1666 μέν,
1967 1579 2082 1648 ἅτε
2105 1579 2272 1649 ὄντα

255 1677 912 1762 ἄστρονομικῶτατον
938 1674 1130 1763 ἡμῶν
1150 1679 1261 1746 καὶ
1293 1679 1445 1761 περὶ
1474 1676 1742 1763 φύσεως
1761 1684 1884 1746 τοῦ
1907 1675 2159 1757 παντὸς
2176 1684 2271 1746 εἰ-

259 1780 443 1844 δέναι
465 1766 749 1860 μα’λιστα
780 1778 980 1861 ἔργον
1006 1778 1475 1862 πεποιημένον,
1515 1782 1782 1862 πρῶτον
1815 1780 2031 1860 λέγειν
2065 1773 2264 1861 ἀρχό-

257 1900 465 1961 μενον
487 1868 619 1939 ἀπὸ
644 1879 759 1957 τῆς
777 1878 902 1940 τοῦ
920 1871 1179 1959 κόσμου
1199 1877 1539 1958 γενέσεως,
1575 1880 1893 1962 τελευτᾷν
1915 1872 1988 1941 δὲ
2020 1877 2109 1951 εἰς
2144 1872 2270 1940 ἆν-

254 1972 556 2058 θρωπων
576 1971 786 2057 φύσιν
801 1998 819 2013 ·
861 1973 1069 2059 ἐμέδὲ
1089 1971 1249 2057 μετὰ
1270 1981 1534 2061 τοῦτον,
1561 1973 1649 2053 ὦς
1677 1974 1858 2060 παρὰ
1879 1974 2004 2059 μὲν
2024 1970 2268 2040 τούτου

255 2074 650 2157 δεδεγμένον
672 2066 1085 2153 ἀνθρώπους
1108 2078 1200 2160 τῷ
1228 2072 1405 2161 λόγῳ
1426 2072 1800 2158 γεγονότας,
1827 2070 2005 2155 παροὶ
2034 2078 2162 2138 σοῦ
2197 2070 2268 2138 δὲ

254 2168 815 2251 πεπαιδευμένους
850 2168 1303 2255 διαφερόντως
1340 2166 1564 2237 αὐτῶν
1598 2170 1805 2253 τινάς,
1839 2166 2005 2237 κατὰ
2042 2168 2113 2237 δὲ
2144 2166 2267 2236 τόν
2296 2197 2336 2247 B

256 2265 571 2341 Σόλωνος
593 2263 797 2348 λόγον
824 2289 895 2330 τε
915 2267 1027 2331 καὶ
1048 2264 1264 2352 νόμον
1300 2267 1740 2352 εἰσαγαγόντα
1773 2265 2020 2346 αὐτοὺς
2053 2264 2141 2345 ὥς
2176 2271 2269 2344 εἰς

253 2357 561 2439 δικαστὰς
580 2357 754 2445 ὑμᾶς
774 2367 1042 2447 ποιῆσαι
1062 2369 1332 2443 πολίτας
1344 2372 1460 2451 τῆς
1475 2363 1731 2443 πόλεως
1749 2369 1947 2450 τῆσδε
1962 2361 2049 2442 ὡς
2069 2363 2268 2443 ὄντας

251 2460 407 2539 τοὺς
428 2458 573 2528 τότε
586 2457 1005 2547 Ἀθηναίους,
1026 2458 1145 2541 οὓς
1166 2463 1496 2548 ἐμήνυσεν
1525 2461 1801 2548 α’φανεῑς
1824 2461 2020 2542 ὄντας
2049 2462 2092 2549 ἡ
2128 2471 2266 2532 τῶν

252 2563 450 2644 ἱερῶν
469 2557 874 2646 γραμμάτων
895 2560 1106 2648 φήμη,
1124 2559 1205 2629 τὰ
1232 2559 1427 2629 λοιπὰ
1452 2564 1525 2629 δὲ
1546 2559 1638 2639 ὡς
1658 2563 1809 2644 περὶ
1834 2568 2126 2629 πολιτῶν
2156 2565 2264 2629 καὶ

245 2655 621 2744 Ἀθηναίων
642 2657 860 2727 ὄντων
879 2658 1008 2745 ἤδη
1030 2671 1366 2729 ποιεῖσθαι
1393 2660 1550 2739 τοὺς
1569 2660 1829 2746 λόγους.

417 2762 569 2824 ΣΩ.
623 2758 872 2834 Τελέως
891 2781 962 2822 τε
983 2759 1093 2823 καὶ
1119 2765 1433 2845 λαμπροῖς
1456 2764 1638 2825 ἔοικα
1672 2755 2264 2845 ἆνταπολήψεσθαι

251 2850 371 2939 τὴν
391 2862 527 2922 τῶν
549 2852 770 2940 λόγων
793 2856 1101 2922 ἑστίασιν.
1149 2856 1273 2925 σὸν
1293 2848 1420 2923 οὖν
1443 2862 1642 2943 ἔργον
1663 2857 1881 2941 λέγειν
1914 2853 2020 2943 ἄν,
2057 2851 2113 2925 ὦ
2149 2865 2263 2927 Τί-

247 2976 417 3036 μαιε,
442 2959 540 3037 εἴη
564 2949 638 3019 τό
662 2949 823 3039 μετὰ
845 2960 1066 3036 τοῦτο,
1089 2950 1179 3032 ὥς
1199 2958 1435 3038 ἔοικεν,
1458 2957 1933 3022 ἐπικαλέσαντα
1957 2953 2121 3023 κατὰ
2145 2954 2265 3024 νό-

247 3075 378 3135 μον
400 3047 622 3128 θεούς.

418 3153 488 3215 V
540 3154 648 3216 TI.
686 3144 886 3232 Ἀλλ’,
910 3140 969 3214 οἶ
988 3147 1364 3235 Σώκρατες,
1389 3149 1587 3217 τοῦτό
1614 3175 1689 3236 γε
1712 3147 1794 3237 δὴ
1827 3151 2090 3238 παντες,
2114 3149 2262 3220 ὅσοι
2293 3179 2332 3231 c

247 3247 357 3313 καὶ
378 3269 544 3312 κατα
567 3244 783 3331 βραχὺ
803 3246 1248 3333 σωφροσύνης
1260 3254 1667 3334 μετέχουσιν,
1692 3250 1798 3316 ἐπὶ
1819 3247 2068 3328 παντὸς
2090 3247 2261 3337 ὁρμῇ

249 3345 358 3411 καὶ
379 3349 667 3428 σμικροῦ
688 3344 799 3411 καὶ
820 3341 1114 3429 μεγαλου
1135 3367 1518 3430 πραγματος
1538 3343 1707 3414 θεὸν
1730 3342 1839 3411 αεί
1857 3368 1992 3412 που
2012 3352 2262 3414 καλοῦ-

253 3458 386 3508 σιν·
428 3437 600 3526 ἡμᾶς
622 3440 692 3507 δὲ
720 3438 879 3520 τούς
900 3442 1048 3527 περὶ
1083 3448 1206 3508 τοῦ
1237 3442 1487 3522 παντὸς
1522 3442 1766 3527 λόγους
1798 3449 2142 3511 ποιεῖσθαί
2170 3464 2261 3531 πῃ
