2602 3928
367 214 501 304 100*
1099 239 1669 300 HAATszNoz:

360 409 564 480 τελεὸς
608 403 1092 486 ἐξειργασμένοι
1132 391 1327 485 ἦσαν,
1376 396 1465 475 ὥς
1494 394 1536 483 ἡ
1569 406 1656 483 γῆ
1690 394 1939 477 αὐτοὺς
1958 399 2171 486 μήτηρ
2207 393 2376 468 οὖσα

361 498 588 585 άνῆὀιε,
612 501 722 566 καὶ
746 507 875 564 νῦν
899 502 1006 564 δεῖ
1020 493 1108 576 ὡς
1133 500 1280 581 περὶ
1305 494 1550 582 μητρὸς
1582 497 1694 562 καὶ
1716 505 1977 581 τροφοῦ
2011 504 2128 582 τῆς
2162 497 2377 582 χώρας

361 599 436 663 ἐν
455 588 501 683 ᾗ
522 598 646 663 εἰσὶ
665 595 1120 683 βουλεύεσθαί
1135 619 1205 660 τε
1231 595 1342 660 καὶ
1366 590 1651 677 ἀμύνειν
1684 590 1954 677 αὐτούς,
1989 593 2109 662 ἐάν
2140 620 2237 673 τις
2270 592 2373 662 ἐπ’

362 691 574 780 αὐτὴν
588 704 676 782 ἴῃ,
691 692 802 761 καὶ
815 688 985 775 ὑπὲρ
1006 698 1144 758 τῶν
1167 688 1392 759 ἄλλων
1404 697 1694 758 πολιτῶν
1718 686 1807 769 ὡς
1827 688 2139 774 ἀδελφοῖν
2164 690 2377 761 ὄντων

362 795 472 858 καὶ
491 797 798 877 γηγενῶν
824 794 1261 856 διανοεῖσθαι.
1308 784 1452 854 Οὐκ
1474 786 1637 872 ἐτός,
1663 792 1811 874 ἔφη,
1847 788 2053 856 πάλαι
2082 786 2377 876 ᾐσχύνου

228 899 326 953 415
367 891 443 958 τὸ
466 893 713 970 ψεῦδος
735 890 967 971 λέγειν.
1036 886 1257 968 Πάνυ,
1285 877 1373 972 ἦν
1408 881 1472 953 δ’
1508 886 1657 971 ἐγώ,
1690 885 1984 965 εἰκότως·
2021 884 2170 955 ἀλλ’
2203 884 2379 973 ὅμως

363 987 569 1055 ἄκουε
590 988 699 1053 καὶ
720 984 793 1052 τό
819 983 1058 1052 λοιπὸν
1083 991 1208 1050 τοῦ
1229 984 1479 1069 μύθου.
1542 986 1685 1052 ἐστὲ
1713 983 1835 1069 μὲν
1866 981 1997 1071 γὰρ
2026 982 2107 1070 δὴ
2141 993 2379 1064 πάντες

364 1090 433 1154 οἰ
450 1089 522 1152 ἐν
547 1093 628 1172 τῇ
650 1083 839 1153 πόλει
860 1078 1158 1168 ἀδελφοί,
1183 1079 1272 1161 ὥς
1296 1083 1603 1168 φήσομεν
1623 1081 1790 1166 πρὸς
1812 1079 2058 1162 αὐτοὺς
2077 1091 2379 1169 μυθολο-

363 1191 657 1269 γοῦντες,
686 1176 832 1249 ἀλλ’
861 1178 896 1247 ὁ
919 1179 1082 1259 θεὸς
1101 1181 1430 1266 πλάττων,
1456 1179 1604 1247 ὅσοι
1623 1180 1746 1267 μὲν
1781 1178 1972 1267 ὑμῶν
2007 1184 2224 1250 ἱκανοὶ
2254 1180 2380 1266 ἅρ-

362 1306 525 1366 χειν,
565 1276 813 1364 χρυσὸν
839 1281 913 1360 ἐν
932 1287 1015 1365 τῇ
1031 1281 1286 1365 γενέσει
1310 1280 1651 1365 ξυνέμιξεν
1671 1276 1916 1362 αὐτοῖς,
1945 1279 2047 1346 διὸ
2070 1279 2380 1366 τιμιώτα-
2411 1277 2417 1283 ”

366 1387 470 1446 τοί
489 1383 690 1445 εἰσιν·
758 1374 908 1443 ὅσοι
948 1375 1017 1444 δ’
1053 1379 1416 1463 ἐπίκουροι,
1463 1376 1794 1462 ἄργυρον·
1852 1382 2130 1464 σίδηρον
2165 1376 2236 1446 δὲ
2269 1379 2379 1444 καὶ

364 1473 614 1561 χαλκὸν
634 1489 769 1554 τοῖς
788 1500 859 1542 τε
882 1490 1198 1563 γεωργοῖς
1223 1479 1490 1554 καὶτοῖς
1510 1474 1734 1554 ἄλλοις
1770 1472 2211 1596 δημιουργοῖς.
2265 1473 2380 1543 ἅτε

365 1601 493 1641 ουν
520 1574 916 1660 ξυγγενεῖς”
875 1602 1064 1654 οντες
1086 1577 1327 1654 πάντες
1348 1575 1421 1643 τὸ
1448 1574 1570 1661 μὲν
1604 1572 1778 1643 πολὺ
1811 1570 2084 1659 ὁμοίους
2114 1567 2200 1640 ἄν
2221 1569 2382 1659 υμῖν

299 1700 337 1749 Β
365 1671 591 1752 αὐτοῖς
622 1681 932 1763 γεννῷτε,
957 1678 1092 1740 ἔστι
1115 1671 1181 1739 δ’
1219 1670 1334 1740 ότε
1359 1675 1431 1740 ἐκ
1464 1679 1720 1758 χρυσοῦ
1750 1677 2106 1758 γεννηθείη
2141 1668 2228 1738 ἄν
2257 1668 2373 1756 029-

361 1777 621 1855 γυροῦν
641 1774 751 1838 καὶ
774 1766 898 1850 ἐξ’
860 1776 1165 1855 αργυροῦ
1185 1777 1484 1854 χρυσοῦν
1505 1774 1787 1853 ἔκγονον
1807 1771 1918 1836 καὶ
1937 1759 2141 1839 τᾶλλα
2163 1768 2377 1834 πάντα

304 1952 308 1959 0
361 1894 578 1946 ουτως
599 1873 663 1948 ἐξ
688 1866 1011 1954 ἀλλήλων.
1055 1881 1191 1945 τοῖς
1217 1860 1344 1934 οὖν
1332 1865 1644 1985 ’,ἄρχουσι
1665 1869 1775 1934 καὶ
1798 1891 2068 1954 πρωτον
2107 1867 2219 1934 καὶ
2251 1865 2381 1950 μά-

362 1976 550 2034 λιστα
586 1962 1076 2050 παραγγέλλει*
1044 1992 1079 2031 ο
1105 1964 1289 2050 θεός,
1325 1961 1506 2043 ὅπως
1546 1963 1830 2051 μηδενὸς
1871 1960 2048 2033 οὕτω
2086 1962 2381 2051 φύλακες

362 2060 609 2147 ἀγαθοὶ
647 2068 911 2129 ἔσονται
943 2059 1102 2147 μηδ’
1140 2060 1318 2128 οὕτω
1353 2060 1615 2149 σφόδρα
1645 2062 2017 2148 φυλάξουσι
2051 2062 2258 2147 μηδὲν
2294 2058 2384 2139 ὥς

363 2158 522 2238 τούς
544 2158 884 2245 ἐκγόνους,
923 2158 961 2224 ὅ
990 2184 1053 2226 τι
1091 2157 1315 2237 αὐτοῖς
1339 2161 1599 2229 τούτων
1623 2164 1698 2228 ἐν
1721 2176 1861 2241 ταῖς
1891 2175 2130 2246 ψυχαῖς
2162 2185 2378 2244 παρα-

362 2264 684 2345 μέμικται,
709 2259 819 2324 καὶ
841 2255 958 2323 ἐάν
990 2282 1061 2324 τε
1095 2262 1410 2343 σφέτερος
1433 2264 1715 2345 έκγονος
1748 2257 2120 2352 ὑπόχαλκος
2138 2255 2184 2345 ἦ
2206 2255 2378 2325 ὑπο-

297 2377 336 2426 c
371 2361 638 2442 σίδηρος
672 2359 960 2441 γένηται,
995 2359 1229 2443 μηδενὶ
1260 2356 1485 2447 τρόπω
1512 2358 2045 2444 κατελεήσουσιν,
2070 2354 2236 2426 ἀλλὰ
2257 2355 2380 2443 τὴν

364 2461 443 2541 τῇ
490 2454 693 2538 φύσει
748 2453 1222 2539 προσήκουσαν
1274 2455 1473 2542 τιμὴν
1530 2454 1894 2536 ἀποδόντες
1948 2455 2242 2524 ὤσουσιν
2288 2459 2382 2533 εἰς

369 2548 818 2637 δημιουργοὺς
860 2548 904 2637 ἦ
947 2558 1039 2631 εἰς
1080 2553 1441 2639 γεωργούς,
1487 2555 1597 2622 καὶ
1635 2549 1722 2620 ἂν
1763 2546 1852 2621 αὖ
1890 2556 1964 2622 ἐκ
1996 2553 2253 2620 τούτων
2279 2576 2380 2631 τις

364 2647 745 2734 ὑπόχρυσος
763 2643 810 2734 ἦ
833 2644 1220 2736 ὑπάργυρος
1252 2659 1416 2738 φυῇ,
1453 2650 1841 2738 τιμήσαντες
1872 2646 2380 2732 άνάξουσιτοῦς

364 2745 485 2833 μὲν
528 2751 619 2825 εἰς
661 2745 994 2832 φυλακήν,
1042 2746 1200 2826 τοὺς
1243 2748 1315 2816 δὲ
1358 2755 1449 2826 εἰς
1490 2752 1900 2833 ἐπικουρίαν,
1946 2745 2036 2827 ὥς
2076 2753 2379 2835 χρησμοῦ

362 2844 556 2921 ὄντος
577 2843 725 2912 τότε
748 2841 872 2929 τὴν
894 2843 1088 2911 πόλιν
1112 2849 1592 2931 διαφθαρῆναι,
1617 2846 1781 2915 ὅταν
1816 2844 2028 2931 αὐτὴν
2050 2842 2087 2913 ὁ
2111 2850 2381 2930 σίδηρος

360 2939 404 3028 ἢ
430 2939 466 3009 ὁ
488 2939 727 3027 χαλκὸς
750 2942 1029 3030 φυλάξῃ.
1064 2949 1308 3011 τοῦτον
1331 2936 1459 3010 οὖν
1491 2942 1613 3012 τὸν
1647 2953 1875 3031 μῦθον
1900 2942 2081 3025 ὅπως
2112 2940 2200 3011 ἂν
2231 2967 2383 3010 πευ-

363 3048 612 3118 &fist-91⁶,
646 3043 809 3123 ἔχεις
842 3038 991 3106 τινά
1024 3040 1359 3126 μηχανήν;
1397 3036 1745 3127 Οὐδαμῶς,
1784 3047 1933 3128 ἔφη,
1969 3041 2149 3121 ὅπως
2185 3039 2252 3126 γ’
2290 3036 2380 3108 ἂν

192 3175 201 3184 ·
290 3152 330 3200 1)
371 3135 560 3205 αὐτοὶ
583 3129 800 3204 οὗτοι·
846 3136 1026 3218 ὅπως
1046 3138 1230 3226 μέντ’
1267 3169 1355 3209 αν
1385 3146 1454 3209 οἰ
1472 3141 1732 3209 τούτων
1755 3145 1918 3221 υἱεῖς
1939 3144 2048 3209 καὶ
2070 3145 2141 3210 οἱ
2155 3146 2380 3210 ἔπειτα

364 3239 435 3302 οι
448 3231 509 3302 τ’
536 3232 726 3303 αλλοι
748 3233 1100 3321 άνθρωποι
1124 3238 1240 3306 οἰ
1210 3237 1515 3323 ὕστερον.
1597 3236 1788 3309 Ἀλλά
1807 3242 1917 3307 καὶ
1946 3246 2168 3322 τοῦτο,
2194 3231 2282 3325 ἦν
2303 3237 2372 3306 δ’

362 3332 512 3418 ἐγώ,
538 3324 616 3400 εὖ
647 3361 736 3401 αν
755 3339 889 3421 ἔχοι
909 3332 1077 3420 πρός
1109 3335 1184 3403 τὸ
1220 3344 1475 3422 μᾶλλον
1497 3336 1745 3418 αὐτοὺς
1765 3345 1880 3425 τῆς
1900 3335 2155 3416 πόλεως
2176 3361 2246 3404 τε
2266 3337 2377 3406 καὶ

362 3430 674 3518 ἀλλήλων
695 3434 1054 3521 κη’δεσθαι·
1091 3434 1331 3520 σχεδὸν
1352 3436 1482 3521 γάρ
1504 3462 1567 3503 τι
1590 3436 1917 3522 μανθάνω
1942 3434 1982 3503 δ
2004 3440 2227 3523 λέγεις.
