<?xml version="1.0" encoding="UTF-8"?>
<!DOCTYPE html PUBLIC "-//W3C//DTD XHTML 1.0 Transitional//EN"
    "http://www.w3.org/TR/xhtml1/DTD/xhtml1-transitional.dtd">
<html xmlns="http://www.w3.org/1999/xhtml" xml:lang="en" lang="en">
 <head>
  <title>
</title>
<meta http-equiv="Content-Type" content="text/html;charset=utf-8" />
  <meta name='ocr-system' content='tesseract 3.04.00' />
  <meta name='ocr-capabilities' content='ocr_page ocr_carea ocr_par ocr_line ocrx_word'/>
</head>
<body>
  <div class='ocr_page' id='page_1' title='image "./dialogisecundum07platgoog_0289.png"; bbox 0 0 2602 3928; ppageno 0'>
   <div class='ocr_carea' id='block_1_1' title="bbox 944 206 2299 291">
    <p class='ocr_par' dir='ltr' id='par_1_1' title="bbox 944 206 2299 291">
     <span class='ocr_line' id='line_1_1' title="bbox 944 206 2299 291; baseline 0.003 -19"><span class='ocrx_word' id='word_1_1' title='bbox 944 215 1518 273; x_wconf 77' lang='grc' dir='ltr'><em>ΠΟΛΙΤΕΙΑΣ</em></span> <span class='ocrx_word' id='word_1_2' title='bbox 1551 206 1626 291; x_wconf 72' lang='grc' dir='ltr'><strong><em>η’.</em></strong></span> <span class='ocrx_word' id='word_1_3' title='bbox 2175 213 2299 276; x_wconf 77' lang='lat'><strong><em>253</em></strong></span> 
     </span>
    </p>
   </div>
   <div class='ocr_carea' id='block_1_2' title="bbox 286 369 2445 2822">
    <p class='ocr_par' dir='ltr' id='par_1_2' title="bbox 286 369 2445 2822">
     <span class='ocr_line' id='line_1_2' title="bbox 287 369 2302 461; baseline 0.001 -24"><span class='ocrx_word' id='word_1_4' title='bbox 287 371 415 438; x_wconf 76' lang='grc' dir='ltr'><strong><em>Καὶ</em></strong></span> <span class='ocrx_word' id='word_1_5' title='bbox 439 371 647 458; x_wconf 74' lang='grc' dir='ltr'><strong><em>λόγον</em></strong></span> <span class='ocrx_word' id='word_1_6' title='bbox 675 372 765 459; x_wconf 74' lang='grc' dir='ltr'><strong><em>γ’,</em></strong></span> <span class='ocrx_word' id='word_1_7' title='bbox 804 369 891 460; x_wconf 79' lang='grc' dir='ltr'><strong><em>ἦν</em></strong></span> <span class='ocrx_word' id='word_1_8' title='bbox 927 372 993 441; x_wconf 87' lang='grc' dir='ltr'><strong><em>δ’</em></strong></span> <span class='ocrx_word' id='word_1_9' title='bbox 1027 372 1178 459; x_wconf 74' lang='grc' dir='ltr'><strong><em>ἐγώ,</em></strong></span> <span class='ocrx_word' id='word_1_10' title='bbox 1215 370 1440 459; x_wconf 79' lang='grc' dir='ltr'><strong><em>ἀληθῆ</em></strong></span> <span class='ocrx_word' id='word_1_11' title='bbox 1471 372 1555 440; x_wconf 89' lang='grc' dir='ltr'><strong><em>ού</em></strong></span> <span class='ocrx_word' id='word_1_12' title='bbox 1583 373 2110 461; x_wconf 85' lang='grc' dir='ltr'><strong><em>προσδεχόμενος</em></strong></span> <span class='ocrx_word' id='word_1_13' title='bbox 2142 374 2302 444; x_wconf 74' lang='grc' dir='ltr'><strong><em>οὐδὲ</em></strong></span> 
     </span>
     <span class='ocr_line' id='line_1_3' title="bbox 286 468 2300 559; baseline 0.002 -25"><span class='ocrx_word' id='word_1_14' title='bbox 286 472 543 556; x_wconf 84' lang='grc' dir='ltr'><strong><em>παριεὶς</em></strong></span> <span class='ocrx_word' id='word_1_15' title='bbox 563 477 657 551; x_wconf 81' lang='grc' dir='ltr'><strong><em>εἰς</em></strong></span> <span class='ocrx_word' id='word_1_16' title='bbox 676 472 750 540; x_wconf 86' lang='grc' dir='ltr'>τό</span> <span class='ocrx_word' id='word_1_17' title='bbox 776 471 1130 558; x_wconf 87' lang='grc' dir='ltr'><strong><em>φρούριον,</em></strong></span> <span class='ocrx_word' id='word_1_18' title='bbox 1155 471 1275 539; x_wconf 82' lang='grc' dir='ltr'><strong><em>ἐάν</em></strong></span> <span class='ocrx_word' id='word_1_19' title='bbox 1298 497 1398 551; x_wconf 89' lang='grc' dir='ltr'><strong><em>τις</em></strong></span> <span class='ocrx_word' id='word_1_20' title='bbox 1419 476 1597 559; x_wconf 81' lang='grc' dir='ltr'><strong><em>λέγῃ,</em></strong></span> <span class='ocrx_word' id='word_1_21' title='bbox 1624 468 1714 550; x_wconf 82' lang='grc' dir='ltr'><strong><em>ῶς</em></strong></span> <span class='ocrx_word' id='word_1_22' title='bbox 1747 477 1822 540; x_wconf 81' lang='grc' dir='ltr'><strong><em>αί</em></strong></span> <span class='ocrx_word' id='word_1_23' title='bbox 1846 476 1970 559; x_wconf 80' lang='grc' dir='ltr'><strong><em>μέν</em></strong></span> <span class='ocrx_word' id='word_1_24' title='bbox 2004 480 2130 542; x_wconf 78' lang='grc' dir='ltr'><strong><em>εἰσι</em></strong></span> <span class='ocrx_word' id='word_1_25' title='bbox 2161 480 2300 541; x_wconf 89' lang='grc' dir='ltr'><strong><em>τῶν</em></strong></span> 
     </span>
     <span class='ocr_line' id='line_1_4' title="bbox 287 567 2383 657; baseline 0.001 -23"><span class='ocrx_word' id='word_1_26' title='bbox 287 575 513 636; x_wconf 81' lang='grc' dir='ltr'><strong><em>καλῶν</em></strong></span> <span class='ocrx_word' id='word_1_27' title='bbox 532 594 604 636; x_wconf 91' lang='grc' dir='ltr'><strong><em>τε</em></strong></span> <span class='ocrx_word' id='word_1_28' title='bbox 624 573 734 637; x_wconf 86' lang='grc' dir='ltr'><strong><em>καὶ</em></strong></span> <span class='ocrx_word' id='word_1_29' title='bbox 754 568 1037 655; x_wconf 78' lang='grc' dir='ltr'><strong><em>ἀγαθῶν</em></strong></span> <span class='ocrx_word' id='word_1_30' title='bbox 1057 574 1435 656; x_wconf 77' lang='grc' dir='ltr'><strong><em>ἐπιθυμιῶν</em></strong></span> <span class='ocrx_word' id='word_1_31' title='bbox 1467 567 1726 655; x_wconf 82' lang='grc' dir='ltr'><strong><em>ἡδοναί,</em></strong></span> <span class='ocrx_word' id='word_1_32' title='bbox 1749 573 1823 637; x_wconf 85' lang='grc' dir='ltr'><strong><em>αί</em></strong></span> <span class='ocrx_word' id='word_1_33' title='bbox 1841 574 1913 638; x_wconf 76' lang='grc' dir='ltr'><strong><em>δὲ</em></strong></span> <span class='ocrx_word' id='word_1_34' title='bbox 1932 577 2068 639; x_wconf 87' lang='grc' dir='ltr'><strong><em>τῶν</em></strong></span> <span class='ocrx_word' id='word_1_35' title='bbox 2089 594 2300 657; x_wconf 87' lang='grc' dir='ltr'><strong><em>πονη-</em></strong></span> <span class='ocrx_word' id='word_1_36' title='bbox 2345 598 2383 650; x_wconf 82' lang='lat'><em>0</em></span> 
     </span>
     <span class='ocr_line' id='line_1_5' title="bbox 289 665 2301 755; baseline 0.002 -25"><span class='ocrx_word' id='word_1_37' title='bbox 289 672 449 750; x_wconf 88' lang='grc' dir='ltr'><strong><em>ρῶν,</em></strong></span> <span class='ocrx_word' id='word_1_38' title='bbox 471 665 718 745; x_wconf 72' lang='grc' dir='ltr'><strong><em>καὶτὰς</em></strong></span> <span class='ocrx_word' id='word_1_39' title='bbox 737 669 860 753; x_wconf 73' lang='grc' dir='ltr'><strong><em>μὲν</em></strong></span> <span class='ocrx_word' id='word_1_40' title='bbox 874 666 997 754; x_wconf 82' lang='grc' dir='ltr'><strong><em>χρὴ</em></strong></span> <span class='ocrx_word' id='word_1_41' title='bbox 1018 666 1434 753; x_wconf 74' lang='grc' dir='ltr'><strong><em>ἐπιτηδεύειν</em></strong></span> <span class='ocrx_word' id='word_1_42' title='bbox 1453 668 1566 743; x_wconf 71' lang='grc' dir='ltr'><strong><em>καὶ</em></strong></span> <span class='ocrx_word' id='word_1_43' title='bbox 1585 673 1809 755; x_wconf 77' lang='grc' dir='ltr'><strong><em>τιμᾷν,</em></strong></span> <span class='ocrx_word' id='word_1_44' title='bbox 1834 666 1951 748; x_wconf 74' lang='grc' dir='ltr'><strong><em>τὰς</em></strong></span> <span class='ocrx_word' id='word_1_45' title='bbox 1988 668 2059 737; x_wconf 79' lang='grc' dir='ltr'><strong><em>δὲ</em></strong></span> <span class='ocrx_word' id='word_1_46' title='bbox 2093 668 2301 735; x_wconf 82' lang='grc' dir='ltr'><strong><em>κολά-</em></strong></span> 
     </span>
     <span class='ocr_line' id='line_1_6' title="bbox 289 761 2299 845; baseline 0.001 -17"><span class='ocrx_word' id='word_1_47' title='bbox 289 767 425 842; x_wconf 79' lang='grc' dir='ltr'><strong><em>ζειν</em></strong></span> <span class='ocrx_word' id='word_1_48' title='bbox 449 788 520 830; x_wconf 90' lang='grc' dir='ltr'><strong><em>τε</em></strong></span> <span class='ocrx_word' id='word_1_49' title='bbox 546 764 657 831; x_wconf 84' lang='grc' dir='ltr'><strong><em>καὶ</em></strong></span> <span class='ocrx_word' id='word_1_50' title='bbox 680 761 1095 832; x_wconf 82' lang='grc' dir='ltr'><strong><em>δούλοῦσθαι</em></strong></span> <span class='ocrx_word' id='word_1_51' title='bbox 1109 790 1123 803; x_wconf 90' lang='grc'><em>·</em></span> <span class='ocrx_word' id='word_1_52' title='bbox 1159 763 1284 831; x_wconf 83' lang='grc' dir='ltr'><strong><em>άλλ</em></strong></span> <span class='ocrx_word' id='word_1_53' title='bbox 1299 761 1317 788; x_wconf 83' lang='grc'><strong><em>’</em></strong></span> <span class='ocrx_word' id='word_1_54' title='bbox 1342 766 1415 831; x_wconf 81' lang='grc' dir='ltr'><strong><em>ἐν</em></strong></span> <span class='ocrx_word' id='word_1_55' title='bbox 1434 771 1596 831; x_wconf 79' lang='grc' dir='ltr'><strong><em>πᾶσι</em></strong></span> <span class='ocrx_word' id='word_1_56' title='bbox 1616 763 1876 845; x_wconf 78' lang='grc' dir='ltr'><strong><em>τούτοις</em></strong></span> <span class='ocrx_word' id='word_1_57' title='bbox 1897 762 2209 832; x_wconf 84' lang='grc' dir='ltr'><strong><em>α’νανεύει</em></strong></span> <span class='ocrx_word' id='word_1_58' title='bbox 2229 789 2299 831; x_wconf 85' lang='grc' dir='ltr'><strong><em>τε</em></strong></span> 
     </span>
     <span class='ocr_line' id='line_1_7' title="bbox 288 858 2304 952; baseline 0.002 -23"><span class='ocrx_word' id='word_1_59' title='bbox 288 863 399 929; x_wconf 80' lang='grc' dir='ltr'><strong><em>καὶ</em></strong></span> <span class='ocrx_word' id='word_1_60' title='bbox 420 858 653 948; x_wconf 82' lang='grc' dir='ltr'><strong><em>ὁμοίας</em></strong></span> <span class='ocrx_word' id='word_1_61' title='bbox 673 867 880 951; x_wconf 83' lang='grc' dir='ltr'><strong><em>φησὶν</em></strong></span> <span class='ocrx_word' id='word_1_62' title='bbox 898 863 1159 943; x_wconf 78' lang='grc' dir='ltr'><strong><em>ἁπάσας</em></strong></span> <span class='ocrx_word' id='word_1_63' title='bbox 1180 862 1352 933; x_wconf 77' lang='grc' dir='ltr'><strong><em>εἶναι</em></strong></span> <span class='ocrx_word' id='word_1_64' title='bbox 1371 866 1481 933; x_wconf 80' lang='grc' dir='ltr'><strong><em>καὶ</em></strong></span> <span class='ocrx_word' id='word_1_65' title='bbox 1501 868 1805 952; x_wconf 74' lang='grc' dir='ltr'><strong><em>τιμητέας</em></strong></span> <span class='ocrx_word' id='word_1_66' title='bbox 1824 868 1891 946; x_wconf 77' lang='grc' dir='ltr'><strong><em>ἐξ</em></strong></span> <span class='ocrx_word' id='word_1_67' title='bbox 1913 875 2082 935; x_wconf 71' lang='grc' dir='ltr'><strong><em>ἴσον.</em></strong></span> <span class='ocrx_word' id='word_1_68' title='bbox 2106 867 2304 952; x_wconf 84' lang='grc' dir='ltr'><strong><em>Σφό-</em></strong></span> 
     </span>
     <span class='ocr_line' id='line_1_8' title="bbox 292 959 2302 1054; baseline 0.002 -26"><span class='ocrx_word' id='word_1_69' title='bbox 292 964 417 1045; x_wconf 88' lang='grc' dir='ltr'><strong><em>δρα</em></strong></span> <span class='ocrx_word' id='word_1_70' title='bbox 444 961 769 1050; x_wconf 52' lang='lat' dir='ltr'><strong><em>roim-gon,</em></strong></span> <span class='ocrx_word' id='word_1_71' title='bbox 806 961 983 1032; x_wconf 74' lang='grc' dir='ltr'><strong><em>οὕτω</em></strong></span> <span class='ocrx_word' id='word_1_72' title='bbox 1009 968 1417 1049; x_wconf 81' lang='grc' dir='ltr'><strong><em>διακείμενος</em></strong></span> <span class='ocrx_word' id='word_1_73' title='bbox 1444 971 1642 1032; x_wconf 87' lang='grc' dir='ltr'><strong><em>τοῦτο</em></strong></span> <span class='ocrx_word' id='word_1_74' title='bbox 1677 969 1825 1054; x_wconf 77' lang='grc' dir='ltr'><strong><em>δρᾷ.</em></strong></span> <span class='ocrx_word' id='word_1_75' title='bbox 1885 963 2183 1050; x_wconf 78' lang='grc' dir='ltr'><strong><em>Οὐκοῦν,</em></strong></span> <span class='ocrx_word' id='word_1_76' title='bbox 2214 959 2302 1053; x_wconf 85' lang='grc' dir='ltr'><strong><em>ἦν</em></strong></span> 
     </span>
     <span class='ocr_line' id='line_1_9' title="bbox 290 1057 2304 1161; baseline 0.001 -33"><span class='ocrx_word' id='word_1_77' title='bbox 290 1057 354 1128; x_wconf 88' lang='grc' dir='ltr'><strong><em>δ’</em></strong></span> <span class='ocrx_word' id='word_1_78' title='bbox 400 1060 552 1147; x_wconf 71' lang='grc' dir='ltr'><strong><em>ἐγώ,</em></strong></span> <span class='ocrx_word' id='word_1_79' title='bbox 579 1064 698 1130; x_wconf 79' lang='grc' dir='ltr'><strong><em>καὶ</em></strong></span> <span class='ocrx_word' id='word_1_80' title='bbox 732 1067 917 1161; x_wconf 64' lang='grc' dir='ltr'><strong><em>διαζῇ</em></strong></span> <span class='ocrx_word' id='word_1_81' title='bbox 949 1060 1024 1130; x_wconf 82' lang='grc' dir='ltr'><strong><em>τὸ</em></strong></span> <span class='ocrx_word' id='word_1_82' title='bbox 1059 1060 1224 1130; x_wconf 87' lang='grc' dir='ltr'><strong><em>καθ’</em></strong></span> <span class='ocrx_word' id='word_1_83' title='bbox 1258 1059 1515 1148; x_wconf 77' lang='grc' dir='ltr'><strong><em>ἡμέραν</em></strong></span> <span class='ocrx_word' id='word_1_84' title='bbox 1547 1060 1726 1130; x_wconf 82' lang='grc' dir='ltr'><strong><em>οὕτω</em></strong></span> <span class='ocrx_word' id='word_1_85' title='bbox 1766 1063 2187 1150; x_wconf 75' lang='grc' dir='ltr'><strong><em>χαριζόμενος</em></strong></span> <span class='ocrx_word' id='word_1_86' title='bbox 2220 1069 2304 1149; x_wconf 82' lang='grc' dir='ltr'><strong><em>τῇ</em></strong></span> 
     </span>
     <span class='ocr_line' id='line_1_10' title="bbox 289 1159 2303 1250; baseline 0.001 -25"><span class='ocrx_word' id='word_1_87' title='bbox 289 1159 796 1248; x_wconf 76' lang='grc' dir='ltr'><strong><em>προσπιπτούσῃ</em></strong></span> <span class='ocrx_word' id='word_1_88' title='bbox 816 1163 1162 1250; x_wconf 63' lang='grc' dir='ltr'><strong><em>ἐπιθυμίᾳ,</em></strong></span> <span class='ocrx_word' id='word_1_89' title='bbox 1186 1159 1333 1228; x_wconf 69' lang='grc' dir='ltr'><strong><em>τοτὲ</em></strong></span> <span class='ocrx_word' id='word_1_90' title='bbox 1352 1162 1476 1245; x_wconf 78' lang='grc' dir='ltr'><strong><em>μὲν</em></strong></span> <span class='ocrx_word' id='word_1_91' title='bbox 1494 1161 1776 1246; x_wconf 79' lang='grc' dir='ltr'><strong><em>μεθύων</em></strong></span> <span class='ocrx_word' id='word_1_92' title='bbox 1796 1166 1903 1230; x_wconf 82' lang='grc' dir='ltr'><strong><em>καὶ</em></strong></span> <span class='ocrx_word' id='word_1_93' title='bbox 1925 1161 2303 1230; x_wconf 81' lang='grc' dir='ltr'><strong><em>καταυλού-</em></strong></span> 
     </span>
     <span class='ocr_line' id='line_1_11' title="bbox 289 1250 2381 1344; baseline 0.001 -20"><span class='ocrx_word' id='word_1_94' title='bbox 289 1282 507 1343; x_wconf 83' lang='grc' dir='ltr'><strong><em>μενος,</em></strong></span> <span class='ocrx_word' id='word_1_95' title='bbox 530 1250 733 1337; x_wconf 80' lang='grc' dir='ltr'><strong><em>αὖθις</em></strong></span> <span class='ocrx_word' id='word_1_96' title='bbox 755 1261 827 1325; x_wconf 74' lang='grc' dir='ltr'><strong><em>δὲ</em></strong></span> <span class='ocrx_word' id='word_1_97' title='bbox 851 1256 1244 1343; x_wconf 74' lang='grc' dir='ltr'><strong><em>ὑδροποτῶν</em></strong></span> <span class='ocrx_word' id='word_1_98' title='bbox 1264 1261 1378 1325; x_wconf 79' lang='grc' dir='ltr'><strong><em>καὶ</em></strong></span> <span class='ocrx_word' id='word_1_99' title='bbox 1398 1259 2041 1344; x_wconf 77' lang='grc' dir='ltr'><strong><em>κατισχναινόμενος,</em></strong></span> <span class='ocrx_word' id='word_1_100' title='bbox 2063 1258 2208 1326; x_wconf 75' lang='grc' dir='ltr'><strong><em>τοτὲ</em></strong></span> <span class='ocrx_word' id='word_1_101' title='bbox 2233 1256 2298 1327; x_wconf 84' lang='grc' dir='ltr'><strong><em>δ’</em></strong></span> <span class='ocrx_word' id='word_1_102' title='bbox 2337 1269 2381 1319; x_wconf 85' lang='lat' dir='ltr'>D</span> 
     </span>
     <span class='ocr_line' id='line_1_12' title="bbox 293 1348 2299 1451; baseline 0 -30"><span class='ocrx_word' id='word_1_103' title='bbox 293 1348 387 1421; x_wconf 81' lang='grc' dir='ltr'><strong><em>αὖ</em></strong></span> <span class='ocrx_word' id='word_1_104' title='bbox 407 1352 922 1444; x_wconf 67' lang='grc' dir='ltr'><strong><em>γυμναζόμενοςξ</em></strong></span> <span class='ocrx_word' id='word_1_105' title='bbox 947 1362 1084 1424; x_wconf 84' lang='grc' dir='ltr'><strong><em>ἔστι</em></strong></span> <span class='ocrx_word' id='word_1_106' title='bbox 1107 1352 1171 1422; x_wconf 91' lang='grc' dir='ltr'><strong><em>δ’</em></strong></span> <span class='ocrx_word' id='word_1_107' title='bbox 1196 1354 1307 1423; x_wconf 78' lang='grc' dir='ltr'><strong><em>ὅτε</em></strong></span> <span class='ocrx_word' id='word_1_108' title='bbox 1329 1353 1558 1442; x_wconf 81' lang='grc' dir='ltr'><strong><em>άργῶν</em></strong></span> <span class='ocrx_word' id='word_1_109' title='bbox 1592 1358 1702 1425; x_wconf 85' lang='grc' dir='ltr'><strong><em>καὶ</em></strong></span> <span class='ocrx_word' id='word_1_110' title='bbox 1723 1356 1997 1451; x_wconf 75' lang='grc' dir='ltr'><strong><em>πάντων</em></strong></span> <span class='ocrx_word' id='word_1_111' title='bbox 2015 1353 2299 1442; x_wconf 75' lang='grc' dir='ltr'><strong><em>ἀμελῶν,</em></strong></span> 
     </span>
     <span class='ocr_line' id='line_1_13' title="bbox 291 1449 2303 1541; baseline -0 -21"><span class='ocrx_word' id='word_1_112' title='bbox 291 1452 440 1521; x_wconf 73' lang='grc' dir='ltr'><strong><em>τοτὲ</em></strong></span> <span class='ocrx_word' id='word_1_113' title='bbox 464 1449 528 1520; x_wconf 87' lang='grc' dir='ltr'><strong><em>δ’</em></strong></span> <span class='ocrx_word' id='word_1_114' title='bbox 569 1450 658 1531; x_wconf 80' lang='grc' dir='ltr'><strong><em>ῶς</em></strong></span> <span class='ocrx_word' id='word_1_115' title='bbox 697 1456 771 1519; x_wconf 77' lang='grc' dir='ltr'><strong><em>ἐν</em></strong></span> <span class='ocrx_word' id='word_1_116' title='bbox 816 1458 1181 1541; x_wconf 77' lang='grc' dir='ltr'><strong><em>φιλοσοφίᾳ</em></strong></span> <span class='ocrx_word' id='word_1_117' title='bbox 1222 1457 1607 1540; x_wconf 76' lang='grc' dir='ltr'><strong><em>διατρίβων·</em></strong></span> <span class='ocrx_word' id='word_1_118' title='bbox 1649 1453 1964 1533; x_wconf 80' lang='grc' dir='ltr'><strong><em>πολλάκις</em></strong></span> <span class='ocrx_word' id='word_1_119' title='bbox 1998 1453 2070 1521; x_wconf 73' lang='grc' dir='ltr'><strong><em>δὲ</em></strong></span> <span class='ocrx_word' id='word_1_120' title='bbox 2110 1460 2303 1520; x_wconf 87' lang='grc' dir='ltr'><strong><em>πολι-</em></strong></span> 
     </span>
     <span class='ocr_line' id='line_1_14' title="bbox 291 1545 2301 1638; baseline 0 -22"><span class='ocrx_word' id='word_1_121' title='bbox 291 1549 569 1632; x_wconf 88' lang='grc' dir='ltr'><strong><em>τεύεται,</em></strong></span> <span class='ocrx_word' id='word_1_122' title='bbox 598 1551 708 1618; x_wconf 88' lang='grc' dir='ltr'><strong><em>καὶ</em></strong></span> <span class='ocrx_word' id='word_1_123' title='bbox 729 1548 1092 1637; x_wconf 75' lang='grc' dir='ltr'><strong><em>ἀναπηδῶν</em></strong></span> <span class='ocrx_word' id='word_1_124' title='bbox 1115 1547 1156 1617; x_wconf 79' lang='grc' dir='ltr'><strong><em>δ’</em></strong></span> <span class='ocrx_word' id='word_1_125' title='bbox 1175 1568 1238 1616; x_wconf 83' lang='grc' dir='ltr'><strong><em>τι</em></strong></span> <span class='ocrx_word' id='word_1_126' title='bbox 1273 1545 1362 1616; x_wconf 74' lang='grc' dir='ltr'><strong><em>ἂν</em></strong></span> <span class='ocrx_word' id='word_1_127' title='bbox 1394 1547 1558 1638; x_wconf 78' lang='grc' dir='ltr'><strong><em>τύχῃ</em></strong></span> <span class='ocrx_word' id='word_1_128' title='bbox 1579 1554 1751 1635; x_wconf 77' lang='grc' dir='ltr'><strong><em>λέγει</em></strong></span> <span class='ocrx_word' id='word_1_129' title='bbox 1772 1577 1843 1618; x_wconf 96' lang='grc' dir='ltr'><strong><em>τε</em></strong></span> <span class='ocrx_word' id='word_1_130' title='bbox 1866 1552 1975 1618; x_wconf 84' lang='grc' dir='ltr'><strong><em>καὶ</em></strong></span> <span class='ocrx_word' id='word_1_131' title='bbox 1998 1549 2268 1635; x_wconf 79' lang='grc' dir='ltr'><strong><em>πράττει</em></strong></span> <span class='ocrx_word' id='word_1_132' title='bbox 2283 1576 2301 1593; x_wconf 90' lang='grc'><em>·</em></span> 
     </span>
     <span class='ocr_line' id='line_1_15' title="bbox 295 1642 2304 1736; baseline -0 -23"><span class='ocrx_word' id='word_1_133' title='bbox 295 1645 425 1713; x_wconf 79' lang='grc' dir='ltr'><strong><em>κᾶν</em></strong></span> <span class='ocrx_word' id='word_1_134' title='bbox 479 1651 642 1715; x_wconf 80' lang='grc' dir='ltr'><strong><em>ποτέ</em></strong></span> <span class='ocrx_word' id='word_1_135' title='bbox 676 1674 860 1726; x_wconf 83' lang='grc' dir='ltr'><strong><em>τινας</em></strong></span> <span class='ocrx_word' id='word_1_136' title='bbox 916 1647 1312 1733; x_wconf 75' lang='grc' dir='ltr'><strong><em>πολεμικούς</em></strong></span> <span class='ocrx_word' id='word_1_137' title='bbox 1361 1646 1634 1735; x_wconf 72' lang='grc' dir='ltr'><strong><em>ζηλώσῃ,</em></strong></span> <span class='ocrx_word' id='word_1_138' title='bbox 1677 1648 1886 1736; x_wconf 77' lang='grc' dir='ltr'><strong><em>ταύτῃ</em></strong></span> <span class='ocrx_word' id='word_1_139' title='bbox 1925 1650 2215 1734; x_wconf 81' lang='grc' dir='ltr'><strong><em>φέρεται,</em></strong></span> <span class='ocrx_word' id='word_1_140' title='bbox 2258 1642 2304 1731; x_wconf 80' lang='grc' dir='ltr'><strong><em>ἦ</em></strong></span> 
     </span>
     <span class='ocr_line' id='line_1_16' title="bbox 294 1736 2303 1830; baseline -0 -19"><span class='ocrx_word' id='word_1_141' title='bbox 294 1745 865 1830; x_wconf 71' lang='grc' dir='ltr'><strong><em>χρηματιστικούς,</em></strong></span> <span class='ocrx_word' id='word_1_142' title='bbox 909 1748 1013 1814; x_wconf 81' lang='grc' dir='ltr'><strong><em>ἐπὶ</em></strong></span> <span class='ocrx_word' id='word_1_143' title='bbox 1053 1743 1238 1814; x_wconf 84' lang='grc' dir='ltr'><strong><em>τοῦτ’</em></strong></span> <span class='ocrx_word' id='word_1_144' title='bbox 1282 1736 1393 1829; x_wconf 83' lang='grc' dir='ltr'><strong><em>αὖ,</em></strong></span> <span class='ocrx_word' id='word_1_145' title='bbox 1436 1747 1547 1814; x_wconf 85' lang='grc' dir='ltr'><strong><em>καὶ</em></strong></span> <span class='ocrx_word' id='word_1_146' title='bbox 1590 1744 1746 1813; x_wconf 77' lang='grc' dir='ltr'><strong><em>οὔτε</em></strong></span> <span class='ocrx_word' id='word_1_147' title='bbox 1781 1772 1880 1824; x_wconf 85' lang='grc' dir='ltr'><strong><em>τις</em></strong></span> <span class='ocrx_word' id='word_1_148' title='bbox 1918 1746 2101 1824; x_wconf 82' lang='grc' dir='ltr'><strong><em>τάξις</em></strong></span> <span class='ocrx_word' id='word_1_149' title='bbox 2149 1744 2303 1811; x_wconf 82' lang='grc' dir='ltr'><strong><em>οὔτε</em></strong></span> 
     </span>
     <span class='ocr_line' id='line_1_17' title="bbox 297 1839 2304 1933; baseline 0 -24"><span class='ocrx_word' id='word_1_150' title='bbox 297 1839 558 1929; x_wconf 74' lang='grc' dir='ltr'><strong><em>ἀνάγκη</em></strong></span> <span class='ocrx_word' id='word_1_151' title='bbox 580 1848 842 1911; x_wconf 80' lang='grc' dir='ltr'><strong><em>ἔπεστιν</em></strong></span> <span class='ocrx_word' id='word_1_152' title='bbox 860 1842 1075 1911; x_wconf 83' lang='grc' dir='ltr'><strong><em>αὐτοῦ</em></strong></span> <span class='ocrx_word' id='word_1_153' title='bbox 1096 1852 1192 1933; x_wconf 71' lang='grc' dir='ltr'><strong><em>τῷ</em></strong></span> <span class='ocrx_word' id='word_1_154' title='bbox 1211 1850 1359 1933; x_wconf 74' lang='grc' dir='ltr'><strong><em>βίῳ,</em></strong></span> <span class='ocrx_word' id='word_1_155' title='bbox 1383 1841 1532 1912; x_wconf 76' lang='grc' dir='ltr'><strong><em>ἀλλ’</em></strong></span> <span class='ocrx_word' id='word_1_156' title='bbox 1569 1841 1747 1931; x_wconf 79' lang='grc' dir='ltr'><strong><em>ἡδύν</em></strong></span> <span class='ocrx_word' id='word_1_157' title='bbox 1765 1870 1835 1911; x_wconf 88' lang='grc' dir='ltr'><strong><em>τε</em></strong></span> <span class='ocrx_word' id='word_1_158' title='bbox 1859 1841 1940 1929; x_wconf 81' lang='grc' dir='ltr'><strong><em>δὴ</em></strong></span> <span class='ocrx_word' id='word_1_159' title='bbox 1972 1844 2082 1911; x_wconf 84' lang='grc' dir='ltr'><strong><em>καὶ</em></strong></span> <span class='ocrx_word' id='word_1_160' title='bbox 2116 1846 2304 1911; x_wconf 75' lang='grc' dir='ltr'><strong><em>ἐλευ-</em></strong></span> 
     </span>
     <span class='ocr_line' id='line_1_18' title="bbox 296 1937 2306 2030; baseline -0.001 -21"><span class='ocrx_word' id='word_1_161' title='bbox 296 1944 533 2026; x_wconf 85' lang='grc' dir='ltr'><strong><em>θέριον</em></strong></span> <span class='ocrx_word' id='word_1_162' title='bbox 565 1942 674 2011; x_wconf 81' lang='grc' dir='ltr'><strong><em>καὶ</em></strong></span> <span class='ocrx_word' id='word_1_163' title='bbox 703 1942 1031 2027; x_wconf 82' lang='grc' dir='ltr'><strong><em>μακάρων</em></strong></span> <span class='ocrx_word' id='word_1_164' title='bbox 1053 1951 1277 2011; x_wconf 89' lang='grc' dir='ltr'><strong><em>καλῶν</em></strong></span> <span class='ocrx_word' id='word_1_165' title='bbox 1297 1940 1419 2010; x_wconf 80' lang='grc' dir='ltr'><strong><em>τόν</em></strong></span> <span class='ocrx_word' id='word_1_166' title='bbox 1441 1949 1592 2030; x_wconf 84' lang='grc' dir='ltr'><strong><em>βίον</em></strong></span> <span class='ocrx_word' id='word_1_167' title='bbox 1611 1948 1851 2012; x_wconf 84' lang='grc' dir='ltr'><strong><em>τοῦτον</em></strong></span> <span class='ocrx_word' id='word_1_168' title='bbox 1872 1948 2104 2028; x_wconf 85' lang='grc' dir='ltr'><strong><em>χρῆται</em></strong></span> <span class='ocrx_word' id='word_1_169' title='bbox 2124 1937 2306 2028; x_wconf 78' lang='grc' dir='ltr'><strong><em>αύτῷ</em></strong></span> 
     </span>
     <span class='ocr_line' id='line_1_19' title="bbox 298 2036 2382 2128; baseline 0.002 -21"><span class='ocrx_word' id='word_1_170' title='bbox 298 2037 402 2107; x_wconf 77' lang='grc' dir='ltr'><strong><em>διὰ</em></strong></span> <span class='ocrx_word' id='word_1_171' title='bbox 437 2039 701 2119; x_wconf 88' lang='grc' dir='ltr'><strong><em>παντός.</em></strong></span> <span class='ocrx_word' id='word_1_172' title='bbox 742 2040 1203 2124; x_wconf 87' lang='grc' dir='ltr'><strong><em>Παντάπασιν,</em></strong></span> <span class='ocrx_word' id='word_1_173' title='bbox 1235 2036 1281 2127; x_wconf 83' lang='grc' dir='ltr'><em>ἦ</em></span> <span class='ocrx_word' id='word_1_174' title='bbox 1320 2038 1384 2109; x_wconf 87' lang='grc' dir='ltr'><strong><em>δ’</em></strong></span> <span class='ocrx_word' id='word_1_175' title='bbox 1421 2041 1515 2128; x_wconf 77' lang='grc' dir='ltr'><strong><em>ὃς,</em></strong></span> <span class='ocrx_word' id='word_1_176' title='bbox 1547 2041 1950 2128; x_wconf 77' lang='grc' dir='ltr'><strong><em>διελήλυθας</em></strong></span> <span class='ocrx_word' id='word_1_177' title='bbox 1979 2045 2132 2127; x_wconf 82' lang='grc' dir='ltr'><strong><em>βίον</em></strong></span> <span class='ocrx_word' id='word_1_178' title='bbox 2163 2045 2307 2107; x_wconf 87' lang='grc' dir='ltr'><strong><em>ι’σο-</em></strong></span> <span class='ocrx_word' id='word_1_179' title='bbox 2340 2062 2382 2112; x_wconf 83' lang='grc' dir='ltr'>Ε</span> 
     </span>
     <span class='ocr_line' id='line_1_20' title="bbox 289 2131 2307 2227; baseline 0 -23"><span class='ocrx_word' id='word_1_180' title='bbox 289 2147 579 2224; x_wconf 84' lang='grc' dir='ltr'><strong><em>νομικοῦ</em></strong></span> <span class='ocrx_word' id='word_1_181' title='bbox 596 2136 780 2217; x_wconf 80' lang='grc' dir='ltr'><strong><em>τινὰς</em></strong></span> <span class='ocrx_word' id='word_1_182' title='bbox 799 2137 1064 2224; x_wconf 75' lang='grc' dir='ltr'><strong><em>ἀνδρός.</em></strong></span> <span class='ocrx_word' id='word_1_183' title='bbox 1113 2138 1315 2226; x_wconf 79' lang='grc' dir='ltr'><strong><em>Οἶμαι</em></strong></span> <span class='ocrx_word' id='word_1_184' title='bbox 1347 2142 1423 2207; x_wconf 80' lang='grc' dir='ltr'><strong><em>δέ</em></strong></span> <span class='ocrx_word' id='word_1_185' title='bbox 1450 2166 1549 2226; x_wconf 75' lang='grc' dir='ltr'><strong><em>γε,</em></strong></span> <span class='ocrx_word' id='word_1_186' title='bbox 1587 2131 1676 2227; x_wconf 84' lang='grc' dir='ltr'><strong><em>ἦν</em></strong></span> <span class='ocrx_word' id='word_1_187' title='bbox 1707 2135 1772 2207; x_wconf 84' lang='grc' dir='ltr'><strong><em>δ’</em></strong></span> <span class='ocrx_word' id='word_1_188' title='bbox 1817 2137 1967 2224; x_wconf 71' lang='grc' dir='ltr'><strong><em>ἐγώ,</em></strong></span> <span class='ocrx_word' id='word_1_189' title='bbox 1993 2142 2105 2206; x_wconf 82' lang='grc' dir='ltr'><strong><em>καὶ</em></strong></span> <span class='ocrx_word' id='word_1_190' title='bbox 2132 2162 2307 2205; x_wconf 86' lang='grc' dir='ltr'><strong><em>παν·-</em></strong></span> 
     </span>
     <span class='ocr_line' id='line_1_21' title="bbox 300 2235 2305 2326; baseline 0 -22"><span class='ocrx_word' id='word_1_191' title='bbox 300 2238 593 2304; x_wconf 88' lang='grc' dir='ltr'><strong><em>τοδαπόν</em></strong></span> <span class='ocrx_word' id='word_1_192' title='bbox 613 2263 684 2305; x_wconf 88' lang='grc' dir='ltr'><strong><em>τε</em></strong></span> <span class='ocrx_word' id='word_1_193' title='bbox 704 2240 815 2304; x_wconf 85' lang='grc' dir='ltr'><strong><em>καὶ</em></strong></span> <span class='ocrx_word' id='word_1_194' title='bbox 834 2244 1161 2307; x_wconf 81' lang='grc' dir='ltr'><strong><em>πλείστων</em></strong></span> <span class='ocrx_word' id='word_1_195' title='bbox 1191 2235 1390 2324; x_wconf 80' lang='grc' dir='ltr'><strong><em>ἠθῶν</em></strong></span> <span class='ocrx_word' id='word_1_196' title='bbox 1410 2239 1676 2326; x_wconf 89' lang='grc' dir='ltr'><strong><em>μεστόν,</em></strong></span> <span class='ocrx_word' id='word_1_197' title='bbox 1707 2241 1817 2306; x_wconf 84' lang='grc' dir='ltr'><strong><em>καὶ</em></strong></span> <span class='ocrx_word' id='word_1_198' title='bbox 1849 2237 1972 2305; x_wconf 80' lang='grc' dir='ltr'><strong><em>τὸν</em></strong></span> <span class='ocrx_word' id='word_1_199' title='bbox 2003 2237 2213 2305; x_wconf 88' lang='grc' dir='ltr'><strong><em>καλόν</em></strong></span> <span class='ocrx_word' id='word_1_200' title='bbox 2237 2262 2305 2304; x_wconf 87' lang='grc' dir='ltr'><strong><em>τε</em></strong></span> 
     </span>
     <span class='ocr_line' id='line_1_22' title="bbox 298 2333 2308 2423; baseline -0.001 -20"><span class='ocrx_word' id='word_1_201' title='bbox 298 2337 406 2403; x_wconf 84' lang='grc' dir='ltr'><strong><em>καὶ</em></strong></span> <span class='ocrx_word' id='word_1_202' title='bbox 421 2341 744 2419; x_wconf 85' lang='grc' dir='ltr'><strong><em>ποικίλον,</em></strong></span> <span class='ocrx_word' id='word_1_203' title='bbox 769 2333 990 2422; x_wconf 82' lang='grc' dir='ltr'><strong><em>ῶσπερ</em></strong></span> <span class='ocrx_word' id='word_1_204' title='bbox 1026 2340 1288 2423; x_wconf 81' lang='grc' dir='ltr'><strong><em>ἐκείνην</em></strong></span> <span class='ocrx_word' id='word_1_205' title='bbox 1307 2336 1435 2423; x_wconf 81' lang='grc' dir='ltr'><strong><em>τὴν</em></strong></span> <span class='ocrx_word' id='word_1_206' title='bbox 1456 2336 1669 2422; x_wconf 88' lang='grc' dir='ltr'><strong><em>πόλιν,</em></strong></span> <span class='ocrx_word' id='word_1_207' title='bbox 1693 2345 1933 2405; x_wconf 85' lang='grc' dir='ltr'><strong><em>τοῦτον</em></strong></span> <span class='ocrx_word' id='word_1_208' title='bbox 1951 2334 2071 2404; x_wconf 82' lang='grc' dir='ltr'><strong><em>τὸν</em></strong></span> <span class='ocrx_word' id='word_1_209' title='bbox 2095 2335 2308 2419; x_wconf 78' lang='grc' dir='ltr'><strong><em>ἄνδρα</em></strong></span> 
     </span>
     <span class='ocr_line' id='line_1_23' title="bbox 300 2431 2309 2522; baseline -0.001 -19"><span class='ocrx_word' id='word_1_210' title='bbox 300 2433 500 2503; x_wconf 77' lang='grc' dir='ltr'><strong><em>εἶναι’</em></strong></span> <span class='ocrx_word' id='word_1_211' title='bbox 544 2431 626 2502; x_wconf 75' lang='grc' dir='ltr'><strong><em>ὃν</em></strong></span> <span class='ocrx_word' id='word_1_212' title='bbox 647 2439 877 2505; x_wconf 84' lang='grc' dir='ltr'><strong><em>πολλοὶ</em></strong></span> <span class='ocrx_word' id='word_1_213' title='bbox 900 2432 988 2503; x_wconf 76' lang='grc' dir='ltr'><strong><em>ἂν</em></strong></span> <span class='ocrx_word' id='word_1_214' title='bbox 1023 2440 1129 2504; x_wconf 83' lang='grc' dir='ltr'><strong><em>καὶ</em></strong></span> <span class='ocrx_word' id='word_1_215' title='bbox 1164 2438 1404 2504; x_wconf 85' lang='grc' dir='ltr'><strong><em>πολλαὶ</em></strong></span> <span class='ocrx_word' id='word_1_216' title='bbox 1435 2435 1793 2522; x_wconf 72' lang='grc' dir='ltr'><strong><em>ζηλώσειαν</em></strong></span> <span class='ocrx_word' id='word_1_217' title='bbox 1824 2443 1946 2503; x_wconf 83' lang='grc' dir='ltr'><strong><em>τοῦ</em></strong></span> <span class='ocrx_word' id='word_1_218' title='bbox 1969 2443 2144 2522; x_wconf 85' lang='grc' dir='ltr'><strong><em>βίον,</em></strong></span> <span class='ocrx_word' id='word_1_219' title='bbox 2177 2458 2309 2502; x_wconf 88' lang='grc' dir='ltr'><strong><em>πα-</em></strong></span> 
     </span>
     <span class='ocr_line' id='line_1_24' title="bbox 301 2529 2310 2622; baseline -0 -22"><span class='ocrx_word' id='word_1_220' title='bbox 301 2537 699 2622; x_wconf 76' lang='grc' dir='ltr'><strong><em>ραδείγματα</em></strong></span> <span class='ocrx_word' id='word_1_221' title='bbox 740 2540 1092 2602; x_wconf 87' lang='grc' dir='ltr'><strong><em>πολιτειῶν</em></strong></span> <span class='ocrx_word' id='word_1_222' title='bbox 1131 2561 1204 2603; x_wconf 91' lang='grc' dir='ltr'><strong><em>τε</em></strong></span> <span class='ocrx_word' id='word_1_223' title='bbox 1243 2537 1354 2602; x_wconf 85' lang='grc' dir='ltr'><strong><em>καὶ</em></strong></span> <span class='ocrx_word' id='word_1_224' title='bbox 1392 2536 1666 2619; x_wconf 88' lang='grc' dir='ltr'><strong><em>τρόπων</em></strong></span> <span class='ocrx_word' id='word_1_225' title='bbox 1704 2536 2093 2604; x_wconf 77' lang='grc' dir='ltr'><strong><em>πλεῖστα,ἐν</em></strong></span> <span class='ocrx_word' id='word_1_226' title='bbox 2128 2529 2310 2620; x_wconf 74' lang='grc' dir='ltr'><strong><em>αὐτῷ</em></strong></span> 
     </span>
     <span class='ocr_line' id='line_1_25' title="bbox 301 2622 2309 2717; baseline -0.002 -19"><span class='ocrx_word' id='word_1_227' title='bbox 301 2633 550 2715; x_wconf 74' lang='grc' dir='ltr'><strong><em>ἔχοντα.</em></strong></span> <span class='ocrx_word' id='word_1_228' title='bbox 599 2626 794 2697; x_wconf 80' lang='grc' dir='ltr'><strong><em>Οὕτω</em></strong></span> <span class='ocrx_word' id='word_1_229' title='bbox 826 2629 976 2715; x_wconf 76' lang='grc' dir='ltr'><strong><em>γάρ,</em></strong></span> <span class='ocrx_word' id='word_1_230' title='bbox 1024 2635 1173 2717; x_wconf 78' lang='grc' dir='ltr'><strong><em>ἔφη,</em></strong></span> <span class='ocrx_word' id='word_1_231' title='bbox 1219 2637 1418 2699; x_wconf 77' lang='grc' dir='ltr'><strong><em>ἔστιν.</em></strong></span> <span class='ocrx_word' id='word_1_232' title='bbox 1493 2635 1578 2698; x_wconf 87' lang='grc' dir='ltr'><strong><em>Τί</em></strong></span> <span class='ocrx_word' id='word_1_233' title='bbox 1613 2622 1775 2711; x_wconf 80' lang='grc' dir='ltr'><strong><em>οὖν;</em></strong></span> <span class='ocrx_word' id='word_1_234' title='bbox 1819 2630 2118 2716; x_wconf 81' lang='grc' dir='ltr'><strong><em>τετάχθω</em></strong></span> <span class='ocrx_word' id='word_1_235' title='bbox 2148 2626 2309 2714; x_wconf 82' lang='grc' dir='ltr'><strong><em>ἡμῖν</em></strong></span> 
     </span>
     <span class='ocr_line' id='line_1_26' title="bbox 300 2721 2445 2822; baseline 0.001 -28"><span class='ocrx_word' id='word_1_236' title='bbox 300 2725 466 2794; x_wconf 75' lang='grc' dir='ltr'><strong><em>κατὰ</em></strong></span> <span class='ocrx_word' id='word_1_237' title='bbox 495 2731 944 2813; x_wconf 82' lang='grc' dir='ltr'><strong><em>δημοκρατίαν</em></strong></span> <span class='ocrx_word' id='word_1_238' title='bbox 966 2724 1002 2794; x_wconf 87' lang='grc' dir='ltr'>ὁ</span> <span class='ocrx_word' id='word_1_239' title='bbox 1023 2736 1324 2807; x_wconf 85' lang='grc' dir='ltr'><strong><em>τοιοῦτος</em></strong></span> <span class='ocrx_word' id='word_1_240' title='bbox 1344 2727 1538 2814; x_wconf 79' lang='grc' dir='ltr'><strong><em>ἀνήρ,</em></strong></span> <span class='ocrx_word' id='word_1_241' title='bbox 1577 2726 1669 2816; x_wconf 81' lang='grc' dir='ltr'><strong><em>ῶς</em></strong></span> <span class='ocrx_word' id='word_1_242' title='bbox 1689 2723 2169 2814; x_wconf 79' lang='grc' dir='ltr'><strong><em>δημοκρατικὸς</em></strong></span> <span class='ocrx_word' id='word_1_243' title='bbox 2190 2721 2309 2822; x_wconf 76' lang='grc' dir='ltr'><strong><em>ὀρ·-</em></strong></span> <span class='ocrx_word' id='word_1_244' title='bbox 2342 2743 2445 2799; x_wconf 65' lang='lat'><strong><em>562</em></strong></span> 
     </span>
    </p>
   </div>
   <div class='ocr_carea' id='block_1_3' title="bbox 186 2820 2013 2918">
    <p class='ocr_par' dir='ltr' id='par_1_3' title="bbox 186 2820 2013 2918">
     <span class='ocr_line' id='line_1_27' title="bbox 186 2820 2013 2918; baseline -0.003 -26"><span class='ocrx_word' id='word_1_245' title='bbox 186 2825 192 2830; x_wconf 69' lang='grc'><strong><em>’</em></strong></span> <span class='ocrx_word' id='word_1_246' title='bbox 296 2831 442 2902; x_wconf 88' lang='grc' dir='ltr'><strong><em>θῶς</em></strong></span> <span class='ocrx_word' id='word_1_247' title='bbox 461 2820 548 2890; x_wconf 74' lang='grc' dir='ltr'><strong><em>ἂν</em></strong></span> <span class='ocrx_word' id='word_1_248' title='bbox 570 2843 1258 2910; x_wconf 68' lang='grc' dir='ltr'><strong><em>προσαγορευομενοςς</em></strong></span> <span class='ocrx_word' id='word_1_249' title='bbox 1309 2832 1644 2910; x_wconf 86' lang='grc' dir='ltr'><strong><em>Τεταχθω,</em></strong></span> <span class='ocrx_word' id='word_1_250' title='bbox 1671 2830 1818 2910; x_wconf 82' lang='grc' dir='ltr'><strong><em>ἔφη.</em></strong></span> <span class='ocrx_word' id='word_1_251' title='bbox 1929 2837 2013 2918; x_wconf 47' lang='grc' dir='ltr'><strong><em>χχ</em></strong></span> 
     </span>
    </p>
   </div>
   <div class='ocr_carea' id='block_1_4' title="bbox 297 2915 2346 3495">
    <p class='ocr_par' dir='ltr' id='par_1_4' title="bbox 297 2915 2346 3495">
     <span class='ocr_line' id='line_1_28' title="bbox 467 2915 2307 3009; baseline -0.001 -21"><span class='ocrx_word' id='word_1_252' title='bbox 467 2925 619 2988; x_wconf 80' lang='lat' dir='ltr'><strong>xlv,</strong></span> <span class='ocrx_word' id='word_1_253' title='bbox 652 2919 741 2989; x_wconf 87' lang='lat' dir='ltr'><strong><em>‘H</em></strong></span> <span class='ocrx_word' id='word_1_254' title='bbox 766 2927 1077 3007; x_wconf 89' lang='grc' dir='ltr'><strong><em>καλλίστη</em></strong></span> <span class='ocrx_word' id='word_1_255' title='bbox 1123 2928 1226 3008; x_wconf 90' lang='grc' dir='ltr'><strong><em>δη,</em></strong></span> <span class='ocrx_word' id='word_1_256' title='bbox 1260 2915 1350 3009; x_wconf 78' lang='grc' dir='ltr'><strong><em>ἦν</em></strong></span> <span class='ocrx_word' id='word_1_257' title='bbox 1392 2920 1456 2988; x_wconf 88' lang='grc' dir='ltr'><strong><em>δ’</em></strong></span> <span class='ocrx_word' id='word_1_258' title='bbox 1492 2924 1645 3008; x_wconf 76' lang='grc' dir='ltr'><strong><em>ἐγω,</em></strong></span> <span class='ocrx_word' id='word_1_259' title='bbox 1685 2926 1975 2990; x_wconf 89' lang='grc' dir='ltr'><strong><em>πολιτεία</em></strong></span> <span class='ocrx_word' id='word_1_260' title='bbox 2000 2927 2090 2988; x_wconf 84' lang='grc' dir='ltr'><strong><em>’τε</em></strong></span> <span class='ocrx_word' id='word_1_261' title='bbox 2131 2920 2240 2987; x_wconf 79' lang='grc' dir='ltr'><strong><em>καὶ</em></strong></span> <span class='ocrx_word' id='word_1_262' title='bbox 2271 2918 2307 2987; x_wconf 86' lang='grc' dir='ltr'>ὁ</span> 
     </span>
     <span class='ocr_line' id='line_1_29' title="bbox 299 3014 2310 3106; baseline 0 -22"><span class='ocrx_word' id='word_1_263' title='bbox 299 3018 644 3096; x_wconf 86' lang='grc' dir='ltr'><strong><em>κάλλιστος</em></strong></span> <span class='ocrx_word' id='word_1_264' title='bbox 677 3014 848 3106; x_wconf 79' lang='grc' dir='ltr'><strong><em>ἀνὴρ</em></strong></span> <span class='ocrx_word' id='word_1_265' title='bbox 877 3018 1071 3086; x_wconf 80' lang='grc' dir='ltr'><strong><em>λοιπὰ</em></strong></span> <span class='ocrx_word' id='word_1_266' title='bbox 1109 3015 1196 3087; x_wconf 72' lang='grc' dir='ltr'><strong><em>ἄν</em></strong></span> <span class='ocrx_word' id='word_1_267' title='bbox 1224 3017 1385 3106; x_wconf 82' lang='grc' dir='ltr'><strong><em>ἡμῖν</em></strong></span> <span class='ocrx_word' id='word_1_268' title='bbox 1417 3029 1517 3105; x_wconf 79' lang='grc' dir='ltr'><strong><em>εἴη</em></strong></span> <span class='ocrx_word' id='word_1_269' title='bbox 1547 3024 1859 3104; x_wconf 82' lang='grc' dir='ltr'><strong><em>διελθεῖν,</em></strong></span> <span class='ocrx_word' id='word_1_270' title='bbox 1893 3023 2208 3100; x_wconf 86' lang='grc' dir='ltr'><strong><em>τυραννίς</em></strong></span> <span class='ocrx_word' id='word_1_271' title='bbox 2240 3043 2310 3084; x_wconf 90' lang='grc' dir='ltr'><strong><em>τε</em></strong></span> 
     </span>
     <span class='ocr_line' id='line_1_30' title="bbox 301 3115 2311 3204; baseline -0.001 -21"><span class='ocrx_word' id='word_1_272' title='bbox 301 3118 409 3183; x_wconf 77' lang='grc' dir='ltr'><strong><em>καὶ</em></strong></span> <span class='ocrx_word' id='word_1_273' title='bbox 434 3115 782 3201; x_wconf 87' lang='grc' dir='ltr'><strong><em>τύραννος.</em></strong></span> <span class='ocrx_word' id='word_1_274' title='bbox 826 3122 1088 3204; x_wconf 82' lang='grc' dir='ltr'><strong><em>Κομιδῇ</em></strong></span> <span class='ocrx_word' id='word_1_275' title='bbox 1118 3116 1211 3203; x_wconf 75' lang='grc' dir='ltr'><strong><em>γ’,</em></strong></span> <span class='ocrx_word' id='word_1_276' title='bbox 1251 3122 1398 3203; x_wconf 81' lang='grc' dir='ltr'><strong><em>ἔφη.</em></strong></span> <span class='ocrx_word' id='word_1_277' title='bbox 1444 3121 1612 3203; x_wconf 83' lang='grc' dir='ltr'><strong><em>Φέρε</em></strong></span> <span class='ocrx_word' id='word_1_278' title='bbox 1648 3117 1751 3203; x_wconf 86' lang='grc' dir='ltr'><strong><em>δή,</em></strong></span> <span class='ocrx_word' id='word_1_279' title='bbox 1787 3123 1885 3195; x_wconf 88' lang='grc' dir='ltr'><strong><em>τίς</em></strong></span> <span class='ocrx_word' id='word_1_280' title='bbox 1915 3115 2159 3202; x_wconf 87' lang='grc' dir='ltr'><strong><em>τρόπος</em></strong></span> <span class='ocrx_word' id='word_1_281' title='bbox 2190 3140 2311 3181; x_wconf 86' lang='grc' dir='ltr'><strong><em>τυ-</em></strong></span> 
     </span>
     <span class='ocr_line' id='line_1_31' title="bbox 300 3205 2312 3300; baseline -0.001 -20"><span class='ocrx_word' id='word_1_282' title='bbox 300 3217 631 3297; x_wconf 85' lang='grc' dir='ltr'><strong><em>ραννίδος,</em></strong></span> <span class='ocrx_word' id='word_1_283' title='bbox 656 3205 710 3281; x_wconf 79' lang='grc' dir='ltr'><strong><em>ῶ</em></strong></span> <span class='ocrx_word' id='word_1_284' title='bbox 744 3221 894 3299; x_wconf 85' lang='grc' dir='ltr'><strong><em>φίλε</em></strong></span> <span class='ocrx_word' id='word_1_285' title='bbox 927 3216 1157 3300; x_wconf 83' lang='grc' dir='ltr'><strong><em>ἑταῖρε,</em></strong></span> <span class='ocrx_word' id='word_1_286' title='bbox 1189 3220 1510 3300; x_wconf 68' lang='grc' dir='ltr'><strong><em>γίγνεται;</em></strong></span> <span class='ocrx_word' id='word_1_287' title='bbox 1555 3214 1656 3281; x_wconf 79' lang='grc' dir='ltr'><strong><em>ὅτι</em></strong></span> <span class='ocrx_word' id='word_1_288' title='bbox 1677 3213 1803 3300; x_wconf 74' lang='grc' dir='ltr'><strong><em>μὲν</em></strong></span> <span class='ocrx_word' id='word_1_289' title='bbox 1839 3213 1968 3300; x_wconf 76' lang='grc' dir='ltr'><strong><em>γὰρ</em></strong></span> <span class='ocrx_word' id='word_1_290' title='bbox 1997 3217 2068 3280; x_wconf 74' lang='grc' dir='ltr'><strong><em>ἐκ</em></strong></span> <span class='ocrx_word' id='word_1_291' title='bbox 2104 3215 2312 3297; x_wconf 86' lang='grc' dir='ltr'><strong><em>δημο-</em></strong></span> 
     </span>
     <span class='ocr_line' id='line_1_32' title="bbox 298 3301 2346 3398; baseline -0.002 -21"><span class='ocrx_word' id='word_1_292' title='bbox 298 3315 567 3395; x_wconf 84' lang='grc' dir='ltr'><strong><em>κρατίας</em></strong></span> <span class='ocrx_word' id='word_1_293' title='bbox 587 3311 998 3398; x_wconf 85' lang='grc' dir='ltr'><strong><em>μεταβάλλει,</em></strong></span> <span class='ocrx_word' id='word_1_294' title='bbox 1022 3309 1259 3397; x_wconf 83' lang='grc' dir='ltr'><strong><em>σχεδὸν</em></strong></span> <span class='ocrx_word' id='word_1_295' title='bbox 1281 3315 1506 3398; x_wconf 81' lang='grc' dir='ltr'><strong><em>δῆλον.</em></strong></span> <span class='ocrx_word' id='word_1_296' title='bbox 1549 3317 1797 3396; x_wconf 85' lang='grc' dir='ltr'><strong><em>Δῆλον.</em></strong></span> <span class='ocrx_word' id='word_1_297' title='bbox 1830 3302 1971 3393; x_wconf 67' lang='lat' dir='ltr'><strong><em>&#39;Ap’</em></strong></span> <span class='ocrx_word' id='word_1_298' title='bbox 1998 3301 2125 3375; x_wconf 81' lang='grc' dir='ltr'><strong><em>οὖν</em></strong></span> <span class='ocrx_word' id='word_1_299' title='bbox 2157 3306 2301 3391; x_wconf 84' lang='grc' dir='ltr'><strong><em>τρό-</em></strong></span> <span class='ocrx_word' id='word_1_300' title='bbox 2343 3359 2346 3363; x_wconf 14' lang='grc' dir='ltr'><strong>Α</strong></span> 
     </span>
     <span class='ocr_line' id='line_1_33' title="bbox 297 3405 2309 3495; baseline -0.001 -22"><span class='ocrx_word' id='word_1_301' title='bbox 297 3430 431 3474; x_wconf 90' lang='grc' dir='ltr'><strong><em>πον</em></strong></span> <span class='ocrx_word' id='word_1_302' title='bbox 450 3406 600 3475; x_wconf 76' lang='grc' dir='ltr'><strong><em>τινὰ</em></strong></span> <span class='ocrx_word' id='word_1_303' title='bbox 630 3405 753 3476; x_wconf 79' lang='grc' dir='ltr'><strong><em>τόν</em></strong></span> <span class='ocrx_word' id='word_1_304' title='bbox 779 3405 985 3475; x_wconf 79' lang='grc' dir='ltr'><strong><em>αὐτὸν</em></strong></span> <span class='ocrx_word' id='word_1_305' title='bbox 1013 3412 1088 3476; x_wconf 79' lang='grc' dir='ltr'><strong><em>ἔκ</em></strong></span> <span class='ocrx_word' id='word_1_306' title='bbox 1112 3434 1182 3475; x_wconf 88' lang='grc' dir='ltr'><strong><em>τε</em></strong></span> <span class='ocrx_word' id='word_1_307' title='bbox 1202 3405 1575 3495; x_wconf 80' lang='grc' dir='ltr'><strong><em>ὀλιγαρχίας</em></strong></span> <span class='ocrx_word' id='word_1_308' title='bbox 1599 3412 2005 3493; x_wconf 86' lang='grc' dir='ltr'><strong><em>δημοκρατία</em></strong></span> <span class='ocrx_word' id='word_1_309' title='bbox 2022 3411 2309 3490; x_wconf 74' lang='grc' dir='ltr'><strong><em>γίγνεται</em></strong></span> 
     </span>
    </p>
   </div>
  </div>
 </body>
</html>
