2602 3928
369 198 494 265 178
1105 202 1682 266 ΠΛΑΤῼΝΟΣ

535 366 633 429 vl.
683 361 940 446 Ταύτης
962 359 1066 446 δή,
1080 352 1167 445 ἦν
1190 357 1255 425 δ’
1280 358 1431 445 ἐγώ,
1454 366 1570 446 τῆς
1590 358 1856 446 φύσεως
1878 365 1980 426 δεῖ
1997 359 2384 431 θεάσασθαι

372 459 485 539 τὰς
510 460 797 546 φθοράς,
826 455 913 536 ὦς
949 456 1284 525 διόλλυται
1320 459 1395 523 ἐν
1431 466 1717 541 πολλοῖς,
1754 455 2039 543 σμικρὸν
2074 460 2150 526 δέ
2177 485 2241 526 τι
2271 462 2387 527 ἐκ·-

367 557 623 642 φεύγει,
647 553 766 635 οὓς
792 553 870 640 δὴ
906 557 1016 622 καὶ
1046 552 1131 622 ού
1163 555 1524 640 πονηρούς,
1558 552 1928 641 ἀχρήστους
1960 554 2033 624 δὲ
2063 564 2346 624 καλοῦσι
2365 584 2381 597 ·

227 667 330 717 491
368 655 477 723 καὶ
497 652 659 740 μετά
682 660 879 722 τοῦτο
903 644 993 718 αὖ
1015 649 1132 730 τάς
1151 653 1563 738 μιμουμένας
1592 651 1844 738 ταύτην
1876 654 1988 719 καὶ
2023 658 2115 732 εἰς
2136 651 2212 720 τὸ
2238 655 2385 720 ἐπι-

368 752 662 839 τήδευμα
703 754 1192 836 καθισταμένας
1228 749 1450 835 αὐτῆς,
1488 745 1621 818 οἷαι
1654 743 1852 818 οὖσαι
1884 752 2119 836 φύσεις
2147 759 2384 837 ψυχῶν

370 856 461 929 εἰς
484 849 757 930 ἀνάξιον
779 852 889 916 καὶ
911 852 1132 932 μεῖζον
1156 848 1413 915 ἑαυτῶν
1444 844 1930 937 ἀφικνούμεναι
1962 846 2382 934 ἐπιτήδευμα,

369 955 664 1036 πολλαχῇ
699 941 1217 1039 πλημμελοῦσαι,
1254 950 1551 1031 πανταχῇ
1588 947 1698 1012 καὶ
1742 946 1846 1013 ἐπὶ
1888 945 2140 1024 πάντας
2182 945 2385 1026 δόξαν

370 1052 520 1115 οἵαν
545 1049 750 1131 λέγεις
773 1050 1136 1131 φιλοσοφίᾳ
1153 1050 1529 1129 προσῆψαν.
1577 1050 1775 1121 Τίνας
1807 1046 1911 1130 δέ,
1925 1048 2076 1166 ἔφη,
2101 1041 2215 1122 τὰς
2235 1049 2381 1110 δια-

370 1144 639 1232 φθορὰς
662 1145 902 1228 λέγεις;
942 1138 1102 1227 'Epeo'
1128 1162 1254 1226 σοι,
1281 1139 1490 1225 εἷπον,
1514 1168 1601 1208 αν
1624 1136 1763 1219 οἷός
1794 1166 1864 1209 τε
1897 1143 2210 1228 γένωμαι,
2236 1165 2384 1209 πει·-

373 1242 658 1329 ράσομαι
677 1244 991 1309 διελθεῖν.
1034 1239 1189 1307 τόδε
1223 1237 1347 1324 μὲν
1370 1231 1521 1323 οὖν,
1552 1236 1751 1325 οἶμαι,
1785 1246 1913 1317 πᾶς
1944 1237 2101 1326 ἡμῖν
2135 1236 2383 1325 ὁμολο-
2447 1260 2449 1263 ’

368 1338 578 1425 γήσει,
601 1338 918 1424 τοιαύτην
939 1338 1148 1424 φύσιν
1173 1339 1285 1404 καὶ
1322 1336 1536 1405 πάντα
1560 1335 1929 1423 ἔχουσαν,”
1888 1359 2014 1405 οσα
2053 1338 2385 1423 προσετά-

299 1444 336 1493 Β
372 1438 573 1521 ξαμεν
598 1444 729 1502 νῦν
747 1435 853 1523 δή,
877 1440 940 1503 εί
956 1437 1189 1513 τελέως
1220 1438 1447 1522 μέλλοι
1481 1434 1849 1520 φιλόσοφος
1879 1440 2216 1520 γενέσθαι,
2241 1431 2384 1503 ὀλι-

374 1533 563 1618 γάκις
608 1536 680 1601 ἐν
723 1529 1114 1617 ἀνθρώποις
1166 1532 1464 1618 φύεσθαι
1508 1536 1620 1600 καὶ
1661 1528 1915 1619 ὀλίγας·
1969 1527 2014 1620 ἢ
2057 1532 2183 1601 οὐκ
2225 1543 2383 1613 οἴεις
2427 1623 2436 1633 ·

371 1631 660 1717 Σφόδρα
702 1656 795 1715 γε.
847 1631 1120 1700 Τούτων
1163 1629 1244 1716 δὴ
1287 1638 1424 1698 τῶν
1457 1628 1701 1715 ὀλίγων
1737 1629 1971 1699 σκόπει
2016 1629 2108 1711 ὦς
2149 1632 2382 1701 πολλοὶ

371 1728 646 1815 ὄλεθροι
681 1732 791 1799 καὶ
822 1730 1113 1817 μεγάλοι.
1167 1736 1357 1807 Τίνες
1393 1729 1475 1815 δή
1493 1758 1512 1809 ;
1540 1727 1616 1797 Ὃ
1650 1729 1774 1814 μὲν
1808 1728 2079 1798 πάντων
2110 1734 2413 1815 θαυμα-“

369 1828 689 1896 στότατον
714 1826 1017 1913 ἀκοῦσαι,
1044 1827 1147 1895 ὅτι
1167 1830 1243 1894 ἓν
1264 1828 1546 1894 ἕκαστον
1569 1818 1668 1894 οἷν
1692 1829 2102 1915 ἐπῃνέσαμεν
2119 1836 2234 1914 τῆς
2254 1826 2380 1913 φύ-

368 1946 535 2004 σεως
571 1922 901 1993 ἀπόλλυσι
933 1923 1055 2011 τὴν
1090 1928 1375 2009 ἔχουσαν
1398 1922 1619 2011 ψυχὴν
1655 1927 1765 1993 καὶ
1800 1921 2068 2015 ἀποσπᾷ
2104 1918 2407 2011 φιλοσο-’

367 2030 525 2107 φίας
539 2049 556 2064 ·
600 2027 769 2108 λέγω
794 2022 866 2090 δὲ
889 2019 1228 2108 ἀνδρείαν,
1252 2022 1724 2109 σωφροσύνην,
1746 2025 1858 2092 καὶ
1880 2025 2097 2093 πάντα
2118 2021 2165 2092 οἳ
2194 2024 2383 2112 διήλ-

297 2136 334 2185 G
369 2129 604 2205 θομεν.
629 2118 944 2207 ”Ατοπον,
990 2125 1140 2206 ἔφη,
1184 2119 1484 2189 ἀκοῦσαι.
1515 2119 1657 2190 'En
1693 2129 1943 2209 τοίνυν,
1987 2116 2076 2210 ἦν
2118 2122 2182 2192 δ’
2229 2124 2378 2209 ἐγώ,

369 2215 537 2302 πρὸς
558 2216 816 2298 τούτοις
836 2217 916 2286 τὰ
940 2216 1518 2305 λεγόμενα-ἀγαθὰ
1549 2222 1764 2288 πάντα
1786 2229 2055 2307 φθείρει
2083 2224 2192 2290 καὶ
2210 2221 2382 2290 ἀπο-

371 2322 526 2405 σπᾷ,
550 2315 790 2396 κάλλος
810 2318 920 2385 καὶ
942 2324 1228 2398 πλοῦτος
1248 2320 1359 2387 καὶ
1382 2317 1565 2403 ἰσχὺς
1589 2340 1889 2405 σωματος
1916 2347 2025 2388 και
2004 2322 2395 2407 ξυγγένεια.

372 2417 711 2501 ἐρρωμένη
734 2418 808 2482 ἐν
827 2414 1016 2483 πόλει
1034 2416 1146 2483 καὶ
1168 2415 1385 2483 πάντα
1408 2415 1488 2483 τὰ
1507 2416 1766 2484 τούτων
1789 2423 2029 2486 οἰκεῖα·
2066 2423 2235 2505 ἔχεις
2249 2417 2378 2505 γὰρ

369 2508 490 2578 τὸν
509 2511 725 2579 τύπον
749 2539 845 2580 ων
865 2517 1049 2599 λέγω.
1097 2513 1280 2599 Ἔχω,
1309 2518 1466 2600 ἔφη·
1512 2516 1622 2582 καὶ
1651 2512 1860 2600 ἡδέως
1883 2514 1952 2600 γ’
1985 2544 2073 2584 αν
2108 2515 2374 2603 ἀκριβέ-

371 2631 610 2692 στερον
658 2605 703 2676 ἀ
743 2615 949 2696 λέγεις
994 2618 1353 2698 πυθοίμην.
1423 2618 1657 2698 Λαβοῦ
1699 2620 1951 2700 τοίνυν,
1987 2605 2074 2699 ἦν
2120 2612 2181 2681 δ’
2229 2615 2380 2700 ε’γω’,

370 2703 537 2776 ολου
560 2704 770 2776 αὐτοῦ
802 2706 1047 2795 όρθως,
1072 2716 1189 2777 καί
1216 2732 1324 2778 σοι
1356 2708 1642 2796 εύδηλόν
1674 2737 1745 2779 τε
1779 2726 2084 2797 φανεῖται
2110 2715 2221 2781 καὶ
2254 2712 2380 2782 ούκ

370 2804 582 2874 ἄτοπα
605 2807 779 2888 δόξει
802 2805 882 2874 τά
904 2811 1349 2895 προειρημένα
1377 2810 1526 2892 περὶ
1561 2807 1804 2877 αύτων.
1862 2816 2021 2889 Πως
2053 2836 2203 2896 ουν,
2229 2816 2380 2898 ἔφη,

297 2920 337 2969 D
371 2905 697 2987 κελεύεις··
734 2902 1014 2991 Παντός,
1054 2932 1142 2991 ην
1180 2901 1243 2971 δ’
1281 2906 1432 2992 ἐγώ,
1468 2909 1838 2992 σπέρματος
1870 2911 2021 2991 πέρι
2052 2935 2092 2994 η
2137 2917 2381 2993 φυτοῦ,

370 3012 497 3071 εἴτε
519 3005 792 3088 ἐγγείων
816 3012 944 3072 εἴτε
975 3030 1112 3071 των
1148 3005 1355 3090 ζώων,
1387 3014 1599 3091 ἴσμεν,
1635 3003 1736 3074 ότι
1768 3003 1843 3073 τὰ
1876 3003 1967 3092 μὴ
2002 3003 2209 3091 τυχὸν
2226 3033 2384 3094 τρο-

374 3108 508 3186 φῆς
527 3092 606 3186 ἧς
628 3101 946 3188 προσήκει
980 3102 1231 3192 εκάστω
1265 3100 1425 3190 μηδ’
1458 3101 1657 3189 ω’ρας
1666 3104 1830 3191 μηδὲ
1862 3104 2093 3189 τόπου,
2124 3102 2261 3192 ὅσω
2296 3131 2385 3171 αν

370 3200 939 3285 ἐρρωμενέστερον
978 3192 1057 3289 ᾗ,
1103 3200 1421 3269 τοσούτω
1444 3202 1786 3269 πλειόνων
1814 3205 1993 3271 ἐνδεῖ
2038 3228 2175 3270 των
2217 3226 2385 3287 πρε-

369 3298 667 3365 πόντων·
711 3296 948 3388 ἀγαθω
981 3300 1111 3385 γάρ
1148 3325 1280 3367 που
1316 3297 1527 3369 κακὸν
1561 3299 2035 3395 ἐναντιώτερον
2079 3295 2124 3386 ἦ
2153 3326 2247 3391 τω
2286 3296 2380 3385 μὴ

367 3393 623 3487 ἀγαθω.
665 3404 820 3477 Πως
842 3396 909 3464 δ’
940 3396 1056 3481 οὕς
1092 3395 1265 3484 Ἔχει
1304 3398 1409 3486 δή,
1451 3397 1648 3486 οἶμαι,
1687 3398 1911 3484 λόγον,
1946 3395 2071 3485 τὴν
2104 3367 2385 3484 ἀρίστην

2582 2361 2583 2398 μ
2554 2105 2586 2286 ὡκ..
