2602 3928
887 239 1470 298 ΠΟΛΙΤΕΙΑΣ
1503 233 1569 308 ς’.
2138 237 2259 301 173

250 401 626 488 προσδοκᾷς
648 400 810 464 ποτέ
828 395 977 465 τινά
996 424 1059 465 τι
1085 400 1329 476 ἱκανῶς
1353 392 1442 464 ἀν
1466 400 1746 483 στέρξαι,
1769 394 1811 464 ὃ
1837 399 2150 484 πράττων
2172 394 2261 467 ἀν

248 494 476 581 ἀλγῶν
511 522 585 564 τε
627 493 902 581 πράττοι.
945 497 1054 564 καὶ
1095 495 1288 582 μόγις
1330 495 1613 583 σμικρὸν
1647 493 1953 578 ἀνύτων;
2001 495 2148 564 Οὐκ
2174 489 2262 564 ἀν

247 595 526 680 γένοιτο.
570 599 656 662 Τί
668 590 732 661 δ’
751 623 769 675 3
796 599 856 662 εἰ
871 594 1081 680 μηδὲν
1104 588 1202 661 ῶν
1228 592 1443 681 μάθοι
1466 594 1701 675 σῶζειν
1730 594 2026 680 δύναιτο,
2049 594 2264 681 λήθης

251 687 352 760 ῶν
371 696 604 776 πλέως,
648 684 760 778 ἀρ’
800 688 888 760 ἀν
923 687 1060 772 οἷός
1091 688 1152 761 τ’
1190 702 1290 779 εἴη
1325 692 1677 782 ἐπιστήμης
1710 695 1797 780 μή
1840 690 2032 773 κενὰς
2067 691 2264 774 εἴναι;

252 793 380 860 Καὶ
411 797 583 871 πῶς;
620 788 944 874 Ἀνόνητα
967 791 1048 876 δὴ
1084 798 1317 859 πονῶν
1338 789 1485 876 οὐκ,
1511 801 1655 877 οἴει,
1681 788 2266 878 ἀναγκασθήσεται

250 895 579 957 τελευτῶν
603 883 816 955 αὐτόν
843 912 913 955 τε
935 902 1151 973 μισεῖν
1183 890 1293 956 καὶ
1315 890 1441 976 τήν
1462 889 1780 976 τοιαύτην
1812 894 2081 977 πρᾶξιν;
2109 895 2264 966 Πῶς

250 984 314 1054 δ’
341 983 460 1066 οὕς
489 982 929 1070 Ἐπιλήσμονα
953 983 1085 1071 ἄρα
1105 985 1326 1072 ψυχὴν
1347 989 1423 1055 ἐν
1443 1001 1584 1066 ταῖς
1604 992 1851 1067 ἱκανῶς
1874 987 2266 1074 φιλοσόφοις
2303 995 2345 1044 D

250 1084 344 1169 μή
380 1106 536 1150 ποτε
579 1085 1007 1169 ἐγκρίνωμεν,
1056 1080 1222 1152 ἀλλά
1263 1083 1682 1173 μνημονικὴν
1720 1084 1931 1173 αὐτὴν
1972 1091 2265 1172 ζητῶμεν

252 1186 395 1250 δεῖν
416 1178 603 1248 εἶναι.
658 1180 1056 1249 Παντάπασι
1089 1181 1212 1268 μὲν
1245 1174 1391 1252 οὖν.
1430 1180 1606 1252 Ἀλλ’
1645 1180 1728 1251 οὐ
1763 1180 1900 1270 μὴν
1932 1184 2010 1251 τό
2044 1209 2119 1269 γε
2152 1189 2267 1268 τῆς

253 1277 561 1366 ἀμούσου
579 1304 651 1348 τε
673 1281 782 1347 καὶ
804 1275 1178 1368 ἀσχήμονος
1200 1280 1470 1367 φύσεως
1490 1280 1734 1349 ἄλλοσέ
1761 1308 1875 1350 ποι
1907 1278 1995 1349 ἀν
2019 1294 2265 1366 φαῖμεν

252 1380 470 1447 ἕλκειν
490 1371 534 1462 ἢ
557 1383 649 1457 είς
670 1375 1004 1464 ἀμετρίαν.
1045 1384 1129 1446 Τί
1141 1378 1313 1466 μήν;
1347 1375 1703 1466 Ἀλήθειαν
1726 1380 1796 1448 δὲ
1817 1377 2094 1468 ἀμετρίᾳ
2119 1375 2270 1465 ἡγεῖ

255 1482 541 1564 ξυγγενῆ
563 1470 796 1562 εἶναιῆ
827 1479 1175 1567 ἐμμετρίᾳς
1214 1475 1574 1564 Ἐμμετρία.
1615 1477 1985 1566 Ἕμμετρον
2007 1474 2137 1561 ἄρα
2159 1474 2271 1542 καὶ

254 1572 528 1661 εὔχαριν
550 1580 842 1660 ζητῶμεν
875 1573 1044 1659 πρὸς
1067 1588 1202 1654 τοῖς
1236 1573 1461 1654 ἄλλοις
1487 1572 1791 1644 διάνοιαν
1813 1574 2037 1661 φύσει,
2059 1571 2145 1659 ἢν
2167 1573 2273 1639 ἐπὶ

259 1672 378 1760 τὴν
399 1681 523 1741 τοῦ
547 1671 740 1752 ὄντος
763 1675 947 1740 ἰδέαν
970 1673 1253 1741 ἑκάστου
1274 1673 1349 1742 τὸ
1375 1672 1708 1759 αὐτοφυὲς
1729 1670 2076 1758 εὐάγωγον
2098 1694 2272 1754 παρ·
2306 1684 2350 1734 Ε

255 1776 401 1851 ἑξει.
444 1777 600 1848 Πῶς
635 1767 700 1837 δ’
723 1768 842 1850 οὕς
890 1777 974 1838 Τί
995 1764 1156 1850 οὖν;
1194 1772 1289 1857 μή
1309 1796 1401 1859 πῃ
1424 1773 1756 1858 δοκοῦμέν
1781 1791 1887 1838 σοι
1909 1766 2035 1837 οὐκ
2059 1765 2274 1852 ἀναγ-

256 1883 412 1938 καῖα
445 1869 687 1937 ἕκαστα
721 1872 1188 1955 διεληλυθέναι
1220 1871 1331 1938 καὶ
1364 1869 1653 1955 ἑπόμενα
1676 1865 1987 1955 ἀλλήλοις
2006 1873 2091 1953 τῇ
2112 1872 2273 1951 μελ-

262 1968 468 2058 λούσῃ
480 1976 603 2037 τοῦ
618 1966 811 2048 ὄντος
827 1972 1074 2049 [κανῶς
1095 1995 1163 2037 τε
1176 1971 1286 2037 καὶ
1303 1971 1536 2048 τελέως
1547 1977 1727 2057 ψυχῇ
1739 1964 2237 2054 μεταλήψεσθαι
2251 1992 2271 2044 3

252 2066 762 2152 Ἀναγκαιότατα
784 2068 907 2158 μἐν
929 2060 1078 2152 οὖν,
1113 2072 1263 2154 ἔφη.
1289 2064 1515 2135 Ἔστιν
1544 2061 1672 2134 οὖν
1702 2064 1837 2153 ὅπῃ
1859 2067 2099 2152 μέμψει
2132 2086 2273 2129 τοι-
2303 2063 2407 2120 487

257 2170 465 2232 οῦτον
477 2164 900 2250 ἐπιτήδευμα,
918 2160 958 2229 ὃ
976 2164 1066 2249 μή
1088 2163 1237 2232 ποτ’
1262 2165 1350 2232 ἀν
1369 2189 1467 2244 τις
1489 2158 1626 2242 οἶός
1647 2188 1716 2232 τε
1741 2164 1998 2247 γένοιτο
2023 2165 2271 2237 ίκανῶς

257 2264 700 2347 ἐπιτηδεῦσαι,
729 2266 790 2330 εἰ
816 2258 906 2347 μὴ
941 2259 1141 2346 φύσει
1175 2272 1273 2347 εἴη
1297 2260 1599 2350 μνήμων,
1638 2256 1962 2346 εὐμαθής,
1986 2265 2275 2344 μεγαλο-

259 2358 533 2445 πρεπής,
559 2358 842 2445 εὔχαρις,
874 2367 1066 2444 φίλος
1094 2384 1164 2427 τε
1184 2362 1292 2428 καὶ
1314 2355 1634 2446 ξυγγενὴς
1654 2355 1991 2445 ἀληθείας,
2019 2350 2276 2424 δικαιο-

259 2456 489 2544 σύνης,
525 2454 853 2544 ἀνδρείας,
890 2457 1370 2544 σωφροσύνηςὸ
1419 2453 1585 2525 Οὐδ’
1623 2449 1711 2523 ἀν
1743 2451 1780 2522 ὁ
1811 2460 2088 2540 Μῶμος,
2124 2459 2274 2541 ἔφη,

258 2553 339 2622 τό
370 2581 449 2641 γε
477 2561 785 2622 τοιοῦτον
819 2556 1164 2640 μέμψαιτο.
1209 2551 1410 2640 Ἀλλ’,
1455 2545 1542 2639 ἦν
1577 2550 1644 2620 δ’
1686 2551 1836 2638 ἐγώ,
1871 2561 2278 2620 τελειωθεῖσι

263 2666 400 2732 τοῖς
419 2655 745 2730 τοιούτοις
766 2656 1031 2743 παιδεία
1054 2677 1127 2720 τε
1145 2653 1255 2719 καὶ
1282 2649 1506 2741 ἡλικίᾳ
1530 2643 1659 2737 ἀρα
1684 2648 1767 2719 ού
1787 2649 2017 2736 μόνοις
2039 2646 2127 2718 ἂν
2152 2648 2275 2735 τὴν

259 2752 460 2820 πόλιν
482 2753 883 2839 ἐπιτρέποιςς

430 2854 531 2916 111.
576 2852 710 2917 Καὶ
732 2845 768 2916 ὁ
803 2843 1240 2934 Ἀδείμαντος,
1265 2838 1345 2914 Ὦ
1377 2846 1749 2934 Σώκρατες,
1774 2850 1924 2934 ἔφη,
1959 2844 2126 2935 πρὸς
2155 2845 2279 2932 μὲν

261 2948 472 3018 ταῦτά
498 2967 604 3015 σοι
624 2943 845 3025 οὐδεὶς
878 2940 966 3015 ἀν
988 2941 1129 3028 οἷός
1150 2945 1209 3013 τ’
1238 2954 1338 3033 εἴη
1362 2943 1725 3014 ἀπειπεῖν·
1769 2942 1936 3028 ἀλλά
1972 2943 2102 3031 γὰρ
2140 2971 2280 3013 τοι-
2311 2950 2353 3001 Β

263 3049 422 3116 όνδε
453 3072 517 3113 τι
550 3045 920 3135 πάσχουσιν
967 3048 1037 3112 οἰ
1074 3043 1435 3125 ἀκούοντες
1469 3045 1777 3114 ἑκάστοτε
1813 3040 1858 3111 ἃ
1889 3050 2020 3112 νῦν
2042 3046 2278 3129 λέγεις·

264 3143 590 3230 ἡγοῦνται
610 3142 699 3209 δι’
726 3141 1037 3229 ἀπειρίαν
1056 3148 1179 3209 τοῦ
1198 3143 1459 3230 ἐρωτᾷν
1481 3144 1590 3210 καὶ
1619 3139 2106 3227 ἀποκρίνεσθαι
2138 3136 2272 3210 ὑπὸ

263 3249 387 3310 τοῦ
410 3242 618 3325 λόγου
640 3240 800 3324 παρ’
835 3243 1116 3308 ἕκαστον
1136 3237 1211 3309 τὰ
1247 3242 1551 3328 ἐρώτημα
1581 3240 1864 3328 σμικρόν
1896 3238 2280 3325 παραγόμε-

266 3365 393 3424 νοι,
421 3336 937 3425 ἀθροισθέντων
954 3344 1094 3407 τῶν
1116 3345 1418 3425 σμικρῶν
1448 3341 1551 3407 ἐπὶ
1572 3346 1880 3425 τελευτῆς
1899 3345 2038 3406 τῶν
2057 3337 2282 3423 λόγων

265 3441 430 3524 μέγα
451 3435 527 3506 τὸ
556 3436 831 3524 σφάλμα
846 3443 954 3506 καὶ
967 3439 1276 3507 ἐναντίον
1295 3452 1431 3518 τοῖς
1452 3436 1740 3526 πρώτοις
1761 3433 2278 3522 ἀναφαίνεσθαι,
