<?xml version="1.0" encoding="UTF-8"?>
<!DOCTYPE html PUBLIC "-//W3C//DTD XHTML 1.0 Transitional//EN"
    "http://www.w3.org/TR/xhtml1/DTD/xhtml1-transitional.dtd">
<html xmlns="http://www.w3.org/1999/xhtml" xml:lang="en" lang="en">
 <head>
  <title>
</title>
<meta http-equiv="Content-Type" content="text/html;charset=utf-8" />
  <meta name='ocr-system' content='tesseract 3.04.00' />
  <meta name='ocr-capabilities' content='ocr_page ocr_carea ocr_par ocr_line ocrx_word'/>
</head>
<body>
  <div class='ocr_page' id='page_1' title='image "./dialogisecundum07platgoog_0241.png"; bbox 0 0 2602 3928; ppageno 0'>
   <div class='ocr_carea' id='block_1_1' title="bbox 932 208 2285 288">
    <p class='ocr_par' dir='ltr' id='par_1_1' title="bbox 932 208 2285 288">
     <span class='ocr_line' id='line_1_1' title="bbox 932 208 2285 288; baseline 0.002 -12"><span class='ocrx_word' id='word_1_1' title='bbox 932 217 1512 277; x_wconf 80' lang='grc' dir='ltr'><em>ΠΟΛΙΤΕΙΑΣ</em></span> <span class='ocrx_word' id='word_1_2' title='bbox 1547 208 1615 288; x_wconf 81' lang='grc' dir='ltr'><strong><em>ζ’.</em></strong></span> <span class='ocrx_word' id='word_1_3' title='bbox 2155 213 2285 279; x_wconf 81' lang='lat'><strong><em>205</em></strong></span> 
     </span>
    </p>
   </div>
   <div class='ocr_carea' id='block_1_2' title="bbox 225 369 2399 3503">
    <p class='ocr_par' dir='ltr' id='par_1_2' title="bbox 225 369 2288 950">
     <span class='ocr_line' id='line_1_2' title="bbox 268 369 2284 464; baseline 0 -19"><span class='ocrx_word' id='word_1_4' title='bbox 268 403 381 457; x_wconf 87' lang='grc' dir='ltr'><strong><em>τος</em></strong></span> <span class='ocrx_word' id='word_1_5' title='bbox 401 374 465 444; x_wconf 87' lang='grc' dir='ltr'><strong><em>δ’</em></strong></span> <span class='ocrx_word' id='word_1_6' title='bbox 491 370 527 444; x_wconf 81' lang='grc' dir='ltr'><em>ὅ</em></span> <span class='ocrx_word' id='word_1_7' title='bbox 549 374 788 462; x_wconf 84' lang='grc' dir='ltr'><strong><em>χρόνος</em></strong></span> <span class='ocrx_word' id='word_1_8' title='bbox 809 372 898 461; x_wconf 83' lang='grc' dir='ltr'><strong><em>μη</em></strong></span> <span class='ocrx_word' id='word_1_9' title='bbox 923 375 1106 442; x_wconf 88' lang='grc' dir='ltr'><strong><em>πάνυ</em></strong></span> <span class='ocrx_word' id='word_1_10' title='bbox 1138 373 1360 461; x_wconf 84' lang='grc' dir='ltr'><strong><em>ὀλίγος</em></strong></span> <span class='ocrx_word' id='word_1_11' title='bbox 1380 384 1482 461; x_wconf 75' lang='grc' dir='ltr'><strong><em>εἴη</em></strong></span> <span class='ocrx_word' id='word_1_12' title='bbox 1505 382 1619 462; x_wconf 84' lang='grc' dir='ltr'><strong><em>τῆς</em></strong></span> <span class='ocrx_word' id='word_1_13' title='bbox 1642 385 2023 463; x_wconf 76' lang='grc' dir='ltr'><strong><em>συνηθείας,</em></strong></span> <span class='ocrx_word' id='word_1_14' title='bbox 2048 369 2161 464; x_wconf 83' lang='grc' dir='ltr'><strong><em>ἀρ’,</em></strong></span> <span class='ocrx_word' id='word_1_15' title='bbox 2199 374 2284 445; x_wconf 86' lang='grc' dir='ltr'><strong><em>ού</em></strong></span> 
     </span>
     <span class='ocr_line' id='line_1_3' title="bbox 266 467 2288 563; baseline -0 -20"><span class='ocrx_word' id='word_1_16' title='bbox 266 470 505 563; x_wconf 85' lang='grc' dir='ltr'><strong><em>γέλωτ’</em></strong></span> <span class='ocrx_word' id='word_1_17' title='bbox 529 471 617 541; x_wconf 83' lang='grc' dir='ltr'><strong><em>άν</em></strong></span> <span class='ocrx_word' id='word_1_18' title='bbox 638 473 986 559; x_wconf 78' lang='grc' dir='ltr'><strong><em>παράσχοι,</em></strong></span> <span class='ocrx_word' id='word_1_19' title='bbox 1013 475 1123 541; x_wconf 88' lang='grc' dir='ltr'><strong><em>καὶ</em></strong></span> <span class='ocrx_word' id='word_1_20' title='bbox 1154 475 1413 558; x_wconf 78' lang='grc' dir='ltr'><strong><em>λέγοιτο</em></strong></span> <span class='ocrx_word' id='word_1_21' title='bbox 1435 467 1522 540; x_wconf 73' lang='grc' dir='ltr'><strong><em>ἂν</em></strong></span> <span class='ocrx_word' id='word_1_22' title='bbox 1550 476 1700 558; x_wconf 87' lang='grc' dir='ltr'><strong><em>περὶ</em></strong></span> <span class='ocrx_word' id='word_1_23' title='bbox 1733 471 1964 560; x_wconf 83' lang='grc' dir='ltr'><strong><em>αὐτοῦ,</em></strong></span> <span class='ocrx_word' id='word_1_24' title='bbox 1998 470 2087 553; x_wconf 75' lang='grc' dir='ltr'><strong><em>ὥς</em></strong></span> <span class='ocrx_word' id='word_1_25' title='bbox 2115 470 2288 542; x_wconf 88' lang='grc' dir='ltr'><strong><em>ἀνα-</em></strong></span> 
     </span>
     <span class='ocr_line' id='line_1_4' title="bbox 265 567 2285 660; baseline 0 -21"><span class='ocrx_word' id='word_1_26' title='bbox 265 572 391 660; x_wconf 76' lang='grc' dir='ltr'><strong><em>βὰς</em></strong></span> <span class='ocrx_word' id='word_1_27' title='bbox 413 571 555 640; x_wconf 77' lang='grc' dir='ltr'><strong><em>ἅνω</em></strong></span> <span class='ocrx_word' id='word_1_28' title='bbox 579 573 1070 656; x_wconf 85' lang='grc' dir='ltr'><strong><em>διεφθαρμένος</em></strong></span> <span class='ocrx_word' id='word_1_29' title='bbox 1089 568 1237 656; x_wconf 79' lang='grc' dir='ltr'><strong><em>ἥκει</em></strong></span> <span class='ocrx_word' id='word_1_30' title='bbox 1257 567 1340 637; x_wconf 82' lang='grc' dir='ltr'><strong><em>τά</em></strong></span> <span class='ocrx_word' id='word_1_31' title='bbox 1365 569 1644 656; x_wconf 78' lang='grc' dir='ltr'><strong><em>ὄμματα,</em></strong></span> <span class='ocrx_word' id='word_1_32' title='bbox 1681 573 1791 640; x_wconf 89' lang='grc' dir='ltr'><strong><em>καὶ</em></strong></span> <span class='ocrx_word' id='word_1_33' title='bbox 1812 569 1915 640; x_wconf 80' lang='grc' dir='ltr'><strong><em>ὅτι</em></strong></span> <span class='ocrx_word' id='word_1_34' title='bbox 1947 568 2073 639; x_wconf 80' lang='grc' dir='ltr'><strong><em>οὐκ</em></strong></span> <span class='ocrx_word' id='word_1_35' title='bbox 2097 570 2285 652; x_wconf 73' lang='grc' dir='ltr'><strong><em>ἄξιον</em></strong></span> 
     </span>
     <span class='ocr_line' id='line_1_5' title="bbox 225 666 2286 757; baseline 0 -19"><span class='ocrx_word' id='word_1_36' title='bbox 225 724 242 738; x_wconf 93' lang='grc'><strong><em>.</em></strong></span> <span class='ocrx_word' id='word_1_37' title='bbox 268 667 428 739; x_wconf 72' lang='grc' dir='ltr'><strong><em>οὐδὲ</em></strong></span> <span class='ocrx_word' id='word_1_38' title='bbox 455 676 819 754; x_wconf 76' lang='grc' dir='ltr'><strong><em>πειρᾶσθαι</em></strong></span> <span class='ocrx_word' id='word_1_39' title='bbox 839 666 983 735; x_wconf 76' lang='grc' dir='ltr'><strong><em>ἄνω</em></strong></span> <span class='ocrx_word' id='word_1_40' title='bbox 1008 670 1205 748; x_wconf 84' lang='grc' dir='ltr'><strong><em>ίέναι;</em></strong></span> <span class='ocrx_word' id='word_1_41' title='bbox 1243 671 1354 736; x_wconf 87' lang='grc' dir='ltr'><strong><em>καὶ</em></strong></span> <span class='ocrx_word' id='word_1_42' title='bbox 1383 669 1505 739; x_wconf 82' lang='grc' dir='ltr'><strong><em>τὸν</em></strong></span> <span class='ocrx_word' id='word_1_43' title='bbox 1525 676 1979 757; x_wconf 77' lang='grc' dir='ltr'><strong><em>ἐπιχειροῦντα</em></strong></span> <span class='ocrx_word' id='word_1_44' title='bbox 2003 671 2192 739; x_wconf 91' lang='grc' dir='ltr'><strong><em>λύειν</em></strong></span> <span class='ocrx_word' id='word_1_45' title='bbox 2213 696 2286 739; x_wconf 89' lang='grc' dir='ltr'><strong><em>τε</em></strong></span> 
     </span>
     <span class='ocr_line' id='line_1_6' title="bbox 265 763 2285 855; baseline -0 -18"><span class='ocrx_word' id='word_1_46' title='bbox 265 771 378 838; x_wconf 85' lang='grc' dir='ltr'><strong><em>καὶ</em></strong></span> <span class='ocrx_word' id='word_1_47' title='bbox 412 765 712 853; x_wconf 78' lang='grc' dir='ltr'><strong><em>ἀνάγειν,</em></strong></span> <span class='ocrx_word' id='word_1_48' title='bbox 747 776 816 835; x_wconf 83' lang='grc' dir='ltr'><strong><em>εῖ</em></strong></span> <span class='ocrx_word' id='word_1_49' title='bbox 840 791 979 846; x_wconf 90' lang='grc' dir='ltr'><strong><em>πως</em></strong></span> <span class='ocrx_word' id='word_1_50' title='bbox 1013 770 1101 835; x_wconf 79' lang='grc' dir='ltr'><strong><em>ἐν’</em></strong></span> <span class='ocrx_word' id='word_1_51' title='bbox 1122 781 1266 846; x_wconf 85' lang='grc' dir='ltr'><strong><em>ταῖς</em></strong></span> <span class='ocrx_word' id='word_1_52' title='bbox 1292 770 1478 854; x_wconf 84' lang='grc' dir='ltr'><strong><em>χερσὶ</em></strong></span> <span class='ocrx_word' id='word_1_53' title='bbox 1512 769 1829 836; x_wconf 80' lang='grc' dir='ltr'><strong><em>δύναιντο</em></strong></span> <span class='ocrx_word' id='word_1_54' title='bbox 1861 774 2112 855; x_wconf 82' lang='grc' dir='ltr'><strong><em>λαβεῖν,</em></strong></span> <span class='ocrx_word' id='word_1_55' title='bbox 2153 763 2285 837; x_wconf 75' lang='grc' dir='ltr'><strong><em>κᾶν</em></strong></span> 
     </span>
     <span class='ocr_line' id='line_1_7' title="bbox 267 861 1370 950; baseline -0.004 -16"><span class='ocrx_word' id='word_1_56' title='bbox 267 862 761 946; x_wconf 77' lang='grc' dir='ltr'><strong><em>ἀποκτείνειαν;</em></strong></span> <span class='ocrx_word' id='word_1_57' title='bbox 783 864 1073 950; x_wconf 89' lang='grc' dir='ltr'><strong><em>Σφόδρα</em></strong></span> <span class='ocrx_word' id='word_1_58' title='bbox 1094 861 1187 949; x_wconf 88' lang='grc' dir='ltr'><strong><em>γ’,</em></strong></span> <span class='ocrx_word' id='word_1_59' title='bbox 1221 869 1370 950; x_wconf 84' lang='grc' dir='ltr'><strong><em>ἔφη.</em></strong></span> 
     </span>
    </p>

    <p class='ocr_par' dir='ltr' id='par_1_3' title="bbox 259 956 2399 3503">
     <span class='ocr_line' id='line_1_8' title="bbox 427 956 2286 1051; baseline 0.001 -20"><span class='ocrx_word' id='word_1_60' title='bbox 427 967 536 1031; x_wconf 79' lang='lat' dir='ltr'><strong>m</strong></span> <span class='ocrx_word' id='word_1_61' title='bbox 612 964 879 1050; x_wconf 83' lang='grc' dir='ltr'><strong><em>Ταύτην</em></strong></span> <span class='ocrx_word' id='word_1_62' title='bbox 898 971 1152 1047; x_wconf 84' lang='grc' dir='ltr'><strong><em>τοίνυν,</em></strong></span> <span class='ocrx_word' id='word_1_63' title='bbox 1186 956 1275 1048; x_wconf 81' lang='grc' dir='ltr'><strong><em>ἦν</em></strong></span> <span class='ocrx_word' id='word_1_64' title='bbox 1311 961 1373 1030; x_wconf 88' lang='grc' dir='ltr'><strong><em>δ’</em></strong></span> <span class='ocrx_word' id='word_1_65' title='bbox 1414 962 1569 1048; x_wconf 72' lang='grc' dir='ltr'><strong><em>ἐγώ,</em></strong></span> <span class='ocrx_word' id='word_1_66' title='bbox 1598 961 1727 1050; x_wconf 78' lang='grc' dir='ltr'><strong><em>τὴν·</em></strong></span> <span class='ocrx_word' id='word_1_67' title='bbox 1754 964 2004 1051; x_wconf 81' lang='grc' dir='ltr'><strong><em>εἰκόνα,</em></strong></span> <span class='ocrx_word' id='word_1_68' title='bbox 2045 956 2100 1031; x_wconf 70' lang='grc' dir='ltr'><em>ὦ</em></span> <span class='ocrx_word' id='word_1_69' title='bbox 2133 970 2286 1050; x_wconf 90' lang='grc' dir='ltr'><strong><em>φίλε</em></strong></span> 
     </span>
     <span class='ocr_line' id='line_1_9' title="bbox 259 1059 2358 1148; baseline -0.001 -16"><span class='ocrx_word' id='word_1_70' title='bbox 259 1062 611 1147; x_wconf 83' lang='grc' dir='ltr'><strong><em>Γλαύκων,</em></strong></span> <span class='ocrx_word' id='word_1_71' title='bbox 651 1062 1073 1148; x_wconf 78' lang='grc' dir='ltr'><strong><em>προσαπτέον</em></strong></span> <span class='ocrx_word' id='word_1_72' title='bbox 1113 1059 1383 1128; x_wconf 82' lang='grc' dir='ltr'><strong><em>ἅπασαν</em></strong></span> <span class='ocrx_word' id='word_1_73' title='bbox 1419 1074 1557 1139; x_wconf 80' lang='grc' dir='ltr'><strong><em>τοῖς</em></strong></span> <span class='ocrx_word' id='word_1_74' title='bbox 1586 1064 1970 1147; x_wconf 82' lang='grc' dir='ltr'><strong><em>ἔμπροσθεν</em></strong></span> <span class='ocrx_word' id='word_1_75' title='bbox 2005 1066 2284 1148; x_wconf 83' lang='grc' dir='ltr'><strong><em>λεγομέ-</em></strong></span> <span class='ocrx_word' id='word_1_76' title='bbox 2316 1092 2358 1142; x_wconf 88' lang='lat' dir='ltr'><strong>B</strong></span> 
     </span>
     <span class='ocr_line' id='line_1_10' title="bbox 264 1156 2284 1248; baseline -0.001 -20"><span class='ocrx_word' id='word_1_77' title='bbox 264 1186 427 1245; x_wconf 87' lang='grc' dir='ltr'><strong><em>νοις,</em></strong></span> <span class='ocrx_word' id='word_1_78' title='bbox 448 1158 575 1246; x_wconf 80' lang='grc' dir='ltr'><strong><em>τὴν</em></strong></span> <span class='ocrx_word' id='word_1_79' title='bbox 594 1158 718 1246; x_wconf 73' lang='grc' dir='ltr'><strong><em>μὲν</em></strong></span> <span class='ocrx_word' id='word_1_80' title='bbox 739 1157 829 1226; x_wconf 86' lang='grc' dir='ltr'><strong><em>δι’</em></strong></span> <span class='ocrx_word' id='word_1_81' title='bbox 853 1156 1073 1239; x_wconf 78' lang='grc' dir='ltr'><strong><em>ὅψεως</em></strong></span> <span class='ocrx_word' id='word_1_82' title='bbox 1091 1161 1509 1245; x_wconf 83' lang='grc' dir='ltr'><strong><em>φαινομένην</em></strong></span> <span class='ocrx_word' id='word_1_83' title='bbox 1530 1160 1734 1243; x_wconf 79' lang='grc' dir='ltr'><strong><em>ἕδραν</em></strong></span> <span class='ocrx_word' id='word_1_84' title='bbox 1754 1167 1838 1248; x_wconf 81' lang='grc' dir='ltr'><strong><em>τῇ</em></strong></span> <span class='ocrx_word' id='word_1_85' title='bbox 1869 1168 1993 1231; x_wconf 81' lang='grc' dir='ltr'><strong><em>τοῦ</em></strong></span> <span class='ocrx_word' id='word_1_86' title='bbox 2024 1163 2284 1247; x_wconf 83' lang='grc' dir='ltr'><strong><em>δεσμω-</em></strong></span> 
     </span>
     <span class='ocr_line' id='line_1_11' title="bbox 265 1253 2286 1345; baseline -0 -18"><span class='ocrx_word' id='word_1_87' title='bbox 265 1265 497 1345; x_wconf 82' lang='grc' dir='ltr'><strong><em>τηρίου</em></strong></span> <span class='ocrx_word' id='word_1_88' title='bbox 520 1256 770 1345; x_wconf 79' lang='grc' dir='ltr'><strong><em>οἰκήσει</em></strong></span> <span class='ocrx_word' id='word_1_89' title='bbox 791 1253 1272 1342; x_wconf 81' lang='grc' dir='ltr'><strong><em>ἀφομοιοῦντα,</em></strong></span> <span class='ocrx_word' id='word_1_90' title='bbox 1285 1254 1360 1323; x_wconf 86' lang='grc' dir='ltr'>τό</span> <span class='ocrx_word' id='word_1_91' title='bbox 1377 1259 1450 1323; x_wconf 73' lang='grc' dir='ltr'><strong><em>δὲ</em></strong></span> <span class='ocrx_word' id='word_1_92' title='bbox 1471 1264 1594 1325; x_wconf 84' lang='grc' dir='ltr'><strong><em>τοῦ</em></strong></span> <span class='ocrx_word' id='word_1_93' title='bbox 1616 1254 1833 1342; x_wconf 86' lang='grc' dir='ltr'><strong><em>πυρὸς</em></strong></span> <span class='ocrx_word' id='word_1_94' title='bbox 1852 1261 1926 1324; x_wconf 87' lang='grc' dir='ltr'><strong><em>έν</em></strong></span> <span class='ocrx_word' id='word_1_95' title='bbox 1946 1254 2118 1345; x_wconf 81' lang='grc' dir='ltr'><strong><em>αὐτῇ</em></strong></span> <span class='ocrx_word' id='word_1_96' title='bbox 2139 1266 2286 1343; x_wconf 82' lang='grc' dir='ltr'><strong><em>φῷς</em></strong></span> 
     </span>
     <span class='ocr_line' id='line_1_12' title="bbox 264 1351 2284 1444; baseline -0.001 -20"><span class='ocrx_word' id='word_1_97' title='bbox 264 1364 346 1444; x_wconf 81' lang='grc' dir='ltr'><strong><em>τῇ</em></strong></span> <span class='ocrx_word' id='word_1_98' title='bbox 376 1364 503 1424; x_wconf 85' lang='grc' dir='ltr'><strong><em>τοῦ</em></strong></span> <span class='ocrx_word' id='word_1_99' title='bbox 534 1353 729 1441; x_wconf 82' lang='grc' dir='ltr'><strong><em>ἡλίου</em></strong></span> <span class='ocrx_word' id='word_1_100' title='bbox 764 1353 1047 1440; x_wconf 78' lang='grc' dir='ltr'><strong><em>δυνάμει</em></strong></span> <span class='ocrx_word' id='word_1_101' title='bbox 1065 1381 1079 1395; x_wconf 89' lang='grc'>·</span> <span class='ocrx_word' id='word_1_102' title='bbox 1142 1351 1267 1440; x_wconf 84' lang='grc' dir='ltr'><strong><em>τὴν</em></strong></span> <span class='ocrx_word' id='word_1_103' title='bbox 1298 1357 1372 1422; x_wconf 77' lang='grc' dir='ltr'><strong><em>δὲ</em></strong></span> <span class='ocrx_word' id='word_1_104' title='bbox 1404 1354 1547 1422; x_wconf 80' lang='grc' dir='ltr'><strong><em>ἄνω</em></strong></span> <span class='ocrx_word' id='word_1_105' title='bbox 1592 1351 1926 1441; x_wconf 87' lang='grc' dir='ltr'><strong><em>ἀνάβασιν</em></strong></span> <span class='ocrx_word' id='word_1_106' title='bbox 1961 1358 2071 1423; x_wconf 87' lang='grc' dir='ltr'><strong><em>καὶ</em></strong></span> <span class='ocrx_word' id='word_1_107' title='bbox 2110 1358 2284 1422; x_wconf 87' lang='grc' dir='ltr'><strong><em>θέαν</em></strong></span> 
     </span>
     <span class='ocr_line' id='line_1_13' title="bbox 264 1449 2285 1540; baseline -0.001 -18"><span class='ocrx_word' id='word_1_108' title='bbox 264 1463 403 1522; x_wconf 80' lang='grc' dir='ltr'><strong><em>τῷν</em></strong></span> <span class='ocrx_word' id='word_1_109' title='bbox 443 1451 586 1522; x_wconf 77' lang='grc' dir='ltr'><strong><em>ἄνω</em></strong></span> <span class='ocrx_word' id='word_1_110' title='bbox 629 1451 755 1539; x_wconf 83' lang='grc' dir='ltr'><strong><em>την</em></strong></span> <span class='ocrx_word' id='word_1_111' title='bbox 790 1457 885 1531; x_wconf 82' lang='grc' dir='ltr'><strong><em>εἰς</em></strong></span> <span class='ocrx_word' id='word_1_112' title='bbox 923 1450 1046 1520; x_wconf 83' lang='grc' dir='ltr'><strong><em>τὸν</em></strong></span> <span class='ocrx_word' id='word_1_113' title='bbox 1088 1449 1337 1537; x_wconf 76' lang='grc' dir='ltr'><strong><em>νοητὸν</em></strong></span> <span class='ocrx_word' id='word_1_114' title='bbox 1377 1451 1589 1520; x_wconf 93' lang='grc' dir='ltr'><strong><em>τόπον</em></strong></span> <span class='ocrx_word' id='word_1_115' title='bbox 1625 1460 1743 1539; x_wconf 85' lang='grc' dir='ltr'><strong><em>τῆς</em></strong></span> <span class='ocrx_word' id='word_1_116' title='bbox 1777 1461 1991 1540; x_wconf 79' lang='grc' dir='ltr'><strong><em>ψυχῆς</em></strong></span> <span class='ocrx_word' id='word_1_117' title='bbox 2032 1452 2285 1521; x_wconf 75' lang='grc' dir='ltr'><strong><em>ἄνοδον</em></strong></span> 
     </span>
     <span class='ocr_line' id='line_1_14' title="bbox 265 1547 2285 1638; baseline -0.001 -17"><span class='ocrx_word' id='word_1_118' title='bbox 265 1554 474 1630; x_wconf 74' lang='grc' dir='ltr'><strong><em>τιθεὶς</em></strong></span> <span class='ocrx_word' id='word_1_119' title='bbox 497 1549 624 1637; x_wconf 80' lang='grc' dir='ltr'><strong><em>οὐχ</em></strong></span> <span class='ocrx_word' id='word_1_120' title='bbox 644 1549 1009 1637; x_wconf 76' lang='grc' dir='ltr'><strong><em>ἁμαρτήσει</em></strong></span> <span class='ocrx_word' id='word_1_121' title='bbox 1026 1556 1144 1636; x_wconf 83' lang='grc' dir='ltr'><strong><em>τῆς</em></strong></span> <span class='ocrx_word' id='word_1_122' title='bbox 1173 1547 1240 1634; x_wconf 89' lang='grc' dir='ltr'><strong><em>γ’</em></strong></span> <span class='ocrx_word' id='word_1_123' title='bbox 1270 1553 1428 1636; x_wconf 79' lang='grc' dir='ltr'><strong><em>ἐμῆς</em></strong></span> <span class='ocrx_word' id='word_1_124' title='bbox 1463 1552 1747 1635; x_wconf 80' lang='grc' dir='ltr'><strong><em>ἐλπίδος,</em></strong></span> <span class='ocrx_word' id='word_1_125' title='bbox 1783 1549 2007 1637; x_wconf 83' lang='grc' dir='ltr'><strong><em>ἐπειδὴ</em></strong></span> <span class='ocrx_word' id='word_1_126' title='bbox 2041 1551 2285 1638; x_wconf 77' lang='grc' dir='ltr'><strong><em>ταύτης</em></strong></span> 
     </span>
     <span class='ocr_line' id='line_1_15' title="bbox 269 1641 2286 1735; baseline -0 -17"><span class='ocrx_word' id='word_1_127' title='bbox 269 1654 617 1735; x_wconf 74' lang='grc' dir='ltr'><strong><em>ἐπιθυμεῖς</em></strong></span> <span class='ocrx_word' id='word_1_128' title='bbox 651 1647 956 1716; x_wconf 87' lang='grc' dir='ltr'><strong><em>ἀκούειν·</em></strong></span> <span class='ocrx_word' id='word_1_129' title='bbox 997 1645 1163 1726; x_wconf 80' lang='grc' dir='ltr'><strong><em>θεὸς</em></strong></span> <span class='ocrx_word' id='word_1_130' title='bbox 1195 1650 1275 1714; x_wconf 85' lang='grc' dir='ltr'><strong><em>δέ</em></strong></span> <span class='ocrx_word' id='word_1_131' title='bbox 1306 1672 1441 1717; x_wconf 86' lang='grc' dir='ltr'><strong><em>που</em></strong></span> <span class='ocrx_word' id='word_1_132' title='bbox 1482 1645 1685 1733; x_wconf 84' lang='grc' dir='ltr'><strong><em>οἶδεν,</em></strong></span> <span class='ocrx_word' id='word_1_133' title='bbox 1724 1655 1787 1716; x_wconf 85' lang='grc' dir='ltr'><strong><em>εί</em></strong></span> <span class='ocrx_word' id='word_1_134' title='bbox 1810 1646 2071 1735; x_wconf 72' lang='grc' dir='ltr'><strong><em>ἀληθὴς</em></strong></span> <span class='ocrx_word' id='word_1_135' title='bbox 2111 1641 2286 1717; x_wconf 84' lang='grc' dir='ltr'><strong><em>οὖσα</em></strong></span> 
     </span>
     <span class='ocr_line' id='line_1_16' title="bbox 266 1738 2287 1835; baseline -0.001 -19"><span class='ocrx_word' id='word_1_136' title='bbox 266 1747 597 1834; x_wconf 74' lang='grc' dir='ltr'><strong><em>τυγχάνει.</em></strong></span> <span class='ocrx_word' id='word_1_137' title='bbox 640 1744 720 1814; x_wconf 78' lang='grc' dir='ltr'><strong><em>τὰ</em></strong></span> <span class='ocrx_word' id='word_1_138' title='bbox 746 1741 811 1813; x_wconf 88' lang='grc' dir='ltr'><strong><em>δ’</em></strong></span> <span class='ocrx_word' id='word_1_139' title='bbox 838 1738 966 1815; x_wconf 83' lang='grc' dir='ltr'><strong><em>οὖν</em></strong></span> <span class='ocrx_word' id='word_1_140' title='bbox 986 1747 1129 1832; x_wconf 81' lang='grc' dir='ltr'><strong><em>ἐμοὶ</em></strong></span> <span class='ocrx_word' id='word_1_141' title='bbox 1154 1746 1527 1833; x_wconf 84' lang='grc' dir='ltr'><strong><em>φαινόμενα</em></strong></span> <span class='ocrx_word' id='word_1_142' title='bbox 1547 1744 1724 1814; x_wconf 77' lang='grc' dir='ltr'><strong><em>οὕτω</em></strong></span> <span class='ocrx_word' id='word_1_143' title='bbox 1746 1753 2073 1832; x_wconf 83' lang='grc' dir='ltr'><strong><em>φαίνεται,</em></strong></span> <span class='ocrx_word' id='word_1_144' title='bbox 2096 1749 2172 1817; x_wconf 76' lang='grc' dir='ltr'><strong><em>ἐν</em></strong></span> <span class='ocrx_word' id='word_1_145' title='bbox 2195 1754 2287 1835; x_wconf 94' lang='grc' dir='ltr'><strong><em>τῷ</em></strong></span> 
     </span>
     <span class='ocr_line' id='line_1_17' title="bbox 265 1839 2280 1934; baseline -0.001 -20"><span class='ocrx_word' id='word_1_146' title='bbox 265 1852 543 1934; x_wconf 87' lang='grc' dir='ltr'><strong><em>γνωστῷ</em></strong></span> <span class='ocrx_word' id='word_1_147' title='bbox 563 1852 906 1912; x_wconf 88' lang='grc' dir='ltr'><strong><em>τελευταία</em></strong></span> <span class='ocrx_word' id='word_1_148' title='bbox 933 1839 977 1929; x_wconf 82' lang='grc' dir='ltr'><em>ἡ</em></span> <span class='ocrx_word' id='word_1_149' title='bbox 1006 1851 1130 1912; x_wconf 83' lang='grc' dir='ltr'><strong><em>τοῦ</em></strong></span> <span class='ocrx_word' id='word_1_150' title='bbox 1152 1841 1426 1929; x_wconf 80' lang='grc' dir='ltr'><strong><em>ἀγαθοῦ</em></strong></span> <span class='ocrx_word' id='word_1_151' title='bbox 1447 1845 1592 1912; x_wconf 83' lang='grc' dir='ltr'><strong><em>ἰδέα</em></strong></span> <span class='ocrx_word' id='word_1_152' title='bbox 1612 1845 1724 1912; x_wconf 88' lang='grc' dir='ltr'><strong><em>καὶ</em></strong></span> <span class='ocrx_word' id='word_1_153' title='bbox 1746 1841 1941 1930; x_wconf 80' lang='grc' dir='ltr'><strong><em>μόγις</em></strong></span> <span class='ocrx_word' id='word_1_154' title='bbox 1963 1841 2280 1929; x_wconf 76' lang='grc' dir='ltr'><strong><em>ὁρᾶσθαι,</em></strong></span> 
     </span>
     <span class='ocr_line' id='line_1_18' title="bbox 262 1938 2359 2031; baseline -0.003 -16"><span class='ocrx_word' id='word_1_155' title='bbox 262 1943 556 2031; x_wconf 77' lang='grc' dir='ltr'><strong><em>ὀφθεῖσα</em></strong></span> <span class='ocrx_word' id='word_1_156' title='bbox 578 1941 651 2012; x_wconf 72' lang='grc' dir='ltr'><strong><em>δὲ</em></strong></span> <span class='ocrx_word' id='word_1_157' title='bbox 672 1944 1106 2028; x_wconf 85' lang='grc' dir='ltr'><strong><em>συλλογιστέα</em></strong></span> <span class='ocrx_word' id='word_1_158' title='bbox 1141 1941 1313 2011; x_wconf 81' lang='grc' dir='ltr'><strong><em>εἶναι</em></strong></span> <span class='ocrx_word' id='word_1_159' title='bbox 1337 1938 1426 2022; x_wconf 74' lang='grc' dir='ltr'><strong><em>ὥς</em></strong></span> <span class='ocrx_word' id='word_1_160' title='bbox 1456 1940 1586 2027; x_wconf 75' lang='grc' dir='ltr'><strong><em>ἄρα</em></strong></span> <span class='ocrx_word' id='word_1_161' title='bbox 1620 1947 1784 2010; x_wconf 84' lang='grc' dir='ltr'><strong><em>πᾶσι</em></strong></span> <span class='ocrx_word' id='word_1_162' title='bbox 1816 1941 2085 2016; x_wconf 78' lang='grc' dir='ltr'><strong><em>πάντων</em></strong></span> <span class='ocrx_word' id='word_1_163' title='bbox 2108 1938 2276 2028; x_wconf 78' lang='grc' dir='ltr'><strong><em>αὕτη</em></strong></span> <span class='ocrx_word' id='word_1_164' title='bbox 2320 1967 2359 2019; x_wconf 80' lang='lat' dir='ltr'>c</span> 
     </span>
     <span class='ocr_line' id='line_1_19' title="bbox 262 2036 2285 2130; baseline -0.003 -18"><span class='ocrx_word' id='word_1_165' title='bbox 262 2041 500 2129; x_wconf 81' lang='grc' dir='ltr'><strong><em>όρθῷν</em></strong></span> <span class='ocrx_word' id='word_1_166' title='bbox 519 2068 590 2111; x_wconf 89' lang='grc' dir='ltr'><strong><em>τε</em></strong></span> <span class='ocrx_word' id='word_1_167' title='bbox 607 2045 719 2111; x_wconf 88' lang='grc' dir='ltr'><strong><em>καὶ</em></strong></span> <span class='ocrx_word' id='word_1_168' title='bbox 739 2047 968 2110; x_wconf 78' lang='grc' dir='ltr'><strong><em>καλῶν</em></strong></span> <span class='ocrx_word' id='word_1_169' title='bbox 990 2046 1185 2127; x_wconf 83' lang='grc' dir='ltr'><strong><em>αἰτία,</em></strong></span> <span class='ocrx_word' id='word_1_170' title='bbox 1208 2045 1285 2108; x_wconf 84' lang='grc' dir='ltr'><strong><em>ἔν</em></strong></span> <span class='ocrx_word' id='word_1_171' title='bbox 1317 2066 1388 2108; x_wconf 90' lang='grc' dir='ltr'><strong><em>τε</em></strong></span> <span class='ocrx_word' id='word_1_172' title='bbox 1410 2036 1634 2130; x_wconf 85' lang='grc' dir='ltr'><strong><em>ὁρατῷ</em></strong></span> <span class='ocrx_word' id='word_1_173' title='bbox 1660 2048 1805 2126; x_wconf 83' lang='grc' dir='ltr'><strong><em>φῷς</em></strong></span> <span class='ocrx_word' id='word_1_174' title='bbox 1834 2043 1946 2110; x_wconf 84' lang='grc' dir='ltr'><strong><em>καὶ</em></strong></span> <span class='ocrx_word' id='word_1_175' title='bbox 1972 2039 2094 2108; x_wconf 82' lang='grc' dir='ltr'><strong><em>τὸν</em></strong></span> <span class='ocrx_word' id='word_1_176' title='bbox 2122 2037 2285 2107; x_wconf 87' lang='grc' dir='ltr'><strong><em>τού-</em></strong></span> 
     </span>
     <span class='ocr_line' id='line_1_20' title="bbox 263 2135 2399 2227; baseline -0.002 -19"><span class='ocrx_word' id='word_1_177' title='bbox 263 2166 387 2209; x_wconf 87' lang='grc' dir='ltr'><strong><em>του</em></strong></span> <span class='ocrx_word' id='word_1_178' title='bbox 422 2139 667 2226; x_wconf 90' lang='grc' dir='ltr'><strong><em>κύριον</em></strong></span> <span class='ocrx_word' id='word_1_179' title='bbox 697 2145 1008 2223; x_wconf 75' lang='grc' dir='ltr'><strong><em>τεκοῦσα,</em></strong></span> <span class='ocrx_word' id='word_1_180' title='bbox 1042 2142 1118 2205; x_wconf 80' lang='grc' dir='ltr'><strong><em>ἔν</em></strong></span> <span class='ocrx_word' id='word_1_181' title='bbox 1155 2163 1226 2206; x_wconf 90' lang='grc' dir='ltr'><strong><em>τε</em></strong></span> <span class='ocrx_word' id='word_1_182' title='bbox 1261 2145 1484 2227; x_wconf 84' lang='grc' dir='ltr'><strong><em>νοητῷ</em></strong></span> <span class='ocrx_word' id='word_1_183' title='bbox 1514 2136 1682 2225; x_wconf 83' lang='grc' dir='ltr'><strong><em>αὐτὴ</em></strong></span> <span class='ocrx_word' id='word_1_184' title='bbox 1716 2145 1914 2223; x_wconf 88' lang='grc' dir='ltr'><strong><em>κυρία</em></strong></span> <span class='ocrx_word' id='word_1_185' title='bbox 1956 2135 2287 2225; x_wconf 78' lang='grc' dir='ltr'><strong><em>ἀλήθειαν</em></strong></span> <span class='ocrx_word' id='word_1_186' title='bbox 2388 2163 2399 2174; x_wconf 91' lang='grc'><em>·</em></span> 
     </span>
     <span class='ocr_line' id='line_1_21' title="bbox 268 2235 2287 2325; baseline -0.001 -13"><span class='ocrx_word' id='word_1_187' title='bbox 268 2244 380 2312; x_wconf 84' lang='grc' dir='ltr'><strong><em>καὶ</em></strong></span> <span class='ocrx_word' id='word_1_188' title='bbox 400 2247 570 2310; x_wconf 78' lang='grc' dir='ltr'><strong><em>νοῦν</em></strong></span> <span class='ocrx_word' id='word_1_189' title='bbox 592 2242 1084 2324; x_wconf 65' lang='grc' dir='ltr'><strong><em>παρασχομένη,</em></strong></span> <span class='ocrx_word' id='word_1_190' title='bbox 1106 2240 1218 2307; x_wconf 87' lang='grc' dir='ltr'><strong><em>καὶ</em></strong></span> <span class='ocrx_word' id='word_1_191' title='bbox 1239 2235 1345 2306; x_wconf 80' lang='grc' dir='ltr'><strong><em>ὅτι</em></strong></span> <span class='ocrx_word' id='word_1_192' title='bbox 1367 2243 1473 2306; x_wconf 89' lang='grc' dir='ltr'><strong><em>δεῖ</em></strong></span> <span class='ocrx_word' id='word_1_193' title='bbox 1488 2238 1740 2325; x_wconf 88' lang='grc' dir='ltr'><strong><em>ταύτην</em></strong></span> <span class='ocrx_word' id='word_1_194' title='bbox 1773 2243 1941 2307; x_wconf 79' lang='grc' dir='ltr'><strong><em>ίδεῑν</em></strong></span> <span class='ocrx_word' id='word_1_195' title='bbox 1975 2239 2095 2308; x_wconf 80' lang='grc' dir='ltr'><strong><em>τὸν</em></strong></span> <span class='ocrx_word' id='word_1_196' title='bbox 2122 2241 2287 2325; x_wconf 77' lang='grc' dir='ltr'><strong><em>μέλ-</em></strong></span> 
     </span>
     <span class='ocr_line' id='line_1_22' title="bbox 265 2330 2288 2425; baseline -0.001 -16"><span class='ocrx_word' id='word_1_197' title='bbox 265 2348 471 2410; x_wconf 87' lang='grc' dir='ltr'><strong><em>λοντα</em></strong></span> <span class='ocrx_word' id='word_1_198' title='bbox 505 2336 858 2423; x_wconf 73' lang='grc' dir='ltr'><strong><em>ἐμφρόνως</em></strong></span> <span class='ocrx_word' id='word_1_199' title='bbox 889 2334 1171 2419; x_wconf 80' lang='grc' dir='ltr'><strong><em>πράξειν</em></strong></span> <span class='ocrx_word' id='word_1_200' title='bbox 1213 2330 1257 2421; x_wconf 80' lang='grc' dir='ltr'><em>ἢ</em></span> <span class='ocrx_word' id='word_1_201' title='bbox 1298 2339 1432 2424; x_wconf 78' lang='grc' dir='ltr'><strong><em>ἰδίᾳ</em></strong></span> <span class='ocrx_word' id='word_1_202' title='bbox 1469 2330 1513 2422; x_wconf 80' lang='grc' dir='ltr'><strong><em>ἦ</em></strong></span> <span class='ocrx_word' id='word_1_203' title='bbox 1549 2342 1852 2425; x_wconf 75' lang='grc' dir='ltr'><strong><em>δημοσίᾳ.</em></strong></span> <span class='ocrx_word' id='word_1_204' title='bbox 1900 2343 2288 2423; x_wconf 69' lang='grc' dir='ltr'><strong><em>Ξυνοίομαι,</em></strong></span> 
     </span>
     <span class='ocr_line' id='line_1_23' title="bbox 266 2402 2285 2523; baseline -0.003 -17"><span class='ocrx_word' id='word_1_205' title='bbox 266 2443 420 2523; x_wconf 77' lang='grc' dir='ltr'><strong><em>ἔφη,</em></strong></span> <span class='ocrx_word' id='word_1_206' title='bbox 441 2436 552 2504; x_wconf 80' lang='grc' dir='ltr'><strong><em>καὶ</em></strong></span> <span class='ocrx_word' id='word_1_207' title='bbox 573 2432 794 2520; x_wconf 72' lang='grc' dir='ltr'><strong><em>έγω’,”</em></strong></span> <span class='ocrx_word' id='word_1_208' title='bbox 750 2457 833 2502; x_wconf 91' lang='grc' dir='ltr'><strong><em>ον</em></strong></span> <span class='ocrx_word' id='word_1_209' title='bbox 855 2459 932 2519; x_wconf 93' lang='grc' dir='ltr'><strong><em>γε</em></strong></span> <span class='ocrx_word' id='word_1_210' title='bbox 952 2431 1046 2520; x_wconf 92' lang='grc' dir='ltr'><strong><em>δη</em></strong></span> <span class='ocrx_word' id='word_1_211' title='bbox 1055 2432 1313 2518; x_wconf 88' lang='grc' dir='ltr'><strong><em>τρόπον</em></strong></span> <span class='ocrx_word' id='word_1_212' title='bbox 1333 2402 1645 2520; x_wconf 86' lang='grc' dir='ltr'><strong><em>δύναμαι.</em></strong></span> <span class='ocrx_word' id='word_1_213' title='bbox 1665 2433 1802 2503; x_wconf 89' lang='grc' dir='ltr'><strong><em>Ἴθι</em></strong></span> <span class='ocrx_word' id='word_1_214' title='bbox 1821 2443 2076 2520; x_wconf 85' lang='grc' dir='ltr'><strong><em>τοίνυν,</em></strong></span> <span class='ocrx_word' id='word_1_215' title='bbox 2100 2426 2189 2521; x_wconf 81' lang='grc' dir='ltr'><strong><em>ἦν</em></strong></span> <span class='ocrx_word' id='word_1_216' title='bbox 2220 2430 2285 2501; x_wconf 92' lang='grc' dir='ltr'><strong><em>δ’</em></strong></span> 
     </span>
     <span class='ocr_line' id='line_1_24' title="bbox 266 2529 2292 2620; baseline -0.001 -19"><span class='ocrx_word' id='word_1_217' title='bbox 266 2533 450 2619; x_wconf 73' lang='grc' dir='ltr'><strong><em>ἐγώ,</em></strong></span> <span class='ocrx_word' id='word_1_218' title='bbox 469 2533 580 2600; x_wconf 87' lang='grc' dir='ltr'><strong><em>καὶ</em></strong></span> <span class='ocrx_word' id='word_1_219' title='bbox 614 2531 770 2600; x_wconf 88' lang='grc' dir='ltr'><strong><em>τόδε</em></strong></span> <span class='ocrx_word' id='word_1_220' title='bbox 813 2529 1204 2616; x_wconf 81' lang='grc' dir='ltr'><strong><em>ξυνοιήθητι</em></strong></span> <span class='ocrx_word' id='word_1_221' title='bbox 1245 2531 1358 2598; x_wconf 88' lang='grc' dir='ltr'><strong><em>καὶ</em></strong></span> <span class='ocrx_word' id='word_1_222' title='bbox 1392 2557 1481 2618; x_wconf 98' lang='grc' dir='ltr'><strong><em>μη</em></strong></span> <span class='ocrx_word' id='word_1_223' title='bbox 1533 2531 1909 2620; x_wconf 78' lang='grc' dir='ltr'><strong><em>θαυμάσῃς,</em></strong></span> <span class='ocrx_word' id='word_1_224' title='bbox 1943 2531 2063 2606; x_wconf 91' lang='grc' dir='ltr'><strong><em>ότι</em></strong></span> <span class='ocrx_word' id='word_1_225' title='bbox 2080 2536 2151 2602; x_wconf 74' lang='grc' dir='ltr'><strong><em>οἱ</em></strong></span> <span class='ocrx_word' id='word_1_226' title='bbox 2178 2534 2292 2602; x_wconf 80' lang='grc' dir='ltr'><strong><em>έν-</em></strong></span> 
     </span>
     <span class='ocr_line' id='line_1_25' title="bbox 266 2627 2288 2716; baseline -0.001 -17"><span class='ocrx_word' id='word_1_227' title='bbox 266 2639 491 2700; x_wconf 84' lang='grc' dir='ltr'><strong><em>ταυθα</em></strong></span> <span class='ocrx_word' id='word_1_228' title='bbox 522 2630 838 2708; x_wconf 78' lang='grc' dir='ltr'><strong><em>ἐλθόντες</em></strong></span> <span class='ocrx_word' id='word_1_229' title='bbox 865 2627 998 2697; x_wconf 86' lang='grc' dir='ltr'><strong><em>οὐκ</em></strong></span> <span class='ocrx_word' id='word_1_230' title='bbox 1027 2630 1338 2698; x_wconf 81' lang='grc' dir='ltr'><strong><em>ἐθέλουσι</em></strong></span> <span class='ocrx_word' id='word_1_231' title='bbox 1371 2628 1452 2697; x_wconf 78' lang='grc' dir='ltr'><strong><em>τά</em></strong></span> <span class='ocrx_word' id='word_1_232' title='bbox 1483 2636 1622 2697; x_wconf 83' lang='grc' dir='ltr'><strong><em>τῷν</em></strong></span> <span class='ocrx_word' id='word_1_233' title='bbox 1652 2628 2038 2715; x_wconf 69' lang='grc' dir='ltr'><strong><em>ἀνθρώπων</em></strong></span> <span class='ocrx_word' id='word_1_234' title='bbox 2068 2629 2288 2716; x_wconf 83' lang='grc' dir='ltr'><strong><em>πράτ-</em></strong></span> 
     </span>
     <span class='ocr_line' id='line_1_26' title="bbox 268 2724 2364 2815; baseline -0.001 -18"><span class='ocrx_word' id='word_1_235' title='bbox 268 2755 432 2815; x_wconf 86' lang='grc' dir='ltr'><strong><em>τειν,</em></strong></span> <span class='ocrx_word' id='word_1_236' title='bbox 449 2725 601 2797; x_wconf 86' lang='grc' dir='ltr'><strong><em>ἀλλ’</em></strong></span> <span class='ocrx_word' id='word_1_237' title='bbox 633 2725 776 2795; x_wconf 86' lang='grc' dir='ltr'><strong><em>άνω</em></strong></span> <span class='ocrx_word' id='word_1_238' title='bbox 797 2724 901 2796; x_wconf 80' lang='grc' dir='ltr'><strong><em>ἀεὶ</em></strong></span> <span class='ocrx_word' id='word_1_239' title='bbox 921 2730 1294 2812; x_wconf 78' lang='grc' dir='ltr'><strong><em>ἐπείγονται</em></strong></span> <span class='ocrx_word' id='word_1_240' title='bbox 1314 2725 1543 2796; x_wconf 69' lang='grc' dir='ltr'><strong><em>αὐτῶν</em></strong></span> <span class='ocrx_word' id='word_1_241' title='bbox 1564 2732 1647 2796; x_wconf 76' lang='grc' dir='ltr'><strong><em>αἰ</em></strong></span> <span class='ocrx_word' id='word_1_242' title='bbox 1668 2731 1872 2814; x_wconf 68' lang='grc' dir='ltr'><strong><em>ψυχαὶ</em></strong></span> <span class='ocrx_word' id='word_1_243' title='bbox 1892 2733 2283 2815; x_wconf 84' lang='grc' dir='ltr'><strong><em>διατρίβειν·</em></strong></span> <span class='ocrx_word' id='word_1_244' title='bbox 2319 2744 2364 2813; x_wconf 76' lang='lat' dir='ltr'><strong><em>‘D</em></strong></span> 
     </span>
     <span class='ocr_line' id='line_1_27' title="bbox 268 2818 2288 2914; baseline -0 -19"><span class='ocrx_word' id='word_1_245' title='bbox 268 2825 449 2906; x_wconf 84' lang='grc' dir='ltr'><strong><em>είκὰς</em></strong></span> <span class='ocrx_word' id='word_1_246' title='bbox 481 2825 613 2911; x_wconf 87' lang='grc' dir='ltr'><strong><em>γάρ</em></strong></span> <span class='ocrx_word' id='word_1_247' title='bbox 635 2849 1049 2910; x_wconf 87' lang='grc' dir='ltr'><strong><em>που.ουτως,</em></strong></span> <span class='ocrx_word' id='word_1_248' title='bbox 1085 2834 1272 2912; x_wconf 84' lang='grc' dir='ltr'><strong><em>εῖπερ</em></strong></span> <span class='ocrx_word' id='word_1_249' title='bbox 1308 2818 1399 2893; x_wconf 80' lang='grc' dir='ltr'><strong><em>αὖ</em></strong></span> <span class='ocrx_word' id='word_1_250' title='bbox 1440 2823 1608 2896; x_wconf 74' lang='grc' dir='ltr'><strong><em>,κατὰ</em></strong></span> <span class='ocrx_word' id='word_1_251' title='bbox 1640 2852 1765 2913; x_wconf 91' lang='grc' dir='ltr'><strong><em>την</em></strong></span> <span class='ocrx_word' id='word_1_252' title='bbox 1796 2830 2288 2914; x_wconf 83' lang='grc' dir='ltr'><strong><em>προειρημένην</em></strong></span> 
     </span>
     <span class='ocr_line' id='line_1_28' title="bbox 268 2919 2289 3011; baseline 0 -19"><span class='ocrx_word' id='word_1_253' title='bbox 268 2924 497 2992; x_wconf 81' lang='grc' dir='ltr'><strong><em>εἰκόνα</em></strong></span> <span class='ocrx_word' id='word_1_254' title='bbox 518 2920 703 2993; x_wconf 82' lang='grc' dir='ltr'><strong><em>τοῦτ’</em></strong></span> <span class='ocrx_word' id='word_1_255' title='bbox 731 2928 879 3011; x_wconf 76' lang='grc' dir='ltr'><strong><em>ἔχει.</em></strong></span> <span class='ocrx_word' id='word_1_256' title='bbox 926 2919 1128 3001; x_wconf 78' lang='grc' dir='ltr'><strong><em>Εἰκὸς</em></strong></span> <span class='ocrx_word' id='word_1_257' title='bbox 1146 2927 1396 3010; x_wconf 86' lang='grc' dir='ltr'><strong><em>μέντοι,</em></strong></span> <span class='ocrx_word' id='word_1_258' title='bbox 1424 2928 1570 3010; x_wconf 76' lang='grc' dir='ltr'><strong><em>ἔφη.</em></strong></span> <span class='ocrx_word' id='word_1_259' title='bbox 1625 2929 1711 2991; x_wconf 88' lang='grc' dir='ltr'><strong><em>Τί</em></strong></span> <span class='ocrx_word' id='word_1_260' title='bbox 1740 2928 1845 3004; x_wconf 71' lang='grc' dir='ltr'><strong><em>θές</em></strong></span> <span class='ocrx_word' id='word_1_261' title='bbox 1889 2923 2042 2994; x_wconf 78' lang='grc' dir='ltr'><strong><em>τόδε</em></strong></span> <span class='ocrx_word' id='word_1_262' title='bbox 2078 2934 2202 2994; x_wconf 72' lang='grc' dir='ltr'><strong><em>οἴει</em></strong></span> <span class='ocrx_word' id='word_1_263' title='bbox 2224 2950 2289 2996; x_wconf 87' lang='grc' dir='ltr'><strong><em>τι</em></strong></span> 
     </span>
     <span class='ocr_line' id='line_1_29' title="bbox 267 3013 2290 3109; baseline 0 -17"><span class='ocrx_word' id='word_1_264' title='bbox 267 3021 689 3106; x_wconf 76' lang='grc' dir='ltr'><strong><em>θαυμαστόν,</em></strong></span> <span class='ocrx_word' id='word_1_265' title='bbox 712 3026 774 3092; x_wconf 84' lang='grc' dir='ltr'><strong><em>εί</em></strong></span> <span class='ocrx_word' id='word_1_266' title='bbox 793 3017 938 3094; x_wconf 81' lang='grc' dir='ltr'><strong><em>ἀπὸ,</em></strong></span> <span class='ocrx_word' id='word_1_267' title='bbox 952 3027 1183 3107; x_wconf 84' lang='grc' dir='ltr'><strong><em>θείων,</em></strong></span> <span class='ocrx_word' id='word_1_268' title='bbox 1205 3013 1295 3108; x_wconf 80' lang='grc' dir='ltr'><strong><em>ἦν</em></strong></span> <span class='ocrx_word' id='word_1_269' title='bbox 1322 3018 1388 3089; x_wconf 85' lang='grc' dir='ltr'><strong><em>δ’</em></strong></span> <span class='ocrx_word' id='word_1_270' title='bbox 1416 3020 1571 3108; x_wconf 71' lang='grc' dir='ltr'><strong><em>ἐγώ,</em></strong></span> <span class='ocrx_word' id='word_1_271' title='bbox 1592 3030 1903 3109; x_wconf 70' lang='grc' dir='ltr'><strong><em>θεωριῶν</em></strong></span> <span class='ocrx_word' id='word_1_272' title='bbox 1923 3023 2032 3092; x_wconf 75' lang='grc' dir='ltr'><strong><em>ἐπὶ</em></strong></span> <span class='ocrx_word' id='word_1_273' title='bbox 2061 3021 2141 3091; x_wconf 84' lang='grc' dir='ltr'><strong><em>τά</em></strong></span> <span class='ocrx_word' id='word_1_274' title='bbox 2164 3021 2290 3092; x_wconf 85' lang='grc' dir='ltr'><strong><em>ἀν·-</em></strong></span> 
     </span>
     <span class='ocr_line' id='line_1_30' title="bbox 268 3117 2291 3208; baseline -0 -18"><span class='ocrx_word' id='word_1_275' title='bbox 268 3118 579 3206; x_wconf 70' lang='grc' dir='ltr'><strong><em>θρῶπειά</em></strong></span> <span class='ocrx_word' id='word_1_276' title='bbox 600 3146 710 3198; x_wconf 84' lang='grc' dir='ltr'><strong><em>τις.</em></strong></span> <span class='ocrx_word' id='word_1_277' title='bbox 731 3118 960 3189; x_wconf 75' lang='grc' dir='ltr'><strong><em>έλθῷν</em></strong></span> <span class='ocrx_word' id='word_1_278' title='bbox 980 3119 1156 3189; x_wconf 81' lang='grc' dir='ltr'><strong><em>κακὰ</em></strong></span> <span class='ocrx_word' id='word_1_279' title='bbox 1180 3117 1544 3208; x_wconf 75' lang='grc' dir='ltr'><strong><em>ἀσχημονεῖ</em></strong></span> <span class='ocrx_word' id='word_1_280' title='bbox 1562 3146 1634 3188; x_wconf 93' lang='grc' dir='ltr'><strong><em>τε</em></strong></span> <span class='ocrx_word' id='word_1_281' title='bbox 1655 3122 1767 3191; x_wconf 84' lang='grc' dir='ltr'><strong><em>καὶ</em></strong></span> <span class='ocrx_word' id='word_1_282' title='bbox 1787 3129 2095 3207; x_wconf 75' lang='grc' dir='ltr'><strong><em>φαίνεται</em></strong></span> <span class='ocrx_word' id='word_1_283' title='bbox 2115 3121 2291 3208; x_wconf 88' lang='grc' dir='ltr'><strong><em>σφό-</em></strong></span> 
     </span>
     <span class='ocr_line' id='line_1_31' title="bbox 268 3216 2293 3307; baseline -0.001 -18"><span class='ocrx_word' id='word_1_284' title='bbox 268 3224 397 3306; x_wconf 87' lang='grc' dir='ltr'><strong><em>δρα</em></strong></span> <span class='ocrx_word' id='word_1_285' title='bbox 437 3225 693 3305; x_wconf 79' lang='grc' dir='ltr'><strong><em>γελοῖος</em></strong></span> <span class='ocrx_word' id='word_1_286' title='bbox 731 3224 825 3290; x_wconf 79' lang='grc' dir='ltr'><strong><em>ἔτι</em></strong></span> <span class='ocrx_word' id='word_1_287' title='bbox 872 3216 1329 3305; x_wconf 75' lang='grc' dir='ltr'><strong><em>ἀμβλυώττων</em></strong></span> <span class='ocrx_word' id='word_1_288' title='bbox 1365 3221 1476 3287; x_wconf 86' lang='grc' dir='ltr'><strong><em>καὶ</em></strong></span> <span class='ocrx_word' id='word_1_289' title='bbox 1517 3220 1674 3303; x_wconf 87' lang='grc' dir='ltr'><strong><em>πρὶν</em></strong></span> <span class='ocrx_word' id='word_1_290' title='bbox 1707 3223 1953 3298; x_wconf 80' lang='grc' dir='ltr'><strong><em>ἱκανῷς</em></strong></span> <span class='ocrx_word' id='word_1_291' title='bbox 1986 3221 2293 3307; x_wconf 82' lang='grc' dir='ltr'><strong><em>συνήθης</em></strong></span> 
     </span>
     <span class='ocr_line' id='line_1_32' title="bbox 267 3314 2293 3406; baseline -0.001 -20"><span class='ocrx_word' id='word_1_292' title='bbox 267 3320 590 3404; x_wconf 72' lang='grc' dir='ltr'><strong><em>γενέσθαι</em></strong></span> <span class='ocrx_word' id='word_1_293' title='bbox 607 3324 703 3406; x_wconf 92' lang='grc' dir='ltr'><strong><em>τῷ</em></strong></span> <span class='ocrx_word' id='word_1_294' title='bbox 729 3315 1018 3402; x_wconf 81' lang='grc' dir='ltr'><strong><em>παρόντι</em></strong></span> <span class='ocrx_word' id='word_1_295' title='bbox 1053 3316 1269 3405; x_wconf 87' lang='grc' dir='ltr'><strong><em>σκότῷ</em></strong></span> <span class='ocrx_word' id='word_1_296' title='bbox 1304 3314 1839 3403; x_wconf 76' lang='grc' dir='ltr'><strong><em>ἀναγκαζόμενος</em></strong></span> <span class='ocrx_word' id='word_1_297' title='bbox 1872 3320 1947 3384; x_wconf 85' lang='grc' dir='ltr'><strong><em>έν</em></strong></span> <span class='ocrx_word' id='word_1_298' title='bbox 1981 3321 2293 3404; x_wconf 83' lang='grc' dir='ltr'><strong><em>δικαστη-</em></strong></span> 
     </span>
     <span class='ocr_line' id='line_1_33' title="bbox 272 3411 2292 3503; baseline -0.002 -19"><span class='ocrx_word' id='word_1_299' title='bbox 272 3423 439 3501; x_wconf 86' lang='grc' dir='ltr'><strong><em>ρίοις</em></strong></span> <span class='ocrx_word' id='word_1_300' title='bbox 457 3411 525 3503; x_wconf 81' lang='grc' dir='ltr'><strong><em>ἢ</em></strong></span> <span class='ocrx_word' id='word_1_301' title='bbox 567 3414 820 3483; x_wconf 81' lang='grc' dir='ltr'><strong><em>ἄλλοθί</em></strong></span> <span class='ocrx_word' id='word_1_302' title='bbox 853 3441 988 3484; x_wconf 90' lang='grc' dir='ltr'><strong><em>που</em></strong></span> <span class='ocrx_word' id='word_1_303' title='bbox 1030 3414 1476 3503; x_wconf 67' lang='grc' dir='ltr'><strong><em>ἀγωνίζεσθαι</em></strong></span> <span class='ocrx_word' id='word_1_304' title='bbox 1515 3419 1666 3503; x_wconf 86' lang='grc' dir='ltr'><strong><em>περὶ</em></strong></span> <span class='ocrx_word' id='word_1_305' title='bbox 1697 3422 1836 3484; x_wconf 87' lang='grc' dir='ltr'><strong><em>τῷν</em></strong></span> <span class='ocrx_word' id='word_1_306' title='bbox 1868 3422 1994 3482; x_wconf 85' lang='grc' dir='ltr'><strong><em>τοῦ</em></strong></span> <span class='ocrx_word' id='word_1_307' title='bbox 2027 3416 2292 3482; x_wconf 85' lang='grc' dir='ltr'><strong><em>δικαίου</em></strong></span> 
     </span>
    </p>
   </div>
  </div>
 </body>
</html>
