2602 3928
318 246 445 311 426
816 327 825 335 ,
1022 244 1236 303 ΠΛΑ
1260 244 1602 304 ΤῼΝΟΣ
2238 252 2348 307 108

320 417 492 478 νοῦν
515 412 763 476 ἔθεσαν
781 403 905 492 τὴν
928 411 1043 492 τῆς
1063 410 1393 483 πολιτείας
1413 405 1603 484 τάξιν
1619 431 1632 443 ·
1680 394 1778 473 ὦν
1796 402 1878 472 τὰ
1899 404 2022 490 μὲν
2045 402 2348 491 ὀνόματα

323 511 625 590 σέσωται,
647 501 725 573 τὰ
751 503 824 572 δὲ
847 510 1006 589 ἔργα
1029 500 1138 571 διὰ
1161 504 1280 583 τοὶς
1310 510 1449 572 ταῖν
1470 504 2135 591 παραλαμβανόντων
2157 513 2350 589 φθο-

325 605 445 692 ρᾶς
472 604 683 673 καὶτὰ
713 604 890 691 μήκη
911 610 1047 671 τῶν
1071 600 1336 689 χρόνων
1366 599 1735 690 ἠφανίσθη.
1779 603 1854 670 τό
1892 602 2020 688 γὰρ
2057 610 2351 689 περιλει-

323 705 622 791 πόμενον
643 700 745 770 ἀεὶ
760 704 980 787 γένος,
1005 699 1230 787 ωσπερ
1254 704 1366 770 καὶ
1397 701 1701 786 πρόσθεν
1736 698 2015 788 ἐρρήθη,
2049 705 2353 768 κατελεί-

325 827 484 871 πετο
508 801 735 887 ὄρειον
756 799 927 869 καὶ’
887 800 1344 921 αγράμματον,
1376 826 1515 868 των
1548 803 1623 867 έν
1654 806 1735 887 τῇ
1769 798 1953 888 χω’ρα
1994 802 2352 866 δυναστων

325 927 407 969 τα
429 897 728 987 ὀνόματα
758 895 1048 986 άκηκοός
1080 897 1292 985 μόνον
1326 900 1437 966 καὶ
1467 902 1713 985 βραχέα
1749 896 1915 984 πρὸς
1949 894 2177 977 αὐτοῖς
2208 904 2353 964 τῶν

255 1023 300 1075 Ε
324 1005 558 1088 ἔργων.
596 997 679 1066 τὰ
700 996 824 1085 μὲν
857 990 985 1065 οὖν
1021 992 1316 1084 ὀνόματα
1347 1010 1483 1076 τοῖς
1517 997 1816 1083 ἐκγόνοις
1844 992 2142 1065 ἐτίθεντο
2176 992 2355 1080 άγα-

327 1103 604 1182 adm-eg,
647 1096 764 1175 τὰς
811 1097 885 1164 δὲ
918 1093 1154 1181 άρετάς
1177 1097 1288 1164 καὶ
1322 1094 1481 1175 τοὺς
1514 1095 1768 1182 νόμους
1794 1101 1935 1162 τῶν
1962 1100 2355 1181 ἔμπροσθεν

329 1194 457 1264 οὐκ
477 1195 744 1279 εἰδότες,
770 1200 831 1263 εἰ
848 1192 936 1282 μη
963 1190 1304 1273 σκοτεινὰς
1326 1191 1478 1280 περὶ
1499 1193 1798 1262 ἑκάστων
1818 1189 2002 1271 τινὰς
2022 1187 2250 1277 άκοάς,
2274 1194 2356 1267 ἐν

329 1291 574 1382 ἀπορίᾳ
610 1292 684 1361 δὲ
723 1300 859 1361 τῶν
902 1291 1283 1379 ἀναγκαίων
1303 1285 1422 1359 Ιἐπὶ
1462 1291 1711 1371 πολλὰς
1736 1289 1968 1377 γενεὰς
2012 1287 2200 1367 ὄντες
2237 1290 2356 1357 καὶ

331 1389 522 1460 αὐτοὶ
557 1392 668 1459 καὶ
704 1395 952 1475 παῖδες,
999 1389 1166 1479 πρὸς
1208 1386 1306 1469 οἷς
1347 1389 1654 1477 ἠπόρουν
1694 1389 1818 1458 τὸν
1854 1396 2025 1457 νοῦν
2067 1393 2352 1473 ἔχοντες,

199 1516 299 1570 110
328 1489 588 1559 τούτων
610 1492 760 1574 πέρι
780 1487 1062 1569 καὶτοὺς
1083 1490 1327 1575 λόγους
1349 1490 1759 1576 ποιούμενοι,
1782 1495 1918 1556 τῶν
1940 1490 2014 1555 έν
2036 1499 2171 1565 τοῖς
2188 1484 2354 1571 πρό-

332 1597 503 1659 σθεν
524 1591 636 1657 καὶ
662 1588 867 1657 πάλαι
885 1587 1044 1657 ποτὲ
1064 1586 1443 1674 γεγονότων
1458 1584 1770 1674 ἠμέλουν.
1818 1590 2196 1674 μυθολογία
2217 1582 2354 1670 γὰρ

331 1686 721 1775 άναζήτησίς
741 1714 812 1756 τε
832 1695 968 1755 τῶν
993 1696 1292 1756 παλαιῶν
1313 1684 1475 1773 μετὰ
1500 1692 1746 1773 σχολῆς·
1775 1684 1896 1772 ἅμ’
1933 1686 2039 1752 ἐπὶ
2072 1683 2188 1762 τοὶς
2222 1681 2356 1749 πό-

332 1794 465 1866 λεις
487 1792 831 1873 ἔρχεσθον,
856 1785 1019 1854 ὅταν
1041 1785 1271 1873 ἴδητόν
1296 1807 1470 1853 τισιν
1493 1783 1621 1871 ἤδη
1641 1789 1766 1852 τοῦ
1798 1789 1955 1872 βίου
1985 1780 2357 1867 τάναγκαῖα

331 1888 929 1973 κατεσκευασμένα,
956 1888 1115 1971 πρὶν
1148 1885 1220 1953 δὲ
1255 1883 1358 1954 οῦ.
1401 1884 1608 1971 ταύτῃ
1642 1883 1722 1970 δὴ
1762 1880 1843 1950 τὰ
1879 1889 2015 1949 τῶν
2048 1886 2356 1949 παλαιῶν

332 1982 628 2072 ὀνόματα
650 1985 817 2052 ἄνευ
838 1993 973 2053 τῶν
1008 1989 1222 2071 ἔργων
1254 1987 1664 2052 διασέσωται.
1723 1985 1893 2068 λέγω
1929 1983 2002 2048 δὲ
2019 1977 2202 2048 ἀὐτὰ
2244 2004 2358 2046 τε-

329 2083 795 2170 κμαιρόμενος,
819 2081 922 2150 ὅτι
942 2082 1290 2170 Κέκροπός
1315 2107 1387 2151 τε
1408 2085 1521 2151 καὶ
1547 2079 1907 2168 Ἐρεχθέως
1926 2080 2038 2148 καὶ
2051 2076 2360 2165 Ἐριχθο-

331 2188 484 2250 νίου
506 2183 618 2248 καὶ
634 2179 1101 2267 Ἐρυσίχθονος
1134 2188 1272 2250 τῶν
1290 2207 1364 2249 τε
1394 2179 1620 2249 ἄλλων
1653 2178 1744 2248 τὰ»
1774 2184 2063 2262 πλεῖστα,
2097 2176 2357 2261 ὅσαπερ

257 2299 299 2350 Β
334 2279 446 2347 καὶ
467 2280 736 2365 Θησέως
755 2286 895 2346 τοῖν
927 2276 1069 2347 ἅνω
1104 2279 1254 2366 περὶ
1285 2285 1424 2346 τῶν
1455 2276 1810 2364 ὀνομάτων
1849 2276 2147 2346 ἑκάστων
2178 2272 2358 2363 άπο-

331 2375 838 2463 μνημονεύεται,
863 2377 1123 2445 τούτων
1144 2381 1441 2456 έκέίνους
1478 2376 1557 2444 τοὶ
1590 2375 1801 2444 πολλὰ
1822 2373 2356 2462 ἐπονομάζοντας

331 2471 489 2553 τούς
513 2477 723 2559 ἱερέας
745 2472 986 2542 Σόλων
1008 2479 1135 2561 ἔφη
1160 2475 1284 2543 τὸν
1308 2474 1458 2543 τότε
1481 2478 1857 2562 διηγεῖσθαι
1891 2472 2205 2557 πόλεμον,
2242 2473 2357 2540 καὶ

329 2569 410 2638 τὰ
435 2579 572 2640 τῶν
592 2579 934 2657 γυναικῶν
955 2572 1123 2640 κατὰ
1158 2570 1240 2640 τὰ
1275 2570 1466 2640 αύτά.
1513 2576 1624 2641 καὶ
1667 2574 1746 2659 δὴ
1783 2573 1892 2640 καὶ
1925 2567 1999 2638 τό
2036 2577 2152 2656 τῆς
2179 2577 2356 2637 θεοῦ

332 2674 551 2755 σχῆμα
594 2670 705 2738 καὶ
747 2668 1029 2757 ἄγαλμα,
1072 2667 1161 2749 ὥς
1199 2666 1393 2739 κοινὰ
1438 2666 1573 2736 τότ’
1614 2661 1702 2755 ἦν
1745 2667 1824 2735 τὰ
1868 2666 2355 2754 ἐπιτηδεύματα

331 2779 483 2846 ταῖς
506 2792 575 2834 τε
611 2769 876 2853 γυναιξὶ
915 2768 1025 2835 καὶ
1064 2781 1200 2846 τοῖς
1242 2765 1527 2853 ἀνδράσι
1568 2794 1651 2834 τα
1696 2768 1847 2865 περὶ
1872 2763 1996 2834 τὸν
2037 2765 2354 2850 πόλεμον,

333 2860 509 2931 οὕτω
531 2891 654 2933 κατ
658 2862 960 2933 ’ἐκεῖνον
980 2863 1101 2933 τὸν
1133 2864 1366 2974 νόμον
1371 2858 1792 2952 ωπλισμένην
1824 2890 1949 2952 την
1980 2862 2152 2932 θεὸν
2183 2860 2356 2930 άνά-

265 2970 305 3023 G
337 2969 524 3047 θημα
556 2962 724 3031 εἶναι
765 2978 902 3044 τοῖς
942 2965 1107 3049 τότε,
1143 2946 1535 3052 ἔνδειγμα
1492 2991 1596 3033 οτι
1637 2963 1853 3034 πάνθ’
1890 2963 2018 3033 ὅσα
2054 2964 2354 3049 ξύννομα

332 3065 463 3139 ζωα
484 3061 702 3184 θήλεα
718 3062 893 3131 καὶ“”’
851 3085 978 3131 οσα
1001 3061 1273 3151 ἄρρενα,
1295 3063 1423 3150 τὴν
1445 3063 1920 3151 προσήκουσαν
1941 3060 2185 3149 ἀρετὴν
2206 3059 2350 3129 ἑκά·

334 3177 467 3226 στω
488 3163 667 3245 γένει
687 3185 827 3228 παν
850 3169 1047 3251 κοινῇ
1069 3160 1362 3232 δυνατὸν
1384 3162 1793 3250 ἐπιτηδεύειν
1814 3163 2133 3248 πέφυκεν.

500 3261 596 3323 lv.
631 3255 843 3324 Ὦικει
878 3259 951 3327 δὲ
985 3258 1066 3347 δη
1102 3259 1240 3329 τότ’
1283 3263 1360 3329 έν
1390 3266 1546 3348 τῇδε
1575 3269 1658 3349 τῇ
1689 3260 1880 3350 χοίρα
1912 3285 1992 3327 τα
2029 3262 2151 3345 μὲν
2182 3255 2351 3325 ἄλλα

331 3355 499 3469 ἔθνη
525 3377 663 3418 των
688 3362 977 3424 πολιτων
999 3361 1149 3444 περὶ
1172 3359 1290 3439 τὰς
1314 3363 1748 3446 δημιουργίας
1785 3357 1946 3426 ὄντα
1978 3359 2089 3425 καὶ
2119 3353 2245 3443 τὴν
2275 3357 2349 3423 ἐκ

330 3455 445 3532 τῆς
481 3455 604 3532 γῆς
643 3453 925 3540 τροφήν,
957 3452 1032 3522 τὸ
1068 3456 1140 3524 δὲ
1166 3459 1459 3545 μάχιμον
1495 3454 1613 3526 ὑπ’
1651 3457 1922 3543 ανδρων
1956 3461 2166 3523 θείων
2195 3447 2344 3521 κατ’
