2602 3928
235 233 303 284 51
1039 220 1491 281 ΤΙΜΛΙΟΣ.
2120 220 2246 285 369

233 382 417 468 χάνε-ι
439 380 738 450 δὲταῦτα
760 380 945 466 ὄντα,
980 379 1060 447 τὰ
1083 381 1208 466 μὲν
1240 384 1513 447 ἔλαττον
1533 385 1765 466 ἔχοντα
1786 378 2029 460 ὕδατος
2062 377 2105 468 ἢ
2126 390 2247 469 γῆς

233 479 314 546 τό
335 505 404 547 τε
426 479 577 563 περὶ
599 478 723 564 τὴν
744 476 958 546 ῧαλον
980 480 1172 562 γένος
1193 475 1377 543 ἅπαν
1412 474 1538 543 ὅσα
1572 501 1643 543 τε
1678 482 1894 545 λίθων
1914 477 2075 564 χυτοὶ
2104 483 2245 564 εἴδη

233 585 542 661 καλεῖται,
577 573 658 643 τὰ
679 573 756 643 δὲ
774 578 977 643 πλέον
997 572 1241 653 ὕδατος
1258 566 1350 641 αὖ
1372 572 1588 642 πάντα
1626 570 1753 643 ὅσα
1790 580 2102 662 κηροειδῆ
2133 576 2243 645 καὶ
2280 588 2319 641 0

232 671 596 760 θυμιατικά
617 671 888 759 σώματα
911 668 1384 757 ξυμπήγνυται.

400 773 605 837 xxvl.
650 771 783 837 Καὶ
802 765 884 836 τὰ
903 766 1026 854 μὲν
1051 765 1132 853 δὴ
1158 765 1452 853 σχήματα
1481 775 1857 850 κοινωνίαις
1878 796 1949 838 τε
1982 771 2093 838 καὶ
2127 794 2247 856 με-

230 875 584 953 ταλλαγαῖς
611 870 703 945 εἰς
719 864 970 952 ἄλληλα
1005 868 1470 951 πεποικιλμένα
1495 870 1635 953 εἴδη
1660 865 1895 953 σχεδὸν
1928 870 2248 936 ἐπιδέδει-

231 993 412 1035 κται·
453 993 537 1034 τα
559 964 632 1034 δὲ
654 965 1017 1053 παθήματα
1039 962 1264 1033 αὐτῶν
1284 962 1375 1033 δι’
1414 961 1493 1043 ἃς
1513 970 1720 1045 αἰτίας
1748 970 1983 1053 γέγονε
2016 991 2248 1056 πειρα-

232 1068 384 1132 τέον
403 1067 800 1151 ἐμφανίζειν.
859 1088 1131 1151 πρωτον
1153 1061 1276 1150 μὲν
1297 1055 1427 1131 οὖν
1447 1060 1774 1152 ὑπάρχειν
1796 1074 2116 1153 αἴσθησιν
2148 1070 2252 1135 δεῖ

236 1176 367 1239 τοῖς
387 1163 764 1246 λεγομένοις
784 1157 906 1244 άεί,
931 1160 1175 1246 σαρκὸς
1196 1159 1270 1229 δὲ
1281 1162 1391 1228 καὶ
1412 1187 1550 1228 των
1560 1164 1710 1249 περὶ
1731 1164 1944 1249 σάρκα
1959 1167 2244 1251 γένεσιν,

234 1266 448 1345 ψυχῆς
468 1283 538 1325 τε
571 1255 738 1325 ὅσον
757 1258 1039 1344 θνητόν,
1062 1281 1252 1327 ουπω
1280 1260 1797 1347 διεληλύθαμεν·
1843 1261 2152 1348 τυγχάνει
2175 1263 2248 1330 δὲ

237 1354 390 1424 οὔτε
410 1363 616 1423 ταῦτα
637 1357 833 1441 χωρὶς
865 1363 1002 1423 τοῖν
1035 1356 1186 1439 περὶ
1218 1356 1299 1424 τὰ
1333 1357 1699 1444 παθήματα
1730 1356 1856 1426 ὅσα
1889 1364 2245 1446 αἰσθητικά

236 1452 354 1522 οὔτ
366 1450 694 1521 Μ’ἐκεῖνα
649 1477 815 1521 ανευ
836 1452 1093 1521 τούτων
1133 1451 1384 1521 δυνατὰ
1421 1458 1666 1535 ἱκανῶς
1696 1464 2036 1544 λεχθῆναι,
2069 1453 2144 1525 τὸ
2176 1454 2250 1526 δὲ
2282 1471 2325 1521 D

238 1577 373 1637 αμα
394 1548 631 1635 σχεδὸν
647 1576 732 1618 ου
758 1550 1086 1618 δυνατόν
1121 1549 1495 1621 ὑποθετέον
1518 1551 1598 1640 δὴ
1625 1554 1952 1641 πρότερον
1972 1554 2247 1642 θάτερα,

240 1672 317 1714 τα
349 1645 413 1714 δ’
452 1645 864 1716 ὑποτεθέντα
899 1647 1221 1734 ἐπάνιμεν
1255 1641 1475 1728 αὖθις.
1519 1654 1633 1717 ἵνα
1665 1644 1795 1718 οὖν
1829 1653 1974 1736 ἑξῆς
2005 1678 2086 1718 τα
2119 1675 2249 1719 πα·-

234 1745 505 1830 θήματα
528 1748 787 1831 λέγηται
813 1759 950 1824 τοῖς
969 1748 1252 1832 γένεσιν,
1286 1752 1452 1814 ἔστω
1474 1747 1765 1834 πρότερα
1794 1746 1956 1836 ἡμῖν
1986 1746 2066 1816 τὰ
2100 1748 2250 1832 περὶ

239 1848 428 1927 σωμα
452 1843 562 1909 καὶ
584 1843 814 1962 ψυχὴν
826 1841 1006 1909 ὄντα.
1055 1851 1324 1928 πρῶτον
1345 1844 1470 1930 μεν
1491 1838 1620 1913 οὖν
1638 1837 1686 1932 ᾗ
1705 1854 1841 1929 πῦρ
1860 1842 2119 1933 θερμὸν
2141 1849 2251 1913 λε’-

235 1964 462 2026 γομεν,
487 1942 734 2026 ἴδωμεν
757 1929 886 2009 ωδε
910 1948 1335 2027 σκοποῦντες,
1371 1940 1494 2030 τὴν
1532 1944 1863 2027 διάκρισιν
1897 1943 2008 2010 καὶ
2043 1941 2251 2028 τομὴν

238 2034 448 2105 αὐτοῦ
468 2037 712 2122 περὶτὰ
749 2046 935 2124 σωμα
968 2035 1159 2124 ἡμων
1192 2044 1597 2127 γιγνομένην
1632 2043 2083 2128 ἐννοηθέντες.
2144 2036 2247 2106 ὅτι
2283 2057 2324 2107 Ε

168 2156 174 2161 ·
238 2138 361 2220 μὲν
390 2160 520 2219 γαρ
555 2131 674 2214 ὀξύ
707 2161 768 2201 τι
808 2133 881 2202 τὸ
918 2135 1160 2219 πάθος,
1198 2135 1439 2216 πάντες
1481 2138 1718 2224 σχεδὸν
1753 2137 2249 2224 αἰσθανόμεθα·

242 2229 366 2318 τὴν
389 2230 460 2299 δὲ
481 2231 838 2318 λεπτότητα
857 2240 995 2300 τῶν
1013 2240 1327 2319 πλευρῶν
1355 2235 1466 2302 καὶ
1498 2243 1767 2320 γωνιῶν
1799 2234 2081 2322 ὀξύτητα
2116 2242 2253 2301 τῶν

239 2355 309 2397 τε
333 2335 588 2416 μορίων
619 2327 1022 2418 σμικρότητα
1053 2335 1164 2400 καὶ
1199 2340 1314 2418 τῆς
1350 2341 1564 2418 φορᾶς
1594 2330 1669 2400 τό
1708 2333 1922 2421 τάχος,
1960 2326 2059 2411 οἷς
2091 2339 2251 2399 πᾶσι

240 2425 541 2513 σφοδρὰν
565 2423 648 2495 ὂν
668 2430 781 2494 καὶ
800 2429 1007 2514 τομὸν
1030 2426 1228 2509 ὀξέως
1249 2428 1323 2497 τὸ
1347 2427 1725 2516 προστυχὸν
1747 2430 1848 2498 άεὶ
1873 2431 2113 2516 τέμνει,
2136 2437 2252 2497 λο-

237 2528 501 2611 γιστέον
521 2522 1202 2614 ἀναμιμνῃσκομένοις
1235 2527 1359 2614 τὴν
1393 2533 1515 2596 τοῦ
1548 2528 1873 2646 σχήματος
1903 2525 2113 2595 αὐτοῦ
2142 2530 2256 2611 γὲ
2292 2537 2362 2592 62

240 2642 447 2707 νεσιν,
471 2618 575 2688 ότι
595 2621 876 2708 μάλιστα
897 2625 1113 2711 ἐκείνη
1130 2626 1240 2691 καὶ
1261 2621 1386 2692 οὐκ
1406 2623 1576 2708 ἄλλη
1596 2624 1799 2708 φυσις
1821 2628 2254 2736 διακρίνουσα

242 2718 432 2807 ἡμων
462 2746 629 2789 κατα
660 2720 907 2808 σμικρά
940 2748 1009 2790 τε
1042 2721 1123 2790 τὰ
1163 2723 1435 2809 σώματα
1469 2725 1946 2807 κερματίζουσα
1979 2726 2177 2809 τοῦτο
2215 2711 2257 2787 6

240 2827 372 2887 νῦν
384 2816 645 2906 θερμὸν
657 2823 935 2906 λέγομεν
956 2819 1224 2899 εἰκότως
1244 2818 1320 2888 τό
1345 2820 1625 2906 πάθημα
1644 2821 1756 2887 καὶ
1773 2842 2069 2905 τουνομα
2093 2840 2255 2906 παρ·

241 2923 406 3003 ἐσχε.
460 2913 535 2984 τὸ
581 2914 644 2984 δ’
704 2919 1010 2986 ἐναντίον
1063 2918 1325 2986 τούτων
1367 2918 1743 3004 κατάδηλον
1785 2914 2005 3002 με’ν,“
1966 2942 2143 3003 ομως
2183 2916 2257 2985 δὲ

241 3011 450 3100 μηδὲν
483 3012 731 3094 ἐπιδεὲς
761 3019 927 3084 ἔστω
961 3015 1186 3104 λόγου.
1232 3043 1315 3083 τα
1346 3042 1475 3101 γαρ
1508 3015 1588 3102 δη
1612 3022 1750 3082 τῶν
1786 3017 1933 3101 περὶ
1954 3011 2031 3082 τὸ
2068 3022 2257 3100 σῶμα

241 3107 476 3197 ὖγρων
516 3115 1122 3201 μεγαλομερέστερα
1179 3111 1490 3197 εἰσιόντα,
1533 3112 1614 3179 τὰ
1656 3111 2056 3199 σμικρότερα
2096 3115 2259 3192 ἐξω·

244 3216 529 3293 θοῦντα,
554 3215 647 3288 είς
671 3237 789 3289 τας
800 3212 1074 3279 ἐκείνων
1089 3236 1173 3279 ου
1193 3211 1535 3297 δυνάμενα
1562 3211 1756 3296 εδρας
1776 3212 2070 3295 ἐνδῦναι,
2095 3212 2255 3288 ξυν-

244 3315 562 3376 ωθοῦντα
597 3304 789 3393 ἡμῶν
810 3306 885 3377 τὸ
911 3307 1188 3398 νοτερὸν
1208 3312 1274 3391 ἐξ
1309 3305 1670 3394 ανωμάλου
1703 3308 2144 3393 κεκινημένου
2177 3332 2246 3373 τε
2281 3326 2323 3377 Β

246 3411 560 3560 ἄκίνᾎτον
581 3404 1080 3558 διὶνὸμαλότητα
1121 3410 1232 3478 καὶ
1274 3406 1397 3492 τὴν
1442 3409 1730 3488 ξύνωσιν
1764 3402 2258 3556 άπε2ρ4γαζόμενα

459 3520 600 3560 LATo
717 3541 732 3556 .
1212 3539 1216 3545 -
