2602 3928
896 204 1479 292 HoAITEI'Az
1522 225 1585 304 ζ’.
2102 231 2227 295 215

218 420 352 461 των
382 399 517 460 τῶν
551 393 863 478 ἀριθμῶν
893 389 1242 476 ἀναγκάζει
1278 394 1718 509 διαλέγεσθαι,
1756 391 2014 479 οὐδαμῇ
2057 390 2217 461 ἄπο-

219 492 597 576 δεχόμενον,
631 486 752 556 ἐάν
784 514 884 567 τις
916 486 1086 573 αὐτῇ
1120 485 1325 571 ὁρατὰ
1370 483 1413 573 ἢ
1450 486 1619 555 ἁπτὰ
1656 488 1926 606 σώματα
1963 494 2228 575 ἔχοντας

214 584 550 674 ἀριθμοὺς
570 587 1078 672 προτεινόμενος
1099 588 1490 672 διαλέγηται.
1529 583 1728 652 οἶσθα
1761 585 1890 671 γάρ
1912 611 2045 655 που
2074 589 2229 665 τοὺς

217 688 366 771 περὶ
386 692 597 752 ταῦτα
617 681 881 761 δεινοὺς
913 682 1084 767 [δύο]
1119 678 1224 766 ὡς,
1262 681 1387 780 ἐάν·
1403 709 1501 761 τις
1528 679 1692 749 αύτό
1716 684 1792 750 τὸ
1829 686 1905 750 ἓν
1942 686 2233 771 ἐπιχειρῇ
2269 702 2308 750 Β

216 809 308 872 τω
352 782 531 872 λόγω
567 785 851 866 τέμνειν,
896 785 1316 864 καταγελῶσί
1351 805 1420 847 τε
1464 782 1572 847 καὶ
1612 775 1738 845 οὐκ
1775 777 2230 867 ἀποδέχονται,

213 876 366 949 αλλ’
401 877 525 947 ἐὰν
554 882 641 946 σύ
671 883 1055 997 κερματίζῃς
1087 875 1275 960 αὐτό,
1312 880 1551 944 ἐκεῖνοι
1594 884 2230 967 πολλαπλασιοῦσιν,

220 974 704 1064 εὐλαβούμενοι
725 975 816 1061 μή
838 998 998 1042 ποτε
1017 982 1202 1061 φανῇ
1222 1000 1298 1041 το
1325 976 1400 1040 ἓν
1431 972 1519 1061 μὴ
1558 976 1635 1042 ἓν
1669 973 1835 1042 ἄλλα
1873 975 2083 1044 πολλοὶ
2106 977 2234 1062 μό-

221 1100 348 1161 ρια.
392 1072 851 1160 Ἀληθέστατα,
888 1077 1035 1159 ἔφη,
1066 1075 1288 1157 λέγεις.
1340 1079 1425 1138 Τί
1451 1063 1578 1139 οὖν
1611 1081 1757 1156 οἴει,
1793 1099 1843 1139 ω
1882 1075 2231 1160 Γλαύκων,

219 1182 289 1239 εἴ
314 1199 411 1249 τις
431 1176 645 1255 ἔροιτο
679 1170 943 1254 αὐτούς,
984 1197 1036 1237 ω
1069 1171 1460 1264 θανμασιοι,
1494 1174 1642 1254 περὶ
1674 1179 1886 1238 ποίων
1921 1169 2236 1260 αριθμων
2266 1194 2370 1250 526

223 1272 631 1353 διαλέγεσθε,
656 1271 730 1336 ἐν
748 1263 846 1346 οἷς
865 1265 937 1336 τὸ
964 1270 1041 1336 ἓν
1061 1262 1277 1335 οἶον’
1242 1283 1429 1354 υμεῖς
1459 1266 1723 1349 ἀξιοῦτέ
1749 1271 1948 1356 ἐστιν,
1981 1279 2131 1338 ἴσον
2165 1298 2239 1340 τε

221 1367 504 1433 ἕκαστον
525 1374 663 1433 πᾶν
682 1366 879 1441 παντὶ
904 1367 1015 1432 καὶ
1049 1363 1204 1432 οὐδὲ
1234 1364 1519 1451 σμικρὰν
1542 1370 1883 1451 διαφέρον,
1907 1367 2147 1453 μόριόν
2165 1396 2238 1437 τε

219 1468 375 1548 ἕχον
406 1468 480 1530 ἐν
516 1465 730 1551 ἑαυτῷ
766 1460 998 1542 οὐδέν;
1039 1457 1179 1528 vt*
1124 1488 1224 1528 αν
1258 1471 1380 1530 οἴει
1422 1459 1671 1540 αὐτοὺς
1710 1460 2235 1547 ἄποκρίνασθαις

229 1568 441 1628 Τοῦτο
467 1565 693 1645 ἔγωγε,
716 1558 817 1627 ὅτι
840 1559 1269 1643 περὶτούτων
1289 1562 1619 1645 λέγουσιν,
1655 1552 1753 1627 ὦν
1786 1564 2234 1648 διανοηθῆναι

224 1657 442 1743 μόνον
461 1660 750 1741 ἐγχωρεῖ,
774 1655 986 1734 ἄλλως
1012 1653 1073 1722 δ’
1109 1654 1417 1742 οὐδαμῶς
1437 1663 1999 1743 μεταχειρίζεσθαι
2022 1662 2233 1726 δυνα-

221 1754 363 1822 τόν.
400 1751 593 1841 Ὁρᾷς
612 1746 759 1836 οὖν,
782 1745 870 1837 ἦν
890 1750 953 1818 δ’
981 1752 1130 1836 ἐγώ,
1153 1746 1209 1820 ὦ
1233 1761 1404 1839 φίλε,
1430 1753 1533 1822 ὅτι
1565 1762 1657 1842 τῷ
1692 1753 1835 1822 ὅντι
1869 1752 2234 1840 ἀναγκαῖον

103 1846 108 1853 ’
222 1849 385 1938 ἡμῖν
397 1850 774 1918 κινδυνεύει
787 1848 955 1917 εἶναι
967 1847 1040 1917 τὸ
1057 1850 1361 1937 μάθημα,
1378 1851 1597 1939 ἐπειδὴ
1619 1858 1928 1937 φαίνεταί
1941 1879 2017 1938 γε
2029 1876 2233 1937 προς-
2270 1873 2308 1922 B

105 1998 127 2023 t
220 1949 596 2035 αναγκάζον
640 1944 812 2035 αὐτῇ
846 1954 929 2037 τῇ
972 1948 1199 2036 νοήσει
1229 1957 1520 2035 χρῆσθαι
1551 1946 1677 2036 τὴν
1709 1948 1931 2036 ψυχὴν
1966 1950 2072 2019 ἐπ’
2107 1947 2234 2018 αὖ..

221 2048 345 2134 τὴν
378 2047 499 2134 τὴν
533 2046 889 2134 ἄλήθειαν;
928 2050 1062 2117 Καὶ
1094 2049 1217 2134 μὲν
1250 2048 1356 2135 δή,
1417 2054 1567 2135 ἔφη,
1618 2049 1879 2134 σφόδρα
1935 2076 2011 2134 γε
2065 2064 2244 2118 ποιεῖ’

223 2144 403 2214 αὐτό.
452 2151 537 2211 Τί
553 2148 667 2211 δαί
675 2175 695 2226 ;
735 2145 888 2213 τόδε
909 2145 1033 2231 ἤδη
1056 2147 1417 2232 ἐπεσκέψω,
1436 2142 1523 2225 ὥς
1545 2150 1614 2213 οἵ
1629 2171 1699 2214 τε
1722 2145 1923 2231 φύσει
1943 2155 2235 2233 λογιστι-

220 2245 328 2311 κοὶ
351 2242 680 2321 είςπάντα
699 2240 781 2309 τὰ
802 2243 1161 2329 μαθήματα
1194 2242 1281 2321 ὦς
1308 2249 1460 2321 ἔπος
1483 2249 1693 2312 εἰπεῖν
1725 2241 1894 2324 ὀξεῖς
1925 2243 2232 2332 φύονται,

223 2344 293 2409 οἵ
312 2366 382 2408 τε
403 2345 691 2427 βραδεῖς,
717 2336 805 2408 ἂν
826 2344 901 2408 ἐν
919 2341 1133 2430 τούτῳ
1158 2345 1576 2409 παιδευθῶσι
1597 2343 1707 2410 καὶ
1739 2341 2230 2462 γυμνάσωνται,

221 2465 351 2506 καν
371 2437 579 2524 μηδὲν
599 2436 759 2506 ἄλλο
785 2434 1317 2524 ωφεληθωσιν,“
1275 2464 1457 2524 ομως
1480 2447 1572 2517 εἴς
1591 2465 1667 2524 γε
1690 2436 1762 2505 τὸ
1788 2437 2088 2523 ὀξύτεροι
2108 2437 2236 2507 αύ-

220 2537 320 2603 τοὶ
363 2532 588 2603 αὑτων
627 2541 980 2621 γίγνεσθαι
1024 2560 1265 2614 παντες
1309 2536 1750 2617 ἐπιδιδόασιν;
1785 2535 2033 2623 Εστιν,
2081 2543 2232 2625 ἔφη,

218 2631 448 2711 οὕτως.
502 2635 635 2701 Καὶ
667 2633 822 2719 μήν,
859 2660 945 2712 ως
984 2624 1320 2721 ἐγφμαι,
1289 2632 1333 2700 α’
1364 2659 1441 2719 γε
1479 2639 1671 2719 μείζω
1715 2633 1931 2702 πόνον
1971 2637 2237 2720 παρέχει
2271 2654 2309 2705 G

225 2730 645 2817 μανθανοντι
668 2733 778 2800 καὶ
799 2738 1171 2818 μελετωντι,
1197 2729 1323 2799 οὐκ
1347 2728 1432 2799 ἂν
1453 2735 1696 2821 ῥαδίως
1730 2730 1888 2801 οὐδὲ
1910 2732 2121 2799 πολλοὶ
2143 2758 2235 2801 αν

227 2828 443 2916 εὕροις
465 2856 554 2909 ως
574 2835 793 2898 τοῦτο.
843 2828 947 2898 Οὐ
982 2832 1109 2918 γὰρ
1132 2857 1274 2898 ονν.
1311 2828 1601 2898 Παντων
1635 2827 1780 2917 δὴ”’
1743 2856 1941 2898 ενεκα
1973 2830 2236 2898 τούτων

224 2925 349 2994 ούκ
371 2927 653 3012 ἀφετέον
677 2926 751 2995 τὸ
778 2928 1077 3016 μαθημα,
1107 2926 1256 2997 ἀλλ’
1294 2928 1410 2996 οῖ’
1381 2928 1637 3012 αριστοι
1664 2925 1780 3007 τὰς
1810 2928 2047 3014 φύσεις
2079 2953 2235 2997 παι·-

222 3028 477 3093 δευτέοι
495 3029 570 3093 ἐν
591 3024 788 3115 αύτῷ.
831 3028 1169 3115 Ξύμφημι,
1200 3020 1244 3113 ἦ
1268 3023 1334 3094 δ’
1364 3025 1454 3105 ός.

390 3128 488 3190 ΙΧ.
541 3132 754 3193 Τοῦτο
777 3153 899 3211 μεν
918 3133 1171 3211 τοίνυν,
1197 3125 1506 3210 εἷπον,»ἓν
1536 3122 1697 3211 ἡμῖν
1730 3130 2008 3192 κείσθω·
2073 3125 2235 3193 δεύ-

221 3246 416 3307 τερον
439 3225 510 3289 δὲ
528 3218 602 3289 τὸ
625 3222 942 3309 ἐχόμενον
961 3223 1207 3292 τούτου
1232 3223 1637 3314 σκεψώμεθα
1662 3214 1794 3308 ἆρά
1819 3249 1882 3289 τι
1914 3223 2235 3309 προσήκει

221 3316 395 3404 ἡμῖν.
446 3317 535 3387 Τό
568 3334 794 3402 novom
833 3317 877 3407 ἢ
899 3329 1323 3407 γεωμετρίαν,
1350 3327 1497 3407 ἔφη,
1521 3322 1759 3405 λέγεις;
1802 3316 1985 3387 Αύτό
2010 3326 2232 3403 τοῦτο,

223 3409 309 3502 ἦν
332 3417 398 3484 δ’
422 3418 571 3503 ἐγώ.
599 3416 805 3486 Ὅσον
822 3425 967 3506 μέν,
991 3424 1141 3505 ἔφη,
1178 3417 1344 3507 πρὸς
1374 3416 1453 3485 τὰ
1489 3415 1810 3503 πολεμικοὶ
1859 3412 2068 3481 αὐτοῦ
2101 3420 2235 3500 τεῶ
2270 3434 2313 3483 D
