2602 3928
355 214 483 281 442
1187 217 1273 274 M
1283 217 1398 276 ΙΝ
1407 215 1473 274 Ω
1485 218 1557 273 Σ.
2280 224 2384 277 124

522 385 658 446 ΕΤ.
688 376 886 446 ’Άλλο
912 402 1026 463 μοι
1045 383 1178 443 νῦν
1201 375 1439 463 ἐφάνη.

523 481 597 545 11.
643 481 794 544 ΣΩ.
845 472 1064 543 O6x''
1017 500 1148 557 αρα
1170 472 1376 560 νόμος
1399 474 1535 541 ἐστὶ
1555 471 1636 540 τὰ
1659 473 2074 561 νομιζόμενα.

525 581 662 643 ΕΤ.
708 572 816 642 Οὔ
839 599 953 661 μοι
987 577 1185 640 δοκεῖ.

523 678 675 741 ΣΩ.
726 676 812 739 Τι’
826 668 971 758 δῆτ’
997 697 1085 738 αν
1109 679 1208 757 εἴη
1228 667 1466 755 νόμος;
1501 668 2016 756 ἐπισκεψώμεθα
2040 666 2203 739 αὐτὸ
2228 660 2381 738 ωδε.

355 784 423 843 εἰ
451 799 551 853 τις
588 770 764 859 ἡμᾶς
814 768 896 838 τὰ
940 777 1076 839 νῦν
1120 766 1223 857 δὴ·
1246 766 1574 856 λεγόμενα
1616 768 1923 859 ἀνήρετο,
1962 767 2185 857 ἐπειδὴ
2231 767 2385 852 ὄψει

213 883 319 941 314
356 873 522 960 φατὲ
543 868 625 939 τὰ
649 868 957 955 ὁρώμενα
980 866 1293 954 ὁρᾶσθαι,
1317 866 1515 936 τίνι”
1474 894 1619 936 οντι
1636 877 1721 957 τῇ
1741 867 1891 951 ὄψει
1913 865 2180 957 ὁρᾶται,
2163 898 2176 912 ·
2217 865 2385 936 ἀπεν

352 967 701 1057 κρινάμεθ·’
726 965 814 1036 ἄν
837 963 1042 1059 αὐτῷ,
1056 966 1158 1035 ὅτι
1173 966 1487 1054 αἰσθήσει
1499 967 1709 1056 ταύτῃ
1726 974 1811 1055 τῇ
1832 964 1942 1034 διὰ
1964 975 2102 1034 τών
2124 963 2382 1054 ὀφθαλ-

351 1076 527 1190 μῶν
524 1066 822 1155 δηλούσῃ
843 1064 924 1166 τά
947 1064 1330 1153 πράγματα
1373 1070 1436 1134 εἰ
1458 1064 1524 1133 δ’
1546 1059 1638 1135 αὖ
1663 1066 1884 1155 ἤρετο,
1908 1073 1977 1134 τί
1992 1072 2132 1150 δαίς
2157 1062 2383 1153 ἐπειδὴ

353 1164 527 1255 ἀκοῇ
551 1162 631 1232 τὰ
655 1161 1034 1251 ἀκουόμενα
1057 1162 1394 1251 ἀκούεται,
1418 1171 1550 1233 τίνι
1584 1162 1728 1233 ὄντι
1758 1175 1843 1255 τῇ
1870 1164 2071 1257 ἀκοῇ;
2105 1163 2384 1253 ἀπεκρι-

353 1261 601 1352 νάμεθ’
640 1290 730 1331 αν
766 1260 970 1352 αὐτω,
1014 1287 1120 1331 οτι
1141 1263 1455 1351 αἰσθήσει
1494 1264 1705 1353 ταύτῃ
1745 1274 1828 1355 τῇ
1871 1263 1980 1334 διὰ
2013 1292 2151 1334 των
2188 1291 2383 1332 ωτων

354 1363 654 1451 δηλούσῃ
687 1358 848 1449 ἡμῖν
896 1359 1015 1440 τὰς
1051 1362 1304 1449 φωνάς.
1347 1360 1525 1431 ούτω
1561 1370 1796 1433 τοίνυν
1830 1366 1940 1434 καὶ
1977 1370 2040 1434 εἰ
2075 1362 2382 1450 ἀνέροιτο

351 1459 544 1549 ἡμᾶς,
570 1458 793 1548 ἐπειδὴ
819 1459 1007 1551 νόμω
1032 1462 1115 1529 τὰ
1146 1462 1548 1549 νομιζόμενα
1572 1469 1919 1549 νομίζεται,
1943 1468 2074 1532 τίνι
2109 1462 2256 1531 ὄντι
2288 1470 2384 1553 τῷ

352 1559 540 1650 νόμω
564 1564 926 1645 νομίζεταις
971 1558 1256 1644 πότερον
1289 1560 1598 1647 αἰσθήσει
1618 1565 1746 1629 τινὶ
1765 1557 1811 1648 ἦ
1832 1560 2134 1648 δηλώσει,
2158 1560 2383 1648 ὥσπερ

278 1671 318 1720 Β
354 1655 436 1726 τὰ
458 1656 946 1746 μανθανόμενα
967 1659 1387 1746 μανθάνεται
1409 1660 1708 1746 δηλούσῃ
1724 1667 1808 1747 τῇ
1828 1659 2169 1749 ἐπιστήμῃ,
2200 1654 2245 1746 ἦ
2267 1656 2386 1727 εὑ-

357 1758 535 1841 ρέσει
555 1763 707 1844 τινί,
740 1754 963 1841 ὥσπερ
996 1756 1077 1824 τὰ
1112 1755 1555 1844 εὑρισκόμενα
1579 1754 1969 1845 εὑρίσκεται,
1993 1754 2137 1826 οἷον
2157 1756 2240 1825 τὰ
2259 1756 2386 1844 μὲν

354 1851 617 1942 ὑγιεινὰ
640 1859 752 1924 καὶ
771 1856 1038 1943 νοσώδη
1062 1860 1343 1945 ἰατρικῇ,
1380 1853 1426 1924 ἁ
1460 1856 1533 1925 δὲ
1555 1860 1624 1924 οἰ
1639 1859 1790 1925 θεοὶ
1819 1861 2267 1941 διανοοῦνται,
2293 1855 2388 1934 ὥς

355 1975 566 2044 φασιν
594 1959 664 2024 οἰ
678 1954 966 2043 μάντεις,
990 1963 1312 2044 μαντικῇ·
1355 1951 1396 2042 ἡ
1419 1954 1549 2042 γάρ
1572 1981 1705 2025 που
1726 1958 1919 2045 τέχνη
1940 1953 2100 2045 ἡμῖν
2122 1953 2388 2044 εὕρεσίς

355 2059 493 2126 ε’στι
512 2063 650 2124 τῶν
670 2052 1113 2143 πραγμάτων·
1152 2047 1197 2142 ἦ
1218 2056 1382 2143 γάρ;

440 2159 447 2163 ’
523 2162 662 2224 ΕΤ.
706 2154 908 2223 Πάνυ
937 2180 1029 2240 γε.

522 2257 629 2321 111.
680 2260 833 2322 ΣΩ.
902 2260 986 2322 Τί
1017 2246 1145 2321 ουν
1184 2280 1273 2321 αν
1305 2254 1565 2321 τούτων
1607 2251 2060 2340 ὑπολάβοιμεν
2099 2258 2386 2338 μαλιστα

352 2348 476 2419 τὸν
496 2351 716 2439 νόμον»
738 2350 937 2432 εἶναι;

522 2456 659 2518 ΕΤ.
708 2449 805 2518 Τὰ
831 2450 1130 2543 δόγματα
1164 2456 1374 2517 ταῦτα
1407 2452 1518 2518 καὶ
1552 2456 1961 2536 ψηφίσματα,
2006 2455 2228 2535 ἔμοιγε
2264 2453 2387 2517 δο-

356 2562 474 2618 κεῖ.
518 2555 587 2619 τί
613 2547 743 2636 γὰρ
778 2543 865 2618 ἂν
899 2548 1065 2618 ἄλλο
1100 2574 1198 2628 τις
1239 2556 1403 2636 φαίη
1441 2548 1653 2635 νόμον
1690 2547 1892 2629 εἶναι,
1941 2547 2107 2615 ώστε
2144 2552 2384 2616 κινδυ-

284 2657 328 2713 G
361 2649 567 2736 νεύει,
603 2647 642 2717 ὃ
675 2647 762 2716 σύ
784 2651 1055 2738 ἐρωτᾷς,
1090 2646 1165 2716 τὸ
1202 2645 1369 2717 ὅλον
1387 2655 1610 2733 τοῦτο,
1640 2647 1845 2735 νόμος
1877 2647 2092 2733 δόγμα
2123 2647 2387 2727 πόλεως

357 2745 543 2816 εἶναι.

525 2851 677 2914 ΣΩ.
720 2844 970 2928 Δόξαν,
1001 2841 1090 2922 ώς
1111 2848 1304 2930 ἔοικε,
1328 2845 1538 2931 λέγεις
1559 2841 1906 2927 πολιτικὴν
1926 2839 2049 2909 τὸν
2079 2841 2311 2929 νόμον.

524 2950 665 3012 ΕΤ.
692 2941 968 3031 ἩΕγωγε

527 3047 678 3110 ΣΩ.
724 3043 857 3111 Καὶ
893 3051 1052 3120 ἴσως
1084 3048 1303 3120 καλῶς
1338 3042 1576 3128 λε’γεις·
1629 3038 1794 3127 τάχα
1826 3018 1900 3108 6}
1932 3030 2062 3107 ωδε
2099 3065 2383 3126 αμεινον

362 3137 697 3225 εἰσόμεθα.
746 3144 955 3223 λέγεις
974 3136 1162 3218 τινὰς
1182 3138 1471 3225 σοφούς·
1452 3187 1473 3220 ,

526 3241 665 3303 ΕΤ.
694 3232 967 3322 ’Ἐγωγε

528 3334 681 3397 ΣΩ.
729 3328 1006 3402 Οὐκοῦν
1028 3338 1100 3402 οἰ
1112 3340 1324 3422 σοφοί
1348 3340 1474 3404 εἰσι
1507 3340 1713 3424 σοφίᾳ
1733 3339 1939 3418 σοφοί
1948 3361 1968 3415 3

527 3433 664 3492 ΕΤ.
709 3435 861 3498 Ναί.
