2602 3928
346 200 476 265 434
1083 200 1657 259 ΠΛΑΤΩΝΟΣ
2263 209 2371 264 116

348 359 515 430 κατὰ
547 359 664 440 τάς
687 365 803 446 τῆς
825 357 1159 444 θαλάττης
1194 357 1528 445 διαβάσεις
1548 357 1946 444 ἑκασταχόσε
1967 360 2371 445 ἐπιστήσαν-

350 486 482 540 τες·
529 459 648 526 τὸν
672 460 744 527 δὲ
780 465 981 526 λίθον
1013 462 1290 543 ἔτεμνον
1323 452 1455 522 ὑπὸ
1489 463 1606 541 τῆς
1635 457 1848 542 νήσου
1882 457 2108 548 κύκλῳ
2142 466 2261 546 τῆς
2293 463 2371 528 ἐν

349 559 529 647 μέσφ
572 558 685 624 καὶ
726 553 860 623 ὑπὸ
905 560 1043 622 τῶν
1086 561 1344 641 τροχοῖν
1385 559 1638 633 ἔξωθεν
1681 554 1793 621 καὶ
1834 555 2040 643 ἐντός,
2084 555 2205 623 τὸν
2246 555 2373 643 μὲν

351 654 619 740 λευκόν,
642 650 762 721 τὸν
785 653 857 721 δὲ
888 655 1162 740 μέλανα,
1190 649 1312 719 τὸν
1342 650 1415 720 δὲ
1449 649 1749 735 ἐρυθρὰν
1783 651 1976 721 ὄντα·
2020 659 2374 740 τέμνοντες

283 759 323 808 Β
361 754 433 821 δὲ
476 751 612 841 ἅμα
658 752 1036 837 εἰργάζοντο
1080 756 1483 831 νεωσοίκους
1532 758 1799 831 κοίλους
1840 756 2116 832 διπλοῦς
2158 753 2372 838 ἐντός,

354 864 745 938 κατηρεφεῖς
778 849 949 937 αὐτῇ
980 857 1062 937 τῇ
1106 852 1333 938 πέτρᾳ.
1376 850 1488 917 καὶ
1528 857 1666 917 τῶν
1709 851 2260 938 οἰκοδομημάτων
2292 851 2373 919 τὰ

354 952 478 1035 μὲν
503 946 705 1033 ἁπλᾶ,
732 944 814 1015 τά
837 946 908 1016 δὲ
928 946 1284 1033 μιγνύντες
1315 945 1475 1026 τούς
1507 954 1747 1027 λίθους
1780 956 2047 1018 ποικίλα
2079 946 2376 1035 ὕφαινον

356 1051 620 1126 παιδιᾶς
659 1045 873 1133 χάριν,
919 1043 1173 1134 ἡδονὴν
1216 1044 1445 1126 αὐτοῖς
1496 1047 1848 1134 ξύμφυτον
1899 1049 2376 1134 ἀπονέμοντες·

354 1149 466 1214 καὶ
485 1152 609 1214 τοῦ
630 1148 753 1231 μὲν
775 1148 926 1230 περὶ
955 1143 1076 1214 τὸν
1095 1146 1394 1226 ἐξωτάτω
1428 1144 1670 1234 τροχὸν
1704 1153 1959 1234 τείχους
1992 1154 2218 1236 χαλκῷ
2256 1170 2381 1214 πε-

359 1243 810 1330 ριελάμβανον
843 1244 1062 1312 πάντα
1094 1242 1216 1312 τὸν
1248 1250 1673 1332 περίδρομον,
1709 1241 1856 1314 οἷον
1884 1246 2135 1334 ἀλοιφῇ
2177 1272 2378 1330 προς-

356 1340 708 1427 χρεόμενοι,
730 1349 854 1408 τοῦ
876 1339 934 1409 δ’
974 1339 1159 1421 ἐντὸς
1181 1345 1533 1433 καττιτέρφ
1555 1347 1966 1430 περιέτηκον,
1991 1343 2111 1412 τὸν
2133 1344 2206 1411 δὲ
2226 1344 2384 1426 περὶ

285 1452 322 1501 c
360 1437 574 1527 αὐτὴν
599 1439 724 1528 την
746 1439 1115 1525 ἀκρόπολιν
1135 1438 1501 1532 ὀρειχάλκφ
1523 1439 1965 1529 μαρμαρυγάς
2000 1448 2216 1528 ἔχοντι
2248 1465 2382 1508 πυ-

360 1538 614 1623 pamas.

526 1641 626 1703 lx.
679 1634 776 1704 Τά
803 1636 874 1704 δὲ
902 1634 984 1723 δὴ
1021 1642 1135 1722 τῆς
1161 1635 1589 1723 ἀκροπόλεως
1622 1634 1811 1715 έντός
1848 1640 2150 1722 βασίλεια
2187 1660 2385 1703 κατε-

361 1736 779 1820 σκευασμένα
804 1725 929 1801 (ὅδ’
951 1726 1058 1820 ἦν.
1103 1736 1178 1802 έν
1195 1737 1373 1823 μέσῳ
1393 1734 1517 1820 μὲν
1538 1734 1722 1818 ἱερὸν
1757 1732 1953 1819 ἅγιον
1984 1730 2234 1801 αὐτόθι
2266 1738 2386 1818 τῆς

360 1859 432 1900 τε
470 1840 790 1911 Κλειτοῦς
831 1835 941 1900 καὶ
982 1840 1105 1900 τοῦ
1146 1836 1569 1909 Ποσειδῶνος
1611 1830 1865 1919 ἄβατον
1908 1828 2161 1917 ἀφεῖτο,
2191 1854 2386 1918 περι-

362 1932 542 2023 βόλῳ
565 1937 794 2021 χρυσῷ
814 1934 1398 2018 περιβεβλημένον,
1420 1926 1607 2001 τοῦτ’
1632 1933 1707 1998 έν
1729 1919 1785 2019 ᾦ
1812 1927 1961 1998 κατ’
1996 1924 2201 2016 ἀρχὰς
2232 1930 2388 2015 ἐφί-

362 2051 575 2097 τυσαν
595 2030 708 2098 καὶ
727 2032 1093 2115 ἐγέννησαν
1103 2028 1176 2096 τὸ
1201 2036 1339 2097 τῶν
1361 2032 1522 2098 δέκα
1544 2033 1943 2116 βασιλειδῶν
1963 2031 2185 2114 γένος·
2210 2032 2390 2095 ἔνθα

360 2129 471 2196 καὶ
493 2152 614 2194 κατ
623 2125 974 2194 ’ἐνιαυτὸν
996 2129 1069 2194 ἐκ
1102 2134 1339 2194 πασων
1361 2134 1497 2195 τῶν
1532 2130 1693 2195 δέκα
1727 2127 1982 2213 λήξεων
2014 2120 2224 2212 ωραῑα
2258 2121 2389 2190 αύ-

362 2222 514 2291 τόσε
538 2221 902 2293 ἀπετέλουν
922 2222 1066 2311 ίερά
1097 2227 1375 2294 ἐκείνων
1397 2225 1667 2314 ἑκάστω.
1712 2231 1835 2292 τοῦ
1859 2223 1931 2292 δὲ
1960 2227 2392 2301 Ποσειδωνος

291 2337 335 2388 D
372 2318 584 2388 αὐτοῦ
604 2345 773 2399 νεως
793 2347 902 2441 ην,
943 2325 1219 2391 σταδίου
1251 2324 1375 2408 μὲν
1409 2330 1638 2441 μῆκος,
1674 2314 1871 2406 εὖρος
1907 2321 1979 2389 δὲ
2019 2321 2202 2407 τρισῖ
2225 2321 2391 2388 πλέ-

361 2427 577 2504 θροις,
618 2415 791 2500 ὕψος
825 2415 891 2485 δ’
926 2420 1031 2487 ἐπὶ
1063 2419 1330 2499 τούτοις
1352 2420 1732 2507 σύμμετρον
1765 2423 1951 2504 ἰδεῖν,
1990 2416 2163 2497 εἶδος
2208 2420 2288 2485 δέ
2326 2444 2391 2484 τι

361 2514 782 2603 βαρβαρικὸν
816 2522 1112 2602 ἔχοντος·
1157 2518 1374 2587 πάντα
1399 2517 1472 2587 δὲ
1506 2522 1757 2598 ἔξωθεν
1795 2516 2231 2603 περιήλειψαν
2266 2515 2390 2584 τὸν

365 2614 543 2682 νεών
576 2611 875 2704 ἀργύρῳ,
919 2614 1097 2701 πλὴν
1132 2625 1269 2684 τῶν
1296 2613 1750 2702 ἀκρωτηρίων,
1782 2613 1866 2683 τὰ
1902 2615 1976 2682 δὲ
2006 2611 2392 2700 ἀκρωτήρια

368 2718 624 2801 χρυσῷ·
662 2709 750 2779 .τά
774 2712 846 2780 δὲ
879 2714 1083 2799 ἐντός,
1119 2710 1243 2800 τὴν
1284 2713 1407 2800 μὲν
1443 2710 1706 2799 ὀροφὴν
1744 2716 2183 2800 ἐλεφαντίνην
2220 2715 2393 2780 ἰδεῖν

365 2818 590 2877 πᾶσαν
621 2818 847 2900 χρυσῷ
883 2813 995 2879 καὶ
1029 2808 1390 2901 ὀρειχάλκφ
1419 2815 1955 2898 πεποικιλμένην,
1993 2807 2076 2878 τά
2107 2808 2182 2877 δὲ
2215 2807 2391 2877 ἄλλα

368 2906 587 2974 πάντα
608 2915 746 2975 τῶν
759 2912 998 2994 τοίχων
1020 2934 1091 2976 τε
1125 2911 1236 2978 καὶ
1268 2910 1521 2978 κιόνων
1549 2915 1661 2978 καὶ
1696 2911 1991 2995 ἐδάφους
2024 2906 2391 2997 ὀρειχάλκφ

370 3005 782 3093 περιέλαβον.
816 3014 1031 3093 χρυσᾶ
1053 3005 1127 3074 δὲ
1147 3003 1491 3093 ἀγάλματα
1511 3009 1890 3093 ἐνέστησαν,
1918 3003 2040 3074 τὸν
2071 3006 2197 3090 μὲν
2218 3002 2395 3073 θεὸν

299 3111 341 3161 Ε
378 3097 490 3187 ἐφ’
516 3099 807 3188 ἅρματος
830 3106 1078 3172 ἑστῶτα
1100 3107 1167 3184 ἓξ
1189 3101 1582 3192 ὑποπτέρων
1604 3109 1824 3172 ἵππων
1855 3101 2148 3191 ἡνίοχον,
2177 3100 2393 3170 αὐτὸν

371 3198 445 3265 δὲ
483 3195 613 3264 ὑπὸ
655 3204 987 3283 μεγέθους
1023 3209 1107 3289 τῇ
1148 3211 1418 3325 κορυφῇ
1452 3210 1568 3289 τῆς
1611 3199 1866 3290 ὀροφῆς
1899 3200 2391 3287 ἐφαπτόμενον,

373 3298 696 3379 Νηρῇδας
717 3297 791 3361 δὲ
823 3300 929 3365 ἐπὶ
963 3302 1363 3385 δελφίνων
1329 3327 1564 3370 εκατον
1596 3300 1856 3391 κύκλῳ·
1896 3298 2228 3377 τοσαύτας
2259 3295 2395 3383 γάρ

371 3387 672 3470 ἐνόμιζον
705 3389 909 3472 αύτάς
942 3399 1011 3463 ol
1037 3395 1186 3466 τότε
1220 3397 1420 3468 εἶναι·
1465 3398 1676 3467 πολλὰ
1721 3395 1786 3466 δ’
1833 3396 2000 3466 αλλα
2041 3395 2395 3483 ἀγάλματα
