2602 3928
228 269 294 323 95
703 253 948 318 ΠΕΡΙ
995 260 1340 317 ΨΤΧΑΣ
1378 261 1754 320 ΚΟΣΜΩ.
2114 261 2240 324 413

229 427 344 498 τᾶς
376 420 753 497 ἐλάσσονος.
797 415 840 485 ἀ
875 414 938 485 δ’
970 420 1272 502 έλαχίστα
1310 422 1382 486 έν
1412 415 1591 507 αὐτῷ
1622 430 1832 505 γωνία
1867 428 2090 506 τρίτον
2122 420 2243 506 ὄρ-

229 526 363 597 θᾶς
382 521 539 602 ἐστι’,
563 522 874 586 διπλασία
898 515 971 584 δὲ
988 517 1233 596 ταύτας
1252 512 1295 585 ἀ
1324 520 1489 602 μέσα
1506 544 1519 557 ·
1562 517 1685 585 δύο
1718 516 1846 603 γὰρ
1867 525 2106 604 τρίτων
2128 516 2238 587 ἅδ’
2309 521 2318 532 ”

229 620 409 684 ἐστίν
426 644 439 656 ·
487 612 530 682 ἀ
554 615 627 683 δὲ
654 621 926 700 μεγίστα
961 612 1159 699 ὀρθά,
1199 611 1498 699 ἀμιόλιος
1530 615 1654 701 μὲν
1683 623 1800 694 τοῖς
1831 619 2031 702 μέσας
2059 619 2241 702 έοῖσα,

228 720 584 796 τριπλασία
604 713 677 780 δὲ
697 719 816 792 τᾶς
836 714 1189 796 ἐλαχίστας.
1210 710 1493 780 τοῦτο’δ’
1522 705 1621 781 οἷν
1641 711 1715 780 τὸ
1741 720 2072 799 τρίγωνον
2092 710 2245 799 ἁμι-

146 876 152 882 ,
229 809 560 895 τρίγωνόν
587 813 764 877 ἐστιν
791 809 1168 898 ίσοπλεύρω
1191 811 1517 899 τριγώνω,
1538 816 1683 898 δίχα
1711 816 2093 900 τετμαμένω
2123 838 2249 880 κα·-
2290 829 2329 878 Β

231 915 409 997 θέτω
430 905 560 976 ἀπὸ
582 914 700 988 τᾶς
716 914 1021 993 κορυφάς
1040 912 1105 986 ές
1125 907 1252 976 τάν
1269 908 1468 997 βάσιν
1487 913 1556 989 ές
1587 919 1699 979 ἴσα
1725 914 1925 996 μέρεα
1950 910 2093 979 δύο.
2140 909 2246 995 ὀρ·

230 1005 536 1091 θογαίνια
578 1004 700 1091 μὲν
750 1031 849 1073 ων
892 1008 1025 1072 ἐντὶ
1066 1007 1374 1090 ἑκατέρω,
1410 1005 1579 1075 ἀλλά
1624 1011 1698 1075 έν
1728 1034 1780 1098 ω
1775 1008 1943 1129 tuh}
1975 1011 2080 1076 ταὶ
2123 1007 2246 1075 δύο

232 1104 513 1188 πλευραὶ
541 1103 644 1168 ταὶ
666 1105 817 1189 περὶ
835 1101 960 1170 τάν
984 1100 1206 1188 ὀρθὰν
1228 1104 1428 1189 μόναι
1460 1114 1619 1190 ἴσαι,
1643 1107 1716 1172 έν
1746 1132 1798 1197 ω
1838 1107 1911 1174 δὲ
1935 1109 2039 1173 ταὶ
2078 1119 2249 1191 τρεῖς

234 1209 441 1270 πᾶσαι
463 1200 700 1278 α’νισοι.
743 1200 1080 1288 σκαληνὸν
1101 1203 1175 1270 δὲ
1206 1210 1404 1272 τοῦτο
1425 1204 1550 1289 μὲν
1569 1173 1933 1290 καλεέσθω,
1967 1218 2145 1272 κεῖνο
2178 1204 2248 1272 δὲ

237 1299 793 1388 ἁμιτετράγωνον,
821 1296 988 1387 ἀρχοὶ
1012 1298 1367 1381 συστάσιος
1387 1308 1529 1387 γᾶς.
1573 1300 1648 1370 τὸ
1682 1302 1813 1390 γὰρ
1835 1301 2250 1388 τετράγωνον

234 1405 311 1471 ἐκ
353 1405 619 1487 τουτέω,
657 1405 727 1468 ἐκ
766 1399 1092 1487 τεττόρων
1121 1397 1677 1488 ἡμιτετραγιόνων
1709 1402 2247 1487 συντεθειμένον,

236 1505 310 1571 ἐκ
346 1500 419 1569 δὲ
457 1508 548 1567 τῶ
586 1499 975 1583 τετραγώνω
1004 1506 1377 1585 γεννᾶσθαι
1401 1496 1525 1566 τὸν
1555 1499 1791 1586 κύβον,
1825 1497 2254 1586 ἑδραιότατον
2294 1521 2330 1571 C·

238 1602 350 1667 καὶ
365 1602 680 1665 σταδαῖον
699 1604 916 1686 παντᾷ
929 1603 1141 1683 σῶμα,
1168 1599 1236 1676 ἓξ
1257 1595 1381 1683 μὲν
1401 1596 1709 1684 πλευράς,
1725 1594 1897 1665 ὀκτώ
1915 1594 1987 1664 δὲ
2006 1602 2250 1681 γωνίας

243 1703 415 1781 ἔχον.
472 1702 792 1762 καττοῦτο
840 1696 912 1761 δὲ
955 1693 1337 1781 βαρύτατόν
1369 1717 1441 1761 τε
1472 1695 1583 1760 καὶ
1619 1698 2021 1760 δυσκίνατον
2062 1690 2106 1759 ἁ
2141 1699 2248 1777 γᾶ,

243 1792 701 1879 ἀμετάβλητόν
719 1816 793 1859 τε
818 1797 1008 1878 σῶμα
1030 1794 1096 1869 ἐς
1117 1788 1285 1859 ἄλλα
1322 1787 1430 1858 ow}
1470 1786 1544 1858 τὰ
1581 1787 2039 1859 ἀκοινώνατον
2072 1787 2253 1874 εἶμεν

239 1900 335 1960 τῶ
358 1890 536 1959 ἄλλω
567 1892 793 1975 γένεος
820 1895 911 1954 τῶ
947 1887 1269 1976 τριγώνω.
1307 1888 1484 1975 μόνα
1512 1889 1643 1975 γὰρ
1673 1886 1715 1955 ἁ
1746 1896 1833 1974 γᾶ
1868 1892 2041 1956 ἴδιον
2072 1907 2253 1956 στοι-

240 2005 421 2078 χεΐον
441 1995 570 2076 ἔχει
590 1985 665 2056 τὰ
690 1984 1244 2073 ἀμιτετράγωνον,
1275 1994 1475 2055 τοῦτο
1500 1988 1574 2056 δὲ
1608 1999 1929 2072 στοιχεῖον
1961 1993 2097 2053 τῶν
2132 1984 2252 2053 ἅλ-

241 2099 381 2159 λων
403 2086 727 2173 σωμάτων
747 2090 902 2172 ἐστι’,
924 2085 1157 2173 πυρός,
1181 2082 1396 2173 ἀέρος,
1417 2083 1678 2163 ὕδατος.
1702 2082 1915 2165 ἑξάκις
1935 2081 2065 2169 γὰρ
2088 2102 2255 2150 συν-

245 2192 556 2264 τεθέντος
589 2191 682 2252 τῶ
718 2180 1136 2271 ἁμιτριγοόνω
1170 2189 1499 2268 τρίγωνον
1542 2186 1607 2262 ἐξ
1642 2179 1824 2250 αύτῶ
1855 2182 2255 2268 ἰσόπλευρον

247 2292 517 2371 γίνεται,
545 2285 609 2362 ἐξ
634 2274 688 2350 οἷ
712 2277 756 2348 ἀ
779 2281 1066 2366 πυραμὶς
1091 2283 1395 2363 τέττορας
1426 2280 1661 2366 βάσιας
1683 2277 1933 2357 καὶτὰς
1954 2289 2099 2357 ἴσας
2121 2304 2257 2363 γω-
2293 2293 2334 2342 D

248 2390 396 2462 νίας
433 2386 651 2466 ἔχοισα
694 2383 1101 2461 συντίθεται,
1145 2376 1318 2457 εἶδος
1357 2375 1572 2464 πυρὰς
1612 2374 2120 2445 εύκινατότατον
2150 2379 2260 2443 καὶ

248 2479 869 2564 λεπτομερέστατον,
893 2473 1055 2562 μετὰ
1078 2479 1155 2543 δὲ
1170 2483 1366 2544 τοῦτο
1391 2471 1772 2560 ὀκτάεδρον,
1798 2472 1967 2542 ὀκτοὸ
1992 2473 2115 2561 μὲν
2136 2471 2263 2561 βά·-

253 2599 418 2663 σιας,
441 2580 509 2656 ἓξ
531 2576 603 2643 δὲ
622 2581 868 2661 γωνίας
889 2579 1063 2661 ἔχον,
1102 2572 1296 2660 ἀέρος
1322 2585 1663 2659 στοιχεῖον,
1696 2578 1921 2658 τρίτον
1956 2572 2029 2639 δὲ
2057 2570 2131 2640 τὰ
2167 2576 2263 2638 εί-

249 2679 604 2762 κοσίεδρον
624 2678 878 2760 βασίων
899 2670 1022 2758 μὲν
1044 2681 1276 2757 εἴκοσι,
1300 2697 1588 2756 γωνιων
1599 2669 1672 2737 δὲ
1706 2668 1982 2755 δωδεκα,
2018 2665 2263 2744 υδατος

253 2786 574 2858 στοιχεῖον
606 2770 1182 2857 πολυμερέστατον
1222 2772 1333 2837 καὶ
1360 2769 1757 2857 βαρύτατον.
1803 2775 2011 2834 ταῦτα
2054 2762 2117 2832 δ’
2165 2791 2263 2832 ων

255 2869 386 2940 ἀπὸ
406 2867 623 2937 ταύτοῦ
645 2873 939 2953 στοιχείω
973 2872 1373 2953 συγκείμενα
1401 2872 1492 2944 εἰς
1525 2864 1778 2934 αλλαλα
1812 2867 2142 2951 τρέπεται·
2186 2887 2260 2930 το

257 2971 331 3036 δὲ
352 2966 810 3054 δωδεκάεδρον
831 2963 1059 3033 εἰκόνα
1068 2989 1163 3032 τω
1175 2961 1422 3043 παντὸς
1440 2962 1776 3046 έστάσατο,
1791 2966 2057 3048 ἔγγιστα
2072 2966 2261 3047 σφαί-
2299 2975 2337 3024 E

259 3093 380 3154 ρας
414 3066 546 3134 ἐόν.
608 3072 742 3152 πῦρ
779 3062 903 3150 μὲν
933 3055 1030 3132 ὦν
1064 3061 1175 3130 διὰ
1206 3060 1334 3131 τάν
1377 3066 1815 3149 λεπτομερίαν
1856 3057 1964 3128 διὰ
1997 3060 2268 3127 πάντων

258 3157 443 3252 ἧκεν,
469 3162 598 3250 ἀήρ
627 3187 697 3230 τε
731 3160 841 3230 διὰ
874 3168 1010 3229 ταῖν
1037 3159 1262 3229 ἄλλων
1284 3165 1407 3241 ἔξω
1431 3158 1666 3248 πυρός,
1689 3157 1877 3246 ὕδωρ
1912 3157 1981 3226 δὲ
2008 3155 2116 3224 διὰ
2152 3161 2267 3232 τοῖς

259 3272 398 3349 γᾶς.
426 3260 688 3329 ἅπαντα
707 3260 767 3328 δ’
801 3252 899 3327 οὖν
918 3260 1135 3346 πλήρη
1156 3263 1315 3346 έντί,
1331 3255 1531 3327 οὐδὲν
1551 3255 1786 3327 κενεὸν
1806 3254 2265 3324 ἀπολείποντα.

262 3360 620 3445 συνάγεται
648 3361 719 3427 δὲ
738 3366 824 3447 τᾷ
844 3363 1176 3444 περιφορᾷ
1194 3364 1290 3425 τῶ
1312 3356 1576 3443 παντός,
1612 3359 1721 3424 καὶ
1751 3355 2108 3442 ἦρεισμένα
2127 3356 2271 3438 τρί-
