2602 3928
891 222 1467 303 ΠοΛἸΤΕΙΛΣ
1503 240 1574 301 α’.
2152 243 2233 309 17

225 417 474 487 ποιεῖν,
522 400 919 470 τούναντίον
940 395 986 487 ἦ
1008 398 1050 468 ὃ
1071 399 1155 467 σύ
1179 402 1420 486 λέγεις;
1466 400 1541 469 τὸ
1567 401 1697 488 γὰρ
1717 410 1839 472 τοῦ
1860 410 2233 488 κρείττονος

226 495 619 586 ἀξύμφορον
652 498 869 586 δήπου
890 497 1360 586 προστάττεται
1384 513 1518 578 τοῖς
1538 498 1766 586 ἥττοσι
1796 517 2029 573 ποιεῖν.
2092 505 2231 571 Ναὶ

227 601 317 687 μὰ
340 599 479 688 Δί’,
502 607 667 688 ἔφη’,
690 593 748 668 ῶ
770 600 1159 686 Σώκρατες,
1182 597 1219 668 ὁ
1243 603 1704 686 Πολέμαρχος,
1732 602 2105 687 σαφέστατά
2132 629 2227 687 γε.
2264 623 2369 678 340

218 700 373 793 Ἐὰν
405 699 492 767 σύ
525 696 619 785 γ’,
663 703 791 794 ἔφη
810 747 829 782 ,
872 694 1058 787 αὐτῶ
1086 698 1544 786 μαρτυρήσῃς,
1589 699 1624 767 ὁ
1648 707 2040 785 Κλειτοφῶν
2061 697 2233 768 ὑπο-

225 799 471 886 λαβῶν.
515 801 650 866 Καὶ
678 803 773 884 τί,
817 803 983 886 ἔφη,
1028 801 1232 866 δεῖται
1254 800 1622 885 μάρτυρος,
1670 799 1870 880 αὐτὸς
1890 801 2019 888 γὰρ
2050 809 2233 886 Θρα·

222 896 517 983 σύμαχος
538 891 851 981 ὁμολογεῖ
862 894 1019 975 τοὺς
1051 897 1172 982 μὲν
1208 895 1529 984 ἄρχοντας
1554 902 1759 969 ἐνίοτε
1783 901 2037 979 ἑαυτοῖς
2057 897 2229 969 κακοὶ

224 993 687 1080 προστάττειν,
720 1007 856 1071 τοῖς
879 991 951 1060 δὲ
973 989 1358 1080 ἀρχομένοις
1380 999 1638 1065 δίκαιον
1660 994 1830 1065 εἶναι
1851 1004 2057 1064 ταῦτα
2080 1020 2231 1067 ποι-

225 1105 342 1157 εῖν.
416 1091 506 1157 Τὸ
541 1087 672 1176 γὰρ
709 1086 789 1159 τὰ
824 1090 1228 1176 κελευόμενα
1261 1105 1509 1177 ποιεῖν,
1554 1084 1611 1159 a?
1630 1093 2066 1180 Πολέμαρχε,
2096 1091 2227 1163 ὑπὸ

223 1195 360 1255 τῶν
378 1183 726 1272 ἀρχόντων
748 1191 1010 1257 δίκαιον
1030 1185 1199 1259 εἶναι
1220 1194 1413 1257 ἔθετο
1437 1189 1891 1276 Θρασύμαχος.
1948 1194 2080 1258 Καὶ
2100 1189 2228 1278 γάρ

223 1281 298 1352 τό
321 1291 445 1350 τοῦ
464 1289 858 1369 κρείττονος,
885 1275 942 1350 ὦ
962 1289 1356 1370 Κλειτοφῶν
1370 1335 1390 1370 ,
1414 1288 1755 1403 ξυμφέρον
1781 1290 2039 1355 δίκαιον
2061 1286 2229 1356 εἶναι

222 1386 435 1448 ἔθετο.
458 1387 667 1448 ταῦτα
691 1381 764 1451 δὲ
785 1377 1128 1468 ἀμφότερα
1147 1384 1435 1468 θέμενος
1457 1382 1886 1469 ωμολόγησεν
1907 1377 1997 1451 αὖ
2021 1388 2228 1453 ἐνίοτε
2263 1401 2302 1450 Β

223 1474 381 1556 τούς
402 1483 739 1561 κρείττους
763 1477 842 1546 τὰ
865 1475 1088 1558 αὑτοῖς
1110 1478 1461 1565 ἀξύμφορα
1493 1479 1792 1548 κελεύειν
1810 1480 1971 1560 τούς
1991 1480 2230 1567 ἥττους

220 1600 290 1641 τε
322 1576 437 1643 ’καὶ
473 1573 879 1660 ἀρχομένους
911 1589 1144 1643 ποιεῖν.
1189 1579 1260 1645 ἐκ
1292 1580 1368 1646 δὲ
1401 1576 1662 1644 τούτων
1696 1586 1834 1645 τῶν
1856 1574 2231 1664 ὁμολογιῶν

225 1669 430 1740 οὐδὲν
450 1679 705 1757 μᾶλλον
736 1671 811 1741 τὸ
836 1681 960 1740 τοῦ
979 1679 1356 1759 κρείττονος
1377 1678 1715 1765 ξυμφέρον
1740 1679 1997 1742 δίκαιον
2019 1672 2104 1743 ἂν
2127 1686 2229 1763 εἴη

221 1765 265 1854 ἦ
285 1769 359 1836 τό
383 1767 471 1855 μὴ
496 1774 853 1856 ξυμφέρον.
890 1767 1090 1855 Ἀλλ’,
1117 1775 1241 1856 ἔφη
1269 1768 1306 1839 ὁ
1328 1779 1744 1857 Κλειτοφῶν,
1767 1768 1841 1839 τὸ
1867 1781 1990 1838 τοῦ
2009 1780 2229 1855 κρείτ-

218 1892 414 1946 τονος
434 1869 772 1953 ξυμφέρον
792 1872 1019 1951 ἔλεγεν
1050 1864 1092 1934 ὃ
1121 1864 1344 1953 ἡγοῖτο
1370 1868 1405 1944 ὁ
1430 1875 1747 1954 κρείττων
1770 1866 1950 1957 αὐτῷ
1975 1872 2229 1954 ξυμφέ-

221 1989 364 2046 ρειν
380 1992 395 2009 ·
419 1972 615 2033 τοῦτο
638 1968 945 2051 ποιητέον
964 1962 1132 2033 εἶναι
1148 1975 1243 2056 τῷ
1261 1964 1509 2054 ἥττονι,
1533 1970 1644 2036 καὶ
1663 1966 1734 2035 τὸ
1758 1971 2016 2036 δίκαιον
2030 1973 2225 2033 τοῦτο

217 2069 496 2135 ἐτίθετο.
537 2061 709 2132 Ἀλλ’
737 2062 860 2150 οὐχ
881 2063 1124 2151 οὕτως,
1152 2058 1199 2151 ἦ
1220 2064 1278 2133 δ’
1311 2063 1384 2145 ὃς
1407 2063 1443 2135 ὁ
1463 2070 1925 2154 Πολέμαρχος,
1950 2068 2221 2150 ἐλέγετο.

221 2161 476 2246 Οὐδέν,
519 2152 608 2248 ἦν
627 2158 691 2229 δ’
719 2163 878 2248 έγῶ,
925 2156 983 2229 ῶ
1002 2166 1420 2249 Πολέμαρχε,
1469 2166 1795 2249 διαφέρει,
1841 2160 1990 2230 ἀλλ’
2016 2168 2077 2230 εἰ
2094 2170 2225 2230 νῦν
2261 2168 2301 2221 0

219 2259 396 2329 οὕτω
418 2262 591 2344 λέγει
616 2260 1076 2346 Θρασύμαχος,
1100 2258 1312 2339 οὕτως
1336 2256 1545 2327 αὐτοῦ
1567 2257 2066 2344 ἀποδεχώμεθα.

385 2361 522 2423 XIV
522 2408 537 2423 .
580 2362 720 2424 Καί
732 2382 847 2444 μοι
870 2358 1014 2424 εἰπέ
1019 2403 1040 2446 ,
1089 2350 1143 2423 ὦ
1165 2356 1562 2441 Θρασύμαχε
1579 2379 1593 2395 ·
1637 2362 1836 2422 τοῦτο
1857 2347 1944 2440 ἦν
1964 2352 2004 2422 ὂ
2025 2354 2223 2441 ἐβού-

217 2462 344 2523 λου
375 2458 593 2539 λέγειν
625 2453 700 2521 τό
739 2447 1028 2539 δίκαιον,
1074 2453 1150 2520 τὸ
1182 2460 1305 2519 τοῦ
1339 2458 1712 2539 κρείττονος
1746 2455 2086 2539 ξυμφέρον
2107 2457 2223 2520 δο-

216 2562 388 2624 κοῦν
413 2552 581 2621 εἶναι
603 2560 693 2643 τῷ
717 2560 1076 2639 κρείττονι,
1100 2553 1219 2621 έάν
1239 2578 1309 2619 τε
1332 2555 1633 2639 ξυμφέρῃ
1657 2550 1777 2619 ἐάν
1795 2576 1866 2618 τε
1887 2551 2010 2637 μή;
2045 2548 2224 2617 οὕτω

215 2670 294 2718 σε
317 2657 549 2735 φῶμεν
571 2653 820 2734 λέγειν;
862 2647 1140 2720 ’Ήκιστά
1162 2648 1252 2736 γ’,
1299 2655 1425 2734 ἔφη
1445 2673 1459 2687 ‘
1502 2645 1670 2716 ἀλλὰ
1703 2653 1972 2736 κρείττω
1996 2674 2076 2732 με
2100 2658 2224 2718 οἴει

217 2756 445 2819 καλεῖν
486 2746 608 2815 τὸν
653 2748 1216 2833 ἐξαμαρτάνοντα,
1260 2744 1427 2814 ὅταν
1467 2744 1910 2833 ἐξαμαρτάνω
1949 2743 2219 2831 ’Ἔῆιωγε,

216 2843 439 2931 εἷπον,
484 2843 674 2934 ᾤμην
694 2863 770 2912 σε
792 2852 989 2916 τοῦτο
1015 2848 1263 2932 λέγειν,
1309 2841 1417 2913 ὅτε
1440 2841 1597 2921 τοὺς
1619 2841 1939 2930 ἄρχοντας
1962 2839 2222 2928 ὡμολό-

178 2955 184 2961 ’
215 2968 352 3028 γεις
373 2938 498 3010 οὐκ
521 2941 1023 3030 ἀναμαρτήτους
1047 2941 1247 3028 εἶναι,
1286 2939 1453 3009 ἀλλά
1487 2967 1551 3009 τι
1583 2943 1692 3009 καὶ
1726 2941 2213 3028 ἐξαμαρτάνειν.
2251 2956 2293 3008 D

217 3039 668 3125 Συκοφάντης
698 3040 829 3126 γὰρ
866 3038 953 3127 εἴ,
991 3048 1152 3128 ἔφη,
1194 3032 1250 3108 ὦ
1280 3040 1670 3125 Σώκρατες,
1707 3041 1780 3106 ἐν
1811 3052 1947 3117 τοῖς
1967 3039 2219 3125 λόγοις·

215 3139 355 3205 ἐπεὶ
396 3134 633 3204 αὐτίκα
678 3139 909 3225 ἰατρὸν
948 3147 1169 3219 καλεῖς
1207 3138 1294 3207 σύ
1337 3136 1458 3207 τόν
1497 3135 2027 3222 ἐξαμαρτάνοντα
2070 3137 2222 3222 περὶ

213 3233 372 3313 τοὺς
395 3233 770 3320 κάμνοντας
788 3233 935 3303 κατ’
974 3234 1136 3304 αύτό
1160 3241 1360 3303 τοῦτο
1384 3230 1422 3302 ὃ
1443 3234 1907 3321 έξαμαρτάνει;
1957 3229 2002 3321 ἢ
2034 3242 2219 3319 λογι-

213 3332 466 3416 στικόν,
489 3329 562 3410 ὃς
582 3327 669 3400 ἀν
692 3335 768 3401 έν
788 3341 1085 3423 λογισμῷ
1105 3330 1474 3420 ἁμαρτάνῃ,
1497 3333 1643 3400 τότε
1664 3330 1830 3401 ὅταν
1853 3328 2218 3420 ἁμαρτάνῃ,

213 3429 378 3497 κατὰ
399 3430 650 3516 ταύτην
671 3430 795 3517 τὴν
816 3427 1172 3517 ἆμαρτίαν;
1217 3427 1392 3518 ἀλλ’,
1429 3429 1607 3518 οἶμαι
1621 3480 1643 3517 ,
1682 3432 1963 3514 λέγομεν
1980 3438 2076 3515 τῶ
2097 3429 2219 3515 ρ”ή-

382 3525 568 3580 ΡιΑτο
611 3524 689 3580 IV
1151 3560 1153 3563 <
1851 3524 1890 3578 2
