2602 3928
934 179 1511 238 ΠΟΛΙΤΕΙΑΣ
1545 173 1627 237 θ’.
2150 175 2277 240 277

263 364 387 406 του
406 364 529 406 του
551 362 795 424 μερους
815 343 932 423 τῆς
954 346 1235 456 ψυχῆς,
1212 363 1264 404 ω
1299 338 1759 426 μανθάνομεν,
1783 335 2083 427 ἡδίστη’“
2040 367 2125 407 αν
2154 349 2275 426 εἴη,

262 435 430 504 καὶ’
396 461 470 503 εν
491 426 548 524 ᾧ
577 431 770 523 ἡμῶν
803 441 1000 503 τοῦτο
1023 432 1231 521 ἄρχει,
1268 429 1305 502 ὁ
1336 434 1580 501 τούτου
1612 441 1755 522 βίος
1786 434 2084 523 ἤδιστοςς
2123 443 2280 516 Πῶς

264 531 326 601 δ’
362 531 446 601 ού
463 537 717 618 μέλλεις
758 537 913 619 ἔφη·
954 532 1186 617 κύριος
1206 538 1378 616 γοῦν
1406 528 1822 618 έπαινέτης’“
1767 558 1865 599 ων
1886 537 2142 602 ἐπαινεῖ
2159 534 2279 602 τὸν

266 634 513 699 ἑαυτοῦ
548 639 700 719 βίον
730 628 768 698 ὁ
804 629 1148 716 φρόνιμος.
1195 635 1358 698 Τίνα
1397 630 1467 697 δὲ
1507 628 1845 718 δεύτερον,
1883 630 2091 716 εἶπον,
2128 638 2279 720 βίον
2387 652 2391 657 ·

263 731 376 797 καὶ
397 735 547 797 τίνα
577 730 897 813 δευτέραν
929 724 1185 813 ἡδονήν
1218 745 1425 812 φησιν
1464 723 1497 793 ὁ
1536 724 1762 813 κριτὴς
1794 725 1993 807 εἷναι;
2046 734 2279 815 Δῆλον

267 824 371 896 ὅτι
403 826 527 911 τὴν
548 833 671 893 τοῦ
694 832 1058 911 πολεμικοῦ
1097 850 1168 893 τε
1207 827 1320 893 καὶ
1361 831 1744 910 φιλοτίμου·
1781 828 2108 910 ἐγγυτέρω
2152 824 2280 911 γὰρ

267 924 481 994 αὐτοῦ
498 927 681 993 ἐστὶν
698 919 745 1011 ἦ
774 922 818 1012 ἡ
853 929 980 992 τοῦ
1014 929 1476 1010 χρηματιστοῦ.
1537 922 1853 1009 ’Τστατην
1886 923 1967 1010 δὴ
2002 925 2128 1010 τὴν
2158 933 2283 992 τοῦ

266 1026 729 1109 φιλοκερδοῦς,
755 1018 845 1101 ὥς
876 1027 1109 1089 ἔοικεν.
1160 1027 1245 1088 Τι’
1275 1018 1440 1107 μήν;
1482 1013 1528 1107 ἦ
1557 1019 1623 1087 δ’
1656 1018 1749 1100 ὅς.

403 1206 408 1211 ι
437 1124 538 1186 ΙΧ.
588 1126 813 1187 Ταῦτα
834 1123 959 1206 μὲν
978 1124 1211 1185 τοίνυν
1235 1116 1414 1185 οὕτω
1436 1116 1548 1184 δύ’
1571 1121 1799 1204 ἐφεξῆς
1820 1112 1906 1186 ἂν
1932 1127 2032 1206 εἴη
2053 1121 2163 1187 καὶ
2186 1122 2284 1199 δὶς
2330 1138 2368 1188 Β

266 1214 633 1302 νενικηκώς
654 1213 689 1283 ὁ
716 1219 964 1294 δίκαιος
985 1212 1106 1283 τὸν
1130 1212 1399 1281 ἄδικον·
1429 1211 1503 1281 τὸ
1527 1216 1601 1305 δὲ
1620 1222 1845 1302 τρίτον
1867 1213 2286 1302 Ὀλυμπικῶς

269 1322 362 1400 τῷ
388 1321 637 1401 σωτῆρί
655 1338 726 1381 τε
746 1315 857 1382 καὶ
875 1320 968 1403 τῷ
1007 1310 1342 1401 Ὀλυμπίῳ
1361 1319 1497 1396 Διί,
1533 1311 1733 1395 ἄθρει
1754 1311 1856 1380 ὅτι
1887 1311 2044 1382 οὐδὲ
2065 1337 2285 1381 πανα-

270 1412 486 1500 ληθής
503 1414 686 1480 ἐστιν
705 1409 748 1498 ἡ
771 1421 907 1480 τῶν
930 1410 1156 1479 ἄλλων
1189 1407 1398 1496 ἡδονὴ
1434 1409 1609 1496 πλὴν
1639 1416 1757 1496 τῆς
1788 1419 1914 1477 τοῦ
1947 1416 2286 1498 φρονίμου

270 1508 429 1579 οὐδὲ
447 1507 737 1596 καθαρά,
760 1506 908 1577 ἀλλ’
933 1511 1511 1594 ἐσκιαγραφημένη
1534 1532 1650 1592 τις,
1677 1504 1764 1586 ῶς
1796 1507 1927 1594 ἐγὼ
1962 1512 2142 1576 δοκῶ
2174 1532 2285 1593 μοι

271 1617 409 1674 τῶν
446 1613 680 1692 σοφῶν
710 1606 892 1686 τινὸς
933 1604 1309 1693 ἀκηκοέναι.
1359 1611 1574 1673 καίτοι
1604 1601 1788 1672 τοῦτ’
1833 1600 1921 1674 ἂν
1960 1613 2061 1691 εἴη
2102 1606 2288 1691 μέγι-

274 1704 438 1772 στόν
459 1729 529 1772 τε
552 1707 661 1772 καὶ
689 1705 1103 1789 κυριώτατον
1135 1710 1273 1771 τῶν
1293 1701 1683 1788 πτωμάτων.
1724 1701 1918 1771 Πολύ
1952 1728 2029 1787 γε
2045 1729 2061 1744 ·
2119 1701 2286 1770 ἀλλὰ

275 1809 417 1882 πῶς
453 1803 695 1887 λέγεις;
728 1791 902 1885 Ὧδ’,
939 1799 1148 1889 εἷπον,
1192 1801 1547 1887 ἐξευρήσω,
1590 1806 1717 1866 σοῦ
1755 1796 2289 1886 ἀποκρινομένου

274 1907 484 1988 ζητῶν
526 1897 681 1987 ἅμα.
716 1896 960 1987 Ἐρώτα
1003 1898 1106 1987 δή,
1152 1904 1298 1987 ἔφη.
1344 1902 1516 1984 Λέγε
1556 1896 1661 1986 δή,
1705 1890 1793 1984 ἦν
1841 1894 1907 1964 δ’
1949 1895 2079 1982 ἐγώ
2100 1922 2113 1935 ·
2160 1894 2284 1966 οὐκ
2317 1921 2355 1972 G

273 2005 581 2071 ἐναντίον
602 1997 821 2086 φαμὲν
840 1998 1065 2085 λύπην
1086 1995 1305 2087 ἡδονῇ
1317 2025 1337 2079 3
1379 1999 1510 2065 Καὶ
1540 1996 1734 2083 μάλα.
1788 1994 2062 2065 Οὐκοῦν
2083 1998 2192 2065 καὶ
2211 1995 2290 2065 τὰ

275 2100 436 2185 μήτε
456 2103 709 2184 χαίρειν
729 2096 890 2184 μήτε
910 2105 1272 2166 λυπεῖσθαι
1300 2094 1478 2164 εἶναι’
1491 2122 1586 2176 τις
1620 2094 1817 2164 Εἶναι
1835 2101 2091 2182 μέντοι.
2139 2102 2292 2164 Με-

276 2194 439 2276 ταξὺ
462 2195 729 2264 τούτοιν
753 2194 1008 2282 ἀμφοῖν
1031 2198 1106 2263 ἐν
1125 2199 1305 2283 μέσῳ
1327 2190 1414 2262 ὂν
1430 2191 1716 2280 ἡσυχίαν
1737 2191 1886 2261 τινὰ
1910 2197 2061 2278 περὶ
2080 2200 2291 2261 ταῦτα

278 2302 393 2380 τῆς
429 2301 672 2380 ψυχῆςς
715 2290 759 2381 ἢ
797 2293 920 2380 οὐχ
955 2292 1169 2373 οὕτως
1210 2289 1374 2361 αὐτὸ
1417 2293 1658 2377 λέγεις;
1707 2289 1960 2377 Οὕτως,
1994 2284 2040 2376 ἦ
2083 2290 2146 2359 δ’
2196 2290 2288 2370 ὅς.

275 2386 402 2478 ‘Ap'
427 2390 512 2459 οὐ
532 2392 992 2478 μνημονεύεις,
1019 2383 1108 2478 ἦν
1129 2386 1193 2457 δ’
1232 2389 1384 2475 ἐγώ,
1407 2388 1564 2467 τοὺς
1594 2396 1732 2455 τῶν
1754 2388 2146 2475 καμνόντων
2180 2389 2292 2457 λό-

276 2515 461 2575 γους,
505 2485 625 2570 οὓς
667 2485 979 2576 λέγουᾶιν
1010 2485 1176 2556 ὅταν
1210 2487 1588 2573 κάμνωσιν;
1630 2493 1911 2567 Ποίους;
1947 2482 2061 2565 Ὡς
2093 2483 2295 2554 οὐδὲν

234 2614 238 2618 ’
282 2584 411 2675 ἄρα
432 2590 610 2656 ἐστὶν
625 2587 821 2675 ἥδιον
842 2596 966 2656 τοῦ
987 2586 1336 2674 ὑγιαίνειν,
1359 2582 1527 2652 ἀλλά
1567 2593 1742 2671 σφᾶς
1773 2584 2095 2674 ἐλελήθει,
2132 2586 2292 2670 πρὶν
2323 2592 2368 2642 D

283 2685 582 2772 κάμνειν,
623 2684 898 2772 ἥδιστον
932 2683 1035 2755 ὅν.
1078 2687 1466 2771 Μέμνημαι,
1509 2687 1656 2768 ἔφη.
1701 2680 1976 2752 Οὐκοῦν
2008 2684 2118 2749 καὶ
2157 2690 2295 2749 τῶν

280 2788 691 2871 περιωδυνίᾳ
732 2786 863 2851 τινὶ
904 2786 1236 2869 ἐχομένων
1268 2779 1536 2858 ἀκούεις
1576 2780 1930 2865 λεγόντων,
1973 2777 2062 2858 ῶς
2097 2776 2296 2846 οὐδὲν

282 2879 477 2968 ἥδιον
497 2887 620 2948 τοῦ
643 2878 1036 2948 παύσασθαι
1059 2876 1527 2964 ὀδυνῶμενονς
1568 2874 1837 2945 Ἄκούω.
1892 2878 2026 2945 Καὶ
2063 2879 2139 2944 ἐν
2172 2875 2297 2944 ἀλ-

281 2987 422 3057 λοις
463 3002 560 3063 γε,
599 2975 801 3063 οἶμαι,
848 2986 1116 3057 πολλοῖς
1155 2976 1479 3055 τοιούτοις
1510 2974 1821 3044 αἰσθάνει
1865 2977 2299 3060 γιγνομένους

284 3076 441 3156 τούς
458 3072 887 3162 ἀνθρώπους,
909 3079 983 3144 ἐν
1004 3070 1123 3162 οἷς,
1148 3074 1312 3144 ὅταν
1333 3081 1693 3160 λυπῶνται,
1729 3071 1803 3140 τὰ
1827 3071 1916 3159 μὴ
1939 3080 2299 3141 λυπεῖσθαι

283 3178 391 3246 καὶ
414 3173 540 3261 τὴν
562 3170 843 3261 ἡσυχίαν
863 3182 989 3262 τοῦ
1009 3174 1322 3243 τοιούτου
1342 3172 1861 3259 ἐγκωμιάζουσιν
1883 3166 1972 3249 ὥς
2005 3169 2298 3255 ἥδιστον,

284 3272 367 3343 οὐ
388 3271 463 3342 τὰ
484 3281 757 3360 χαίρειν.
809 3280 1024 3341 Τοῦτο
1045 3273 1197 3359 γάρ,
1222 3279 1373 3360 ἔφη,
1408 3271 1557 3340 τότε
1578 3268 1709 3357 ἡδὺ
1731 3280 1890 3348 ἴσως
1912 3270 2020 3337 καὶ
2040 3264 2302 3351 ἀγαπη-

285 3398 401 3440 τον
441 3376 758 3460 γίγνεται,
803 3368 1058 3457 ἡσυχία.
1139 3373 1271 3439 Καὶ
1317 3368 1483 3437 ὅταν
1524 3367 1854 3454 παύσηται
1895 3363 2046 3453 ἄρα,
2093 3362 2300 3449 εἷπον,
2338 3377 2380 3427 E
