2602 3928
343 233 471 296 206
1081 236 1290 293 ΠΛΑ
1312 234 1652 293 ΤΩΝΟΣ

346 403 554 463 σκιῶν
574 388 620 482 ἢ
651 394 1050 480 ἀγαλμάτων
1089 386 1185 461 ὧν
1219 397 1295 461 αἰ
1331 401 1530 480 σκιαί,
1563 395 1672 460 καὶ
1707 396 2180 481 διαμιλλᾶσθαι
2212 398 2365 480 περὶ

266 500 308 550 Ε
342 494 610 575 τούτου,
634 490 767 579 ὅπῃ
801 492 959 559 ποτὲ
991 489 1526 578 ὑπολαμβάνεται
1563 498 1772 559 ταῦτα
1805 489 1940 559 ὑπὸ
1976 501 2114 560 τῶν
2148 491 2369 580 αὐτὴν

345 589 783 676 δικαιοσύνην
815 587 902 676 μὴ
926 589 1189 677 πώποτε
1214 590 1531 671 ἰδόντων,
1582 585 1755 656 Οὐδ’
1780 586 2161 658 ὁπωστιοῦν
2180 601 2364 659 θαυ-

206 710 313 767 513
343 687 620 775 μαστόν,
642 692 788 773 ἔφη.
828 685 1002 755 Ἀλλ’
1031 674 1091 754 εί
1111 696 1282 755 νοῦν
1299 714 1375 773 γε
1394 694 1530 773 ἔχοι
1548 714 1666 774 τις,
1699 680 1786 775 ἦν
1808 686 1875 755 δ’
1900 688 2051 775 ἐγώ,
2089 686 2355 777 μεμνῇτ’

344 813 453 871 αν,
490 784 591 853 ὅτι
612 785 819 852 διτταὶ
851 789 959 852 καὶ
992 782 1122 852 ἀπὸ
1151 788 1390 852 διττων
1425 791 1765 870 γίγνονται
1799 786 2275 872 έπιταράξεις“ν
2235 814 2361 873 ομ-

344 902 566 970 μασιν,
592 888 667 950 ἔκ
688 907 759 948 τε
782 879 1004 968 φωτὸς
1027 888 1119 960 εἰς
1140 882 1375 960 σκότος
1396 885 1902 969 μεθισταμένων
1933 886 2045 952 καὶ
2082 887 2156 952 ἐκ
2196 883 2363 951 σκό-

344 1006 503 1059 τους
525 985 618 1058 εἰς
641 987 817 1064 φως·
854 976 1061 1046 ταῦτὰ
1083 978 1153 1046 δὲ
1173 987 1383 1046 ταῦτα
1401 986 1677 1064 νομίσας
1696 984 2049 1066 γίγνεσθαι
2072 982 2182 1048 καὶ
2210 982 2361 1065 περὶ

344 1077 590 1164 ψυχήν,
615 1073 816 1145 ὁπότε
845 1079 980 1144 ἴδοι
1010 1080 1532 1163 θορυβουμένην
1565 1079 1712 1144 τινὰ
1747 1080 1857 1146 καὶ
1890 1074 2363 1146 ἀδυνατοῦσάν

343 1202 406 1242 τι
425 1183 758 1263 καθορᾷν,
782 1171 909 1241 ούκ
933 1171 1021 1241 ἂν
1052 1172 1415 1258 ἀλογίστως
1449 1181 1643 1264 γελῷ,
1681 1171 1829 1241 ἀλλ’
1871 1177 2225 1243 ἐπισκοποῖ
2252 1175 2360 1261 ἄν,

344 1273 631 1357 πότερον
653 1276 724 1338 ἐκ
748 1274 1122 1357 φανοτέρου
1143 1277 1297 1359 βίου
1319 1271 1579 1358 ἥκουσα
1603 1269 1737 1338 ὑπὸ
1774 1270 2050 1359 ἀηθείας
2070 1272 2360 1341 ἐσκότω-

276 1391 317 1441 Β
345 1396 454 1437 ται
477 1366 523 1457 ἦ
544 1374 609 1450 έξ
639 1367 931 1455 ἀμαθίας
955 1375 1255 1449 πλείονος
1278 1375 1371 1448 εἰς
1393 1370 1768 1456 φανότερον
1788 1376 1985 1438 ἰοῦσα
2019 1367 2154 1437 ὑπὸ
2189 1378 2360 1456 λαμ-

344 1470 674 1553 προτέρου
695 1475 1131 1554 μαρμαρυγῆς
1152 1469 1614 1554 ἐμπέπλησται,
1645 1469 1757 1536 καὶ
1788 1468 1967 1536 οὕτω
1989 1469 2070 1555 δὴ
2092 1468 2217 1554 τὴν
2237 1467 2358 1552 μὲν

346 1565 869 1654 εὐδαιμονίσειεν
897 1561 984 1633 ἂν
1003 1573 1126 1633 τοῦ
1158 1566 1426 1646 πάθους
1459 1593 1530 1634 τε
1563 1568 1673 1634 καὶ
1704 1573 1878 1653 βίου,
1913 1566 2038 1653 τὴν
2077 1566 2148 1634 δὲ
2170 1564 2361 1651 ἐλεή-

345 1687 544 1751 σειεν,
568 1668 679 1734 καὶ
701 1671 764 1733 εί
778 1671 986 1754 γελᾷν
1005 1662 1110 1732 ἐπ’
1153 1663 1322 1753 αὐτῇ
1359 1665 1690 1752 βούλοιτο,
1726 1656 1926 1752 ἦττον
1961 1661 2050 1732 ἄν
2080 1667 2358 1749 καταγέ-

345 1773 585 1845 λαστος
607 1762 644 1834 ὁ
684 1766 890 1851 γέλως
930 1762 1117 1853 αὐτῷ
1155 1772 1255 1849 εἴη
1299 1759 1344 1849 ἦ
1385 1760 1422 1830 ὁ
1465 1766 1573 1832 ἐπὶ
1603 1771 1685 1851 τῇ
1726 1763 2000 1832 ἄνωθεν
2033 1765 2106 1831 ἐκ
2141 1761 2361 1849 φωτὸς

344 1860 623 1951 ἡκούσῃ.
670 1863 802 1929 Καὶ
823 1861 1018 1948 μάλα,
1042 1865 1190 1947 ἔφη,
1215 1866 1491 1945 μετρίως
1513 1864 1736 1946 λέγεις.

516 1967 614 2031 Ν.
659 1970 793 2030 Δεῖ
807 1961 911 2047 δή,
936 1957 1144 2043 εἶπον,
1170 1955 1345 2046 ἡμᾶς
1364 1959 1624 2027 τοιόνδε
1644 1964 1913 2046 νομίσαι
1936 1960 2086 2043 περὶ
2110 1955 2357 2046 αὐτῶν,

344 2066 408 2129 εἰ
438 2055 628 2127 ταῦτ’
657 2056 900 2143 ἀληθῆ,
925 2055 1050 2143 τὴν
1083 2060 1389 2125 παιδείαν
1421 2053 1544 2143 οὐχ
1575 2061 1727 2125 οἵαν
1755 2055 1928 2137 τινὲς
1957 2057 2363 2144 ἐπαγγελλό-

343 2161 541 2244 μενοί
568 2173 778 2242 φασιν
810 2152 977 2222 εἶναι
1010 2154 1326 2241 τοιαύτην
1360 2156 1469 2222 καὶ
1503 2155 1691 2223 εἶναι.
1747 2158 1913 2241 φασὶ
1947 2158 2026 2224 δέ
2064 2181 2199 2224 που
2232 2154 2359 2223 οὐκ

274 2281 314 2334 c
347 2253 628 2339 ἐνούσης
649 2254 726 2321 έν
750 2260 833 2340 τῇ
853 2260 1035 2340 ψυχῇ
1065 2252 1420 2339 ἐπιστήμης
1452 2268 1642 2339 σφεῖς
1673 2255 2026 2339 ἐντιθέναι,
2063 2249 2210 2322 οἷον
2240 2278 2363 2320 τυ-

346 2361 540 2440 ‹pi-ote
582 2351 958 2438 ὀφθαλμοῖς
993 2350 1153 2432 ὄψιν
1193 2353 1582 2433 έντιθέντες.
1640 2355 1814 2421 Φασὶ
1848 2352 1979 2441 γὰρ
2011 2347 2164 2440 οὖν,
2209 2357 2356 2440 ἔφη.

331 2447 408 2519 ‘0
432 2454 508 2518 δέ
525 2476 601 2537 γε
624 2458 755 2517 νῦν
775 2450 993 2536 λόγος,
1018 2443 1108 2537 ἦν
1128 2448 1194 2517 δ’
1218 2449 1370 2536 ἐγώ,
1397 2457 1719 2538 σημαίνει,
1744 2450 1994 2539 ταύτην
2012 2452 2137 2538 τὴν
2160 2455 2363 2535 ένοῦή

343 2569 475 2616 σαν
493 2547 775 2617 ἑκάστου
807 2548 1096 2635 δύναμιν
1119 2551 1191 2616 ἐν
1213 2554 1293 2637 τῇ
1321 2557 1502 2637 ψυχῇ
1534 2552 1644 2617 καὶ
1678 2549 1753 2617 τὸ
1789 2549 2105 2637 ὄργανον,
2143 2540 2198 2639 ᾧ
2232 2567 2321 2616 κα

342 2646 758 2734 ταμανθάνει
781 2647 1075 2729 ἕκαστος,
1099 2641 1244 2715 οἷον
1277 2653 1341 2714 εἰ
1357 2644 1535 2733 ὄμμα
1568 2649 1658 2734 μὴ
1694 2645 1986 2716 δυνατὸν
2021 2642 2112 2735 ἦν
2143 2646 2365 2727 ἄλλως

344 2741 389 2831 ἦ
412 2746 534 2827 ξῦν
556 2744 691 2837 ὅλῳ
710 2751 807 2836 τῷ
829 2745 1080 2831 σώματι
1100 2747 1411 2831 στρέφειν
1430 2743 1597 2831 πρὸς
1615 2742 1691 2813 τὸ
1716 2742 1941 2830 φανόν
1960 2748 2034 2813 ἐκ
2052 2753 2177 2813 τοῦ
2198 2763 2364 2813 σκο-

344 2845 620 2928 τῶδους,
651 2841 829 2912 οὕτω
854 2842 975 2923 ξὺν
999 2842 1123 2932 ὅλῇ
1142 2850 1224 2932 τῇ
1246 2850 1425 2931 ψυχῇ
1450 2848 1527 2924 ἐκ,
1548 2851 1674 2912 τοῦ
1704 2849 2108 2931 γιγνομένου
2128 2867 2361 2924 περια-

344 2946 540 3009 κτέον
561 2939 751 3029 εἶναι,
775 2942 899 3020 ἕως
920 2937 1008 3009 ἄν
1036 2947 1126 3020 είς
1148 2939 1222 3010 τὸ
1258 2937 1343 3008 ὂν
1376 2944 1485 3010 καὶ
1507 2950 1632 3011 τοῦ
1652 2941 1846 3022 ὄντος
1876 2939 1951 3009 τὸ
1975 2941 2361 3027 φανότατον

348 3040 599 3127 δυνατὴ
640 3042 908 3128 γένηται
962 3039 1371 3128 ἀνασχέσθαι
1420 3043 1761 3128 θεωμένη·
1826 3048 2024 3108 τοῦτο
2070 3038 2134 3108 δ’
2192 3038 2362 3108 εἶναι

274 3174 316 3226 1)
347 3166 571 3229 φαμεν
590 3138 924 3225 τάγαθόν·
967 3132 1013 3227 ἦ
1032 3140 1191 3227 γάρ;
1234 3144 1390 3209 Ναί,
1450 3139 1704 3207 Τούτου
1730 3145 1985 3225 τοίνυν,
2011 3131 2097 3224 ἦν
2118 3134 2178 3205 δ’
2203 3139 2356 3225 ἐγώ,

348 3236 560 3306 αὐτοῦ
600 3244 793 3325 τέχνη
837 3237 923 3307 ἄν
975 3249 1077 3324 εἴη
1133 3246 1249 3325 τῆς
1296 3244 1731 3325 περιαγωγῆς,
1775 3242 1924 3305 τίνα
1973 3234 2229 3320 τρόπον
2271 3232 2361 3315 ὥς

347 3335 558 3424 ρἄτά
589 3363 659 3405 τε
694 3339 803 3405 καὶ
830 3334 1294 3423 ἀνυσιμώτατα
1317 3332 2062 3424 μεταστραφήσεται,οῦ
2086 3342 2211 3402 τοῦ
2241 3337 2359 3421 έμ-

706 3433 1072 3459 ’’’’’
