2602 3928
371 226 499 292 370
1056 225 1634 284 ΠΛΑΤΩΝΟΣ
2322 236 2402 287 52

373 384 821 477 πήγνυσι·τὸ
863 384 934 454 δὲ
967 384 1147 471 παρὰ
1185 382 1396 470 φύσιν
1426 388 1886 469 ξυναγόμενον
1920 385 2191 470 μάχεται
2219 391 2393 455 κατὰ

375 487 586 582 φύσιν
607 482 768 553 αὐτὸ
805 481 999 553 ἑαυτὸ
1025 489 1118 561 εἰς
1150 479 1547 549 τούναντίον
1580 478 1937 549 ἄπωθοῦν
1974 489 2057 570 τῇ
2095 481 2176 569 δὴ
2212 483 2397 571 μάχῃ

376 579 597 673 καὶτῷ
623 588 870 671 σεισμῷ
891 580 1107 670 τούτῳ
1128 579 1373 666 τρόμος
1404 580 1517 646 καὶ
1550 580 1732 665 ῥῖγος
1768 579 1987 665 ἐτέθη,
2020 580 2285 665 ψυχρόν
2317 606 2394 648 τε

373 683 447 750 τό
499 681 719 759 πάθος
762 678 943 745 ἅπαν
983 684 1181 745 τοῦτο
1223 679 1337 745 καὶ
1375 676 1450 744 τὸ
1497 680 1681 763 δρων
1724 672 1885 743 αὐτὸ
1928 676 2193 763 ἔσχεν”
2153 703 2391 765 ονομα.

373 777 665 864 σκληρὸν
702 777 793 861 δέ,
827 775 1012 854 ὅσοις
1040 770 1131 842 ἄν
1164 771 1357 860 ἡμῶν
1386 771 1428 860 ἡ
1465 772 1628 861 σὰρξ
1657 770 1922 861 ὑπείκῃ·
1968 773 2274 861 μαλακὸν
2297 776 2390 856 δέ,

373 875 499 943 ὅσα
523 901 609 942 αν
628 880 709 961 τῇ
734 878 958 957 σαρκί·
1003 870 1170 955 πρὸς
1197 871 1451 957 ἄλληλά
1471 898 1541 939 τε
1565 869 1792 950 οὕτως.
1839 870 2095 940 ὑπείκει
2116 870 2261 941 δὲ”’
2221 894 2394 941 οσον

299 981 337 1030 G
375 976 477 1042 ἐπὶ
503 977 788 1058 σμικροῦ
809 966 1173 1056 βαίνει·τὸ
1199 967 1271 1035 δὲ
1291 971 1367 1036 ἐκ
1388 968 1825 1054 τετραγώνων
1846 995 1931 1036 ον
1952 968 2237 1057 βάσεων,
2270 968 2390 1037 ἅτε

371 1069 656 1160 βεβηκὸς
677 1069 963 1155 σφόδρα,
986 1064 1522 1135 αντιτυπώτατον
1544 1065 1800 1151 εἶδος,”
1762 1094 1798 1135 ο
1822 1074 1893 1135 τί
1917 1093 1988 1135 τε
2018 1063 2107 1136 ἂν
2142 1073 2233 1147 εἰς
2255 1091 2388 1134 πυ-

371 1168 658 1254 κνότητα
694 1164 923 1248 ξυνιόν
955 1171 1269 1250 πλείστην
1304 1162 1654 1233 ἅντίτονον
1687 1157 1734 1252 ᾖ
1765 1164 2063 1251 μάλιστα.
2104 1163 2281 1252 βαρὺ
2317 1163 2393 1232 δὲ

372 1269 482 1334 καὶ
507 1273 772 1350 κοῦφον
794 1288 957 1349 μετα
984 1269 1100 1347 τῆς
1119 1269 1240 1329 τοῦ
1262 1260 1441 1329 κάτω
1464 1262 1732 1384 φύσεως
1761 1261 1904 1330 άνω
1924 1287 1997 1330 τε
2031 1263 2394 1349 λεγομένης

372 1355 887 1447 ἐξεταζόμενον’
853 1357 942 1427 οἶν
953 1363 1287 1446 δηλωθείη
1306 1359 1699 1445 σαφέστατα.
1724 1359 1927 1445 φύσει
1947 1360 2075 1446 γὰρ
2102 1358 2185 1446 δή
2205 1384 2394 1437 τινας

374 1462 622 1538 τόπους
650 1458 774 1527 δύο
799 1458 969 1527 εἶναι
998 1458 1415 1545 διειληφότας
1445 1462 1598 1546 διχῇ
1619 1456 1693 1527 τὸ
1718 1466 1855 1526 πᾶν
1885 1463 2246 1543 ἐναντίους,
2270 1455 2394 1526 τὸν

373 1557 496 1645 μὲν
517 1557 717 1644 κάτω,
733 1557 899 1642 πρὸς
919 1553 1001 1624 ὃν
1021 1560 1288 1642 φέρεται
1311 1554 1524 1648 πάνθ’
1548 1555 1675 1624 ὅσα
1696 1554 1845 1625 τινὰ
1869 1556 2078 1642 ὄγκον
2088 1553 2393 1642 σώματος

373 1662 521 1743 ἔχει,
545 1655 667 1724 τὸν
688 1653 751 1723 δ’
778 1653 940 1739 ἄνω,
966 1652 1135 1742 πρὸς
1156 1651 1239 1721 ὃν
1258 1650 1593 1734 ἀκουσίως
1614 1660 1865 1743 ἔρχεται
1901 1662 2059 1741 πᾶν,
2096 1652 2224 1722 οὐκ
2266 1652 2390 1740 ὄρ-

305 1771 346 1821 D
379 1753 515 1824 θὸν
544 1752 804 1839 οὐδαμῇ
825 1757 1113 1839 νομίζειν
1128 1778 1143 1792 ·
1185 1760 1309 1821 τοῦ
1328 1751 1456 1840 γὰρ
1492 1754 1739 1833 παντὸς
1773 1751 2073 1841 οὐρανοῦ
2104 1772 2390 1841 σφαιρο-

376 1856 594 1930 ειδοῦς
614 1850 827 1935 ὄντος,
851 1848 979 1917 ὅσα
1000 1850 1122 1936 μὲν
1143 1847 1491 1936 ἀφεστῶτα
1530 1861 1679 1920 ἴσον
1715 1858 1837 1919 τοῦ
1869 1855 2079 1938 μέσον
2111 1854 2390 1936 γέγονεν

2583 265 2584 318 1

2583 433 2584 478 1

2582 481 2584 530 ⁴

375 1956 632 2037 ἔσχατα,
657 1947 903 2037 ὁμοίως
925 1946 1092 2017 αὐτοὶ
1114 1948 1236 2036 χρὴ
1268 1954 1503 2036 ἔσχατα
1539 1952 1930 2037 πεφυκέναι,
1966 1947 2040 2018 τὸ
2075 1948 2149 2018 δὲ
2183 1950 2391 2036 μέσον

374 2047 454 2117 τὰ
479 2045 646 2116 αὐτὰ
669 2052 876 2133 μέτρα
895 2055 1034 2115 τῶν
1055 2049 1351 2134 ἐσχάτων
1371 2047 1744 2135 ἀφεστηκὸς
1762 2052 1839 2117 ἐν
1856 2057 1950 2139 τῷ
1984 2045 2386 2133 καταντικρὺ

375 2152 660 2232 νομίζειν
684 2150 788 2212 δεῖ·
816 2146 1090 2213 πάντων
1123 2146 1311 2214 εἶναι.
1356 2155 1479 2214 τοῦ
1516 2145 1597 2234 δὴ
1634 2146 1895 2234 κόσμου
1928 2144 2138 2234 ταύτῃ
2168 2169 2390 2231 πεφυ-

377 2244 573 2323 κότος
592 2251 658 2310 τί
674 2250 810 2310 τῶν
833 2247 1196 2330 εἰρημένων
1228 2244 1369 2312 ὄὶνω
1404 2272 1502 2324 τις
1527 2242 1572 2330 ἢ
1593 2244 1770 2312 κάτω
1790 2246 2136 2330 τιθέμενος
2164 2243 2289 2312 οὐκ
2316 2246 2390 2311 ἐν

377 2347 526 2430 δίκῃ
554 2346 726 2422 δόξει
760 2342 833 2410 τὸ
869 2343 1075 2428 μηδὲν
1110 2352 1450 2430 προσῆκον
1483 2342 1696 2429 ὄνομα
1732 2347 1981 2428 λέγειν;
2023 2340 2061 2410 6
2098 2340 2223 2429 μὲν
2256 2342 2388 2427 γὰρ

377 2443 576 2527 μέσος
598 2443 670 2508 ἐν
694 2439 878 2530 αὐτῷ
898 2442 1100 2520 τόπος
1119 2439 1274 2509 οὔτε
1296 2441 1478 2509 κάτω
1508 2441 1824 2528 πεφυκώς
1851 2439 2005 2509 οὔτε
2040 2439 2180 2509 ἅνω
2200 2443 2389 2526 λέγε-

375 2549 537 2609 σθαι
558 2543 832 2624 δίκαιος,
858 2535 1005 2607 ἀλλ’
1033 2536 1194 2608 αὐτὸ
1218 2543 1292 2608 ἐν
1311 2543 1488 2630 μέσφ
1506 2565 1519 2579 ·
1545 2537 1581 2605 ὀ
1603 2538 1681 2608 δὲ
1699 2541 1887 2622 πέριξ
1910 2537 2063 2606 οὔτε
2089 2540 2168 2625 δὴ
2193 2543 2390 2625 μέσος

378 2635 523 2707 οὔτ’
553 2643 720 2723 ἔχων
742 2636 1071 2723 διάφορον
1091 2635 1304 2705 αὑτοῦ
1337 2640 1534 2723 μέρος
1568 2638 1797 2723 ἕτερον
1818 2640 2112 2726 θατέρου
2133 2644 2393 2723 μᾶλλον

297 2759 341 2809 Ε
376 2732 546 2823 πρὸς
565 2735 639 2803 τὰ
663 2737 869 2822 μέσον
894 2736 940 2822 ἥ
960 2762 1021 2804 τι
1041 2743 1180 2803 τῶν
1201 2734 1621 2820 καταντικρύ.
1665 2742 1787 2802 τοῦ
1811 2735 1884 2802 δὲ
1906 2731 2148 2820 ὁμοίως
2169 2735 2385 2820 πάντη

377 2834 754 2919 πεφυκότος
774 2835 930 2902 ποῖά
948 2860 1050 2913 τις
1075 2837 1408 2920 ἐπιφέρων
1427 2832 1720 2920 ὀνόματα
1756 2830 1938 2922 αὐτῷ
1977 2836 2242 2900 ἐναντία
2277 2836 2391 2899 καὶ

376 2939 466 3018 πῇ
489 2940 727 3012 καλῶς
769 2928 858 3001 ἂν
900 2930 1124 3018 ἡγοῖτο
1166 2935 1414 3018 λέγειν;
1457 2937 1519 3000 εἰ
1553 2931 1683 3017 γάρ
1725 2957 1786 2999 τι
1826 2933 1937 2999 καὶ
1975 2928 2249 3015 στερεὸν
2288 2939 2393 3016 εἴη

278 3047 349 3102 63
384 3031 550 3097 κατὰ
571 3034 777 3117 μέσον
796 3038 918 3097 τοῦ
953 3028 1197 3109 παντὸς
1234 3035 1558 3116 ἰσοπαλές,
1592 3037 1683 3109 εἰς
1714 3026 1915 3098 οὐδὲν
1942 3027 2029 3096 div
2064 3053 2221 3096 ποτε
2252 3035 2393 3096 τῶν

377 3128 666 3212 ἐσχάτων
689 3129 984 3213 ἐνεχθείη
1010 3126 1120 3195 διὰ
1142 3124 1264 3213 τὴν
1298 3125 1512 3214 πάντη
1548 3125 1900 3214 ὁμοιότητα
1936 3124 2159 3195 αὐτῶν
2175 3154 2189 3168 ·
2235 3123 2390 3193 ἀλλ’

377 3232 439 3293 εἰ
456 3227 566 3292 καὶ
581 3228 730 3307 περὶ
751 3220 913 3291 αὐτὸ
940 3224 1289 3311 πορεύοιτό
1312 3250 1408 3304 τις
1427 3228 1501 3294 ἐν
1522 3227 1769 3314 κύκλῳ,
1789 3223 2102 3302 πολλάκις
2123 3220 2211 3290 ἂν
2233 3223 2392 3301 στας

378 3318 697 3400 ἀντίπους
714 3319 958 3391 ταύτὸν
982 3318 1192 3391 αὐτοῦ
1223 3323 1402 3390 κάτω
1438 3325 1548 3392 καὶ
1581 3322 1722 3391 ἅνω
1758 3327 2119 3409 προσείποι.
2165 3321 2239 3388 τὸ
2264 3318 2389 3405 μὲν

376 3418 503 3500 γάρ
528 3416 708 3503 ὅλον,
732 3420 1038 3508 καθάπερ
1062 3430 1311 3508 εἴρηται
1333 3430 1467 3490 νῦν
1487 3421 1591 3508 δή,
1615 3419 2028 3507 σφαιροειδὲς
2049 3417 2152 3505 ὄν,
2177 3417 2384 3486 τόποι
