2602 3928
898 227 1578 309 110A1TE1A2'5‘.
2129 235 2250 300 195

223 397 395 468 καλοὶ
438 399 672 466 πολλοὶ
714 392 802 466 ἀν
847 398 1102 465 ἕλοιντο
1148 395 1227 464 τὰ
1268 403 1621 484 δοκοῦντα,
1664 394 1794 466 κάν
1833 399 1922 489 μὴ
1957 392 2024 487 ᾗ,
2072 397 2253 486 ὅμως

227 504 437 564 ταῦτα
458 494 773 580 πράττειν
796 496 906 562 καὶ
929 501 1296 580 κεκτῆσθαι
1331 496 1442 563 καὶ
1475 499 1718 580 δοκεῖν,
1757 495 1984 583 ἀγαθὰ
2022 497 2093 566 δὲ
2129 496 2254 565 οὐ·

223 598 363 663 δενὶ
378 600 473 662 ἔτι
494 592 687 676 ἀρκεῖ
702 592 785 660 τὰ
808 598 1138 661 δοκοῦντα
1161 601 1474 679 κτᾶσθαι,
1490 592 1657 662 ἀλλὰ
1680 593 1760 662 τά
1786 595 1949 662 ὄντα
1966 600 2250 681 ζητοῦσι,

222 692 351 780 τὴν
373 693 445 760 δὲ
469 693 678 771 δόξαν
697 694 998 760 ἐνταῦθα
1017 691 1146 779 ἤδη
1170 701 1298 770 πᾶς
1320 688 1648 777 ἀτιμάζεις
1691 697 1819 762 Καὶ
1856 693 2052 780 μάλα,
2102 699 2248 779 ἔφη.

206 789 288 858 Ὅ
322 788 403 876 δὴ
450 791 679 858 διῶκει
717 791 839 876 μὲν
882 788 1107 857 ἅπασα
1145 792 1323 876 ψυχὴ
1368 791 1480 858 καὶ
1522 791 1766 859 τούτου
1803 792 1999 859 ἕνεκα
2037 789 2255 858 πάντα
2289 808 2330 858 Ε

223 891 515 974 πράττει,
540 887 1133 976 ἀπομαντευομένη
1168 894 1230 957 τὶ
1262 889 1456 976 εἶναι,
1493 886 1839 978 ἀποροῦσα
1877 889 1948 957 δὲ
1981 892 2092 957 καὶ
2126 886 2253 957 οῦκ

197 1071 202 1075 ,
224 994 467 1075 ἔχουσα
496 994 724 1074 λαβεῖν
741 992 990 1067 ἱκανῶς
1009 993 1077 1055 τί
1093 985 1229 1055 ποτ’
1261 989 1439 1056 ἐστὶν
1462 985 1622 1056 οὐδὲ
1641 995 1855 1057 πίστει
1876 986 2256 1075 χρήσασθαι

227 1093 509 1176 μονίμῳ,
536 1090 644 1175 οἵᾳ
663 1088 774 1154 καὶ
795 1088 947 1168 περὶ
973 1078 1200 1169 τᾶλλα,
1226 1084 1338 1153 διὰ
1361 1094 1556 1154 τοῦτο
1584 1088 1655 1154 δὲ
1675 1084 2122 1173 ἀποτυγχάνει
2139 1086 2254 1154 καὶ

218 1192 360 1253 τῶν
382 1184 612 1253 ἄλλων
640 1193 783 1251 εἴτι
806 1183 1051 1267 ὄφελος
1077 1177 1188 1269 ἦν,
1228 1186 1379 1268 περὶ
1418 1182 1498 1268 δὴ
1537 1183 1610 1251 τὸ
1648 1192 1959 1253 τοιοῦτον
1994 1186 2106 1253 καὶ
2135 1210 2252 1252 το-

220 1292 471 1352 σοῦτον
505 1283 682 1351 οὕτω
717 1291 953 1370 φῶμεν
986 1288 1128 1352 δεῖν
1172 1286 1593 1352 ἐσκοτῶσθαι
1619 1286 1730 1351 καὶ
1763 1285 2059 1361 ἐκείνους
2092 1280 2252 1362 τοὺς
2284 1304 2389 1360 50⁶

220 1389 598 1471 βελτίστους
617 1386 692 1451 ἐν
713 1391 795 1470 τῇ
827 1383 1034 1465 πόλει,
1062 1377 1160 1461 οἷς
1191 1381 1409 1450 πάντα
1443 1386 1925 1470 ἐγχειριοῦμενς
1965 1379 2251 1450 ’Ήκιστά

218 1478 313 1566 γ’,
336 1486 481 1568 ἔφη.
533 1480 730 1567 Οἶμαι
762 1489 955 1567 γοῦν,
1000 1479 1210 1564 εἶπον,
1247 1478 1469 1548 δίκαιά
1500 1506 1571 1546 τε
1603 1482 1715 1548 καὶ
1749 1481 1920 1569 καλὰ
1956 1479 2251 1568 ἀγνοού-

218 1604 409 1664 μενα,
433 1576 567 1667 ὅπῃ
588 1580 745 1646 ποτε
767 1575 997 1663 ἀγαθά
1030 1581 1231 1663 ἐστιν,
1262 1575 1347 1646 οῦ
1385 1583 1644 1644 πολλοῦ
1675 1576 1855 1655 τινὸς
1886 1576 2077 1657 ἄξιον
2109 1578 2252 1665 φύ-

220 1684 393 1744 λακα
425 1684 791 1762 κεκτῆσθαι
821 1670 909 1743 ἀν
948 1676 1207 1743 ἑαυτῶν
1238 1673 1362 1742 τὸν
1395 1681 1595 1742 τοῦτο
1640 1671 2039 1759 ἀγνοοῦντα,
2079 1701 2252 1761 μαν-

225 1773 498 1860 τεύομαι
540 1775 612 1842 δὲ
652 1777 905 1860 μηδένα
949 1771 1119 1842 αὐτοὶ
1162 1774 1493 1858 πρότερον
1537 1772 1925 1860 γνώσεσθαι
1983 1777 2243 1853 ἱκανῶς.

219 1878 462 1949 Καλῶς
484 1871 637 1957 γάρ,
661 1876 811 1957 ἔφη,
835 1871 1168 1957 μαντεύει.
1228 1869 1507 1941 Οὐκοῦν
1536 1866 1696 1958 ἡμῖν
1732 1869 1774 1958 ἡ
1808 1877 2105 1939 πολιτεία
2137 1896 2248 1939 τε-

216 1974 383 2050 λέως
404 1970 903 2058 κεκοσμήσεται,
923 1968 1044 2038 ἐὰν
1065 1968 1102 2039 ὁ
1124 1978 1425 2049 τοιοῦτος
1435 1968 1650 2055 αὐτὴν
1661 1973 1985 2060 ἐπισκοπῇ
2008 1971 2328 2058 φύλαξ,Β

219 2064 257 2137 ὁ
289 2068 552 2136 τούτων
574 2069 987 2155 ἐπιστήμωνς

384 2171 597 2237 XVIII.
639 2163 948 2254 Ἀνάγκη,
973 2172 1120 2253 ἔφη.
1145 2164 1317 2236 ἀλλα
1342 2166 1429 2235 σὺ
1454 2168 1557 2254 δή,
1582 2159 1638 2235 ὦ
1657 2165 2032 2253 Σώκρατες,
2047 2167 2249 2237 πότε-

220 2291 348 2352 ρον
370 2265 738 2352 ἐπιστήμην
760 2264 836 2334 τὸ
862 2263 1130 2351 ἀγαθὰν
1150 2264 1284 2353 φῂς
1308 2260 1555 2334 εἶναι”
1509 2293 1551 2352 η
1589 2261 1874 2352 ηδονήνς
1913 2293 1957 2367 η
1986 2264 2148 2336 ἄλλο
2185 2291 2249 2335 τι

220 2388 400 2448 παρα
436 2371 679 2444 ταῦτας
726 2355 967 2450 Οὗτος,
1006 2352 1095 2451 ἦν
1131 2363 1189 2432 δ’
1230 2366 1383 2451 ἐγώ,
1422 2362 1618 2452 ἀνήρ,
1665 2371 1882 2443 καλῶς
1915 2359 2101 2450 ἦσθα
2136 2366 2249 2434 καὶ

216 2463 420 2531 πάλαι
458 2461 849 2549 καταφανὴς
882 2488 984 2530 οτι
1031 2480 1176 2530 σοι
1183 2489 1310 2531 ουκ
1352 2460 1716 2548 ἀποχρήσοι
1744 2465 1819 2530 τὸ
1854 2477 1990 2542 τοῖς
2024 2462 2248 2542 ἄλλοις

221 2565 476 2629 δοκοῦν
496 2561 647 2645 περὶ
670 2556 913 2628 αὐτῶν.
963 2558 1143 2628 Οὐδὲ
1180 2559 1312 2647 γάρ
1345 2559 1605 2629 δίκαιόν
1639 2586 1772 2646 μοι,
1808 2565 1958 2647 ἔφη,
1998 2553 2054 2627 ῶ
2087 2561 2243 2629 Σῶ-

217 2684 494 2780 κρατες,
499 2659 806 2746 φαίνεται
826 2684 908 2726 τα
928 2665 1067 2726 τῶν
1087 2658 1315 2727 αλλων
1335 2656 1457 2743 μὲν
1479 2665 1651 2744 ἔχειν
1684 2663 1893 2727 εἰπεῖν
1929 2656 2245 2746 δόγματα,

216 2755 292 2828 τὸ
319 2754 383 2827 δ’
409 2754 624 2825 αὑτοῦ
641 2755 754 2844 μή,
772 2765 1095 2826 τοσοῦτον
1113 2758 1360 2845 χρόνον
1380 2759 1532 2841 περὶ
1552 2765 1761 2825 ταῦτα
1775 2757 2247 2844 πραγματευό-

216 2859 442 2944 μενον.
492 2863 579 2925 Τί
611 2860 726 2924 δαί
733 2882 753 2937 3
795 2847 883 2942 ἦν
916 2854 982 2922 δ’
1021 2856 1180 2941 ἐγῶ·
1224 2860 1414 2924 δοκεῖ
1439 2872 1548 2923 σοι
1580 2860 1842 2924 δίκαιον
1885 2854 2054 2924 εἶναι
2091 2857 2242 2944 περὶ
2279 2870 2320 2925 0

216 2947 321 3026 ὦν
340 2982 438 3034 τις
456 2952 546 3041 μὴ
570 2953 709 3023 οἶδε
732 2958 951 3041 λέγειν
972 2950 1061 3034 ὥς
1085 2953 1340 3033 εἰδότας
1387 2951 1716 3041 Οὐδαμῶς
1738 2955 1830 3041 γ’,
1856 2959 2006 3042 ἔφη,
2035 2952 2124 3035 ῶς
2148 2961 2244 3025 εί-

216 3053 404 3138 δότα,
430 3048 520 3131 ῶς
542 3054 768 3139 μέντοι
803 3050 1115 3139 οἰόμενον
1144 3050 1354 3121 ταῦθ’
1395 3049 1440 3121 δι’
1474 3063 1682 3122 οἴεται
1714 3057 1976 3126 ἐθέλειν
2005 3058 2242 3140 λέγειν.

223 3159 311 3221 Τί
331 3153 413 3220 δέ
418 3180 440 3233 3
463 3149 652 3219 εἶπον
671 3176 686 3191 ·
731 3147 858 3222 οὐκ
880 3148 1178 3239 ᾔσθησαι
1198 3148 1317 3232 τὰς
1337 3150 1504 3220 ἄνευ
1525 3151 1885 3238 ἐπιστήμης
1910 3152 2124 3240 δόξας,
2151 3150 2245 3232 ῶς

215 3260 425 3320 πᾶσαι
444 3255 716 3336 αἰσχραί
724 3279 743 3332 3
788 3241 885 3318 ῶν
907 3254 983 3319 αἰ
996 3255 1324 3338 βέλτισται
1343 3256 1618 3336 τυφλαί·
1661 3247 1710 3339 ἦ
1733 3254 2014 3319 δοκοῦσί
2039 3258 2106 3319 τί
2136 3271 2245 3320 σοι

216 3358 497 3437 τυφλῶν
516 3352 861 3436 διαφέρειν
881 3347 1048 3419 ὁδὸν
1069 3346 1297 3435 ὀρθῶς
1318 3350 1796 3436 πορευομένων
1826 3351 1899 3418 οἱ
1924 3348 2091 3416 ἄνευ
2112 3352 2242 3417 νοῦ

150 3519 158 3527 ,
217 3447 463 3537 ἀληθές
492 3476 557 3518 τι
594 3449 1008 3532 δοξάζοντεςς
1058 3446 1299 3535 Οὐδέν,
1336 3454 1484 3537 ἔφη.
1551 3447 1797 3520 Βούλει
1817 3439 1960 3599 1οἶςῦίν
1998 3443 2238 3532 αἰσχροὶ
