<?xml version="1.0" encoding="UTF-8"?>
<!DOCTYPE html PUBLIC "-//W3C//DTD XHTML 1.0 Transitional//EN"
    "http://www.w3.org/TR/xhtml1/DTD/xhtml1-transitional.dtd">
<html xmlns="http://www.w3.org/1999/xhtml" xml:lang="en" lang="en">
 <head>
  <title>
</title>
<meta http-equiv="Content-Type" content="text/html;charset=utf-8" />
  <meta name='ocr-system' content='tesseract 3.04.00' />
  <meta name='ocr-capabilities' content='ocr_page ocr_carea ocr_par ocr_line ocrx_word'/>
</head>
<body>
  <div class='ocr_page' id='page_1' title='image "./dialogisecundum07platgoog_0068.png"; bbox 0 0 2602 3928; ppageno 0'>
   <div class='ocr_carea' id='block_1_1' title="bbox 355 221 1671 286">
    <p class='ocr_par' dir='ltr' id='par_1_1' title="bbox 355 221 1671 286">
     <span class='ocr_line' id='line_1_1' title="bbox 355 221 1671 286; baseline -0.004 0"><span class='ocrx_word' id='word_1_1' title='bbox 355 221 438 286; x_wconf 76' lang='lat'><strong><em>32</em></strong></span> <span class='ocrx_word' id='word_1_2' title='bbox 1105 223 1671 284; x_wconf 77' lang='grc' dir='ltr'><em>ΙῙΛΑΤΩΝΟΣ</em></span> 
     </span>
    </p>
   </div>
   <div class='ocr_carea' id='block_1_2' title="bbox 202 372 2358 3495">
    <p class='ocr_par' dir='ltr' id='par_1_2' title="bbox 281 372 2358 1247">
     <span class='ocr_line' id='line_1_2' title="bbox 355 372 2356 503; baseline -0 -52"><span class='ocrx_word' id='word_1_3' title='bbox 355 382 535 468; x_wconf 86' lang='grc' dir='ltr'><strong><em>θρόν</em></strong></span> <span class='ocrx_word' id='word_1_4' title='bbox 569 386 680 451; x_wconf 83' lang='grc' dir='ltr'><strong><em>καὶ</em></strong></span> <span class='ocrx_word' id='word_1_5' title='bbox 710 384 924 503; x_wconf 75' lang='grc' dir='ltr'><strong><em>ἑαυτῷ</em></strong></span> <span class='ocrx_word' id='word_1_6' title='bbox 957 385 1067 451; x_wconf 80' lang='grc' dir='ltr'><strong><em>καὶ</em></strong></span> <span class='ocrx_word' id='word_1_7' title='bbox 1094 396 1230 461; x_wconf 77' lang='grc' dir='ltr'><strong><em>τοῖς</em></strong></span> <span class='ocrx_word' id='word_1_8' title='bbox 1262 385 1568 460; x_wconf 89' lang='grc' dir='ltr'><strong><em>δικαίοις·</em></strong></span> <span class='ocrx_word' id='word_1_9' title='bbox 1593 372 1641 466; x_wconf 81' lang='grc' dir='ltr'><strong><em>ἦ</em></strong></span> <span class='ocrx_word' id='word_1_10' title='bbox 1661 381 1826 467; x_wconf 84' lang='grc' dir='ltr'><strong><em>γάρ;</em></strong></span> <span class='ocrx_word' id='word_1_11' title='bbox 1861 388 2019 450; x_wconf 87' lang='grc' dir='ltr'><strong><em>Ναί.</em></strong></span> <span class='ocrx_word' id='word_1_12' title='bbox 2093 390 2356 451; x_wconf 79' lang='grc' dir='ltr'><strong><em>Δίκαιοι</em></strong></span> 
     </span>
     <span class='ocr_line' id='line_1_3' title="bbox 281 471 2355 568; baseline -0.001 -19"><span class='ocrx_word' id='word_1_13' title='bbox 281 483 322 533; x_wconf 87' lang='grc' dir='ltr'><strong>Β</strong></span> <span class='ocrx_word' id='word_1_14' title='bbox 359 483 437 549; x_wconf 82' lang='grc' dir='ltr'><strong><em>δέ</em></strong></span> <span class='ocrx_word' id='word_1_15' title='bbox 466 477 529 568; x_wconf 88' lang='grc' dir='ltr'><strong><em>γ’</em></strong></span> <span class='ocrx_word' id='word_1_16' title='bbox 568 486 763 564; x_wconf 74' lang='grc' dir='ltr'><strong><em>εἰσίν,</em></strong></span> <span class='ocrx_word' id='word_1_17' title='bbox 812 471 867 548; x_wconf 75' lang='grc' dir='ltr'><em>ὦ</em></span> <span class='ocrx_word' id='word_1_18' title='bbox 895 484 1081 566; x_wconf 99' lang='grc' dir='ltr'><strong><em>φίλε,</em></strong></span> <span class='ocrx_word' id='word_1_19' title='bbox 1113 481 1224 549; x_wconf 83' lang='grc' dir='ltr'><strong><em>καὶ</em></strong></span> <span class='ocrx_word' id='word_1_20' title='bbox 1261 482 1331 546; x_wconf 68' lang='lat' dir='ltr'><strong><em>ot</em></strong></span> <span class='ocrx_word' id='word_1_21' title='bbox 1358 485 1544 559; x_wconf 74' lang='grc' dir='ltr'><strong><em>θεοί;</em></strong></span> <span class='ocrx_word' id='word_1_22' title='bbox 1571 477 1946 565; x_wconf 86' lang='grc' dir='ltr'><strong><em>Ἔστωσαν,</em></strong></span> <span class='ocrx_word' id='word_1_23' title='bbox 1996 485 2142 566; x_wconf 81' lang='grc' dir='ltr'><strong><em>ἔφη.</em></strong></span> <span class='ocrx_word' id='word_1_24' title='bbox 2226 480 2355 549; x_wconf 76' lang='grc' dir='ltr'><strong><em>Καὶ</em></strong></span> 
     </span>
     <span class='ocr_line' id='line_1_4' title="bbox 357 572 2358 664; baseline -0.002 -17"><span class='ocrx_word' id='word_1_25' title='bbox 357 576 694 662; x_wconf 54' lang='lat' dir='ltr'><strong><em>&amp;sets-&amp;001</em></strong></span> <span class='ocrx_word' id='word_1_26' title='bbox 721 575 960 664; x_wconf 78' lang='grc' dir='ltr'><strong><em>ἐχθρὰς</em></strong></span> <span class='ocrx_word' id='word_1_27' title='bbox 981 572 1218 645; x_wconf 80' lang='grc' dir='ltr'><strong><em>ἔσται</em></strong></span> <span class='ocrx_word' id='word_1_28' title='bbox 1183 601 1220 643; x_wconf 94' lang='grc' dir='ltr'><strong><em>ο</em></strong></span> <span class='ocrx_word' id='word_1_29' title='bbox 1248 574 1476 656; x_wconf 86' lang='grc' dir='ltr'><strong><em>άδικος</em></strong></span> <span class='ocrx_word' id='word_1_30' title='bbox 1491 624 1510 662; x_wconf 92' lang='grc'><strong><em>,</em></strong></span> <span class='ocrx_word' id='word_1_31' title='bbox 1547 601 1597 643; x_wconf 93' lang='grc' dir='ltr'><strong><em>ω</em></strong></span> <span class='ocrx_word' id='word_1_32' title='bbox 1632 576 2060 664; x_wconf 79' lang='grc' dir='ltr'><strong><em>Θρασύμαχε,</em></strong></span> <span class='ocrx_word' id='word_1_33' title='bbox 2100 573 2138 645; x_wconf 85' lang='grc' dir='ltr'>ὁ</span> <span class='ocrx_word' id='word_1_34' title='bbox 2163 574 2234 645; x_wconf 73' lang='grc' dir='ltr'><strong><em>δὲ</em></strong></span> <span class='ocrx_word' id='word_1_35' title='bbox 2257 580 2358 645; x_wconf 79' lang='grc' dir='ltr'><strong><em>δί.-</em></strong></span> 
     </span>
     <span class='ocr_line' id='line_1_5' title="bbox 357 670 2356 761; baseline -0.003 -17"><span class='ocrx_word' id='word_1_36' title='bbox 357 702 541 754; x_wconf 88' lang='grc' dir='ltr'><strong><em>καιος</em></strong></span> <span class='ocrx_word' id='word_1_37' title='bbox 562 680 769 761; x_wconf 86' lang='grc' dir='ltr'><strong><em>φίλος.</em></strong></span> <span class='ocrx_word' id='word_1_38' title='bbox 842 672 1128 759; x_wconf 80' lang='grc' dir='ltr'><strong><em>Εὐωχοῦ</em></strong></span> <span class='ocrx_word' id='word_1_39' title='bbox 1153 679 1278 740; x_wconf 84' lang='grc' dir='ltr'><strong><em>τοῦ</em></strong></span> <span class='ocrx_word' id='word_1_40' title='bbox 1313 672 1555 758; x_wconf 85' lang='grc' dir='ltr'><strong><em>λόγου,</em></strong></span> <span class='ocrx_word' id='word_1_41' title='bbox 1594 678 1753 760; x_wconf 80' lang='grc' dir='ltr'><strong><em>ἔφη,</em></strong></span> <span class='ocrx_word' id='word_1_42' title='bbox 1787 683 2098 760; x_wconf 72' lang='grc' dir='ltr'><strong><em>θαρρῶν·</em></strong></span> <span class='ocrx_word' id='word_1_43' title='bbox 2121 670 2206 741; x_wconf 81' lang='grc' dir='ltr'><strong><em>οὐ</em></strong></span> <span class='ocrx_word' id='word_1_44' title='bbox 2227 672 2356 760; x_wconf 77' lang='grc' dir='ltr'><strong><em>γὰρ</em></strong></span> 
     </span>
     <span class='ocr_line' id='line_1_6' title="bbox 357 770 2356 860; baseline 0 -19"><span class='ocrx_word' id='word_1_45' title='bbox 357 778 567 860; x_wconf 74' lang='grc' dir='ltr'><strong><em>ἔγωγέ</em></strong></span> <span class='ocrx_word' id='word_1_46' title='bbox 584 792 689 841; x_wconf 87' lang='grc' dir='ltr'><strong><em>σοι</em></strong></span> <span class='ocrx_word' id='word_1_47' title='bbox 721 772 1199 857; x_wconf 69' lang='grc' dir='ltr'><strong><em>ἐναντιώσομαι</em></strong></span> <span class='ocrx_word' id='word_1_48' title='bbox 1211 820 1231 855; x_wconf 93' lang='grc'><strong><em>,</em></strong></span> <span class='ocrx_word' id='word_1_49' title='bbox 1264 774 1376 837; x_wconf 77' lang='grc' dir='ltr'><strong><em>ἵνα</em></strong></span> <span class='ocrx_word' id='word_1_50' title='bbox 1409 771 1497 857; x_wconf 83' lang='grc' dir='ltr'><strong><em>μὴ</em></strong></span> <span class='ocrx_word' id='word_1_51' title='bbox 1531 776 1748 840; x_wconf 75' lang='grc' dir='ltr'><strong><em>τοῖσδε</em></strong></span> <span class='ocrx_word' id='word_1_52' title='bbox 1781 770 2183 858; x_wconf 82' lang='grc' dir='ltr'><strong><em>άπέχθωμαι.</em></strong></span> <span class='ocrx_word' id='word_1_53' title='bbox 2228 771 2356 841; x_wconf 81' lang='grc' dir='ltr'><strong><em>Ἴθι</em></strong></span> 
     </span>
     <span class='ocr_line' id='line_1_7' title="bbox 358 864 2353 959; baseline -0.003 -20"><span class='ocrx_word' id='word_1_54' title='bbox 358 871 441 958; x_wconf 83' lang='grc' dir='ltr'><strong><em>δή</em></strong></span> <span class='ocrx_word' id='word_1_55' title='bbox 455 922 473 956; x_wconf 90' lang='grc'><strong><em>,</em></strong></span> <span class='ocrx_word' id='word_1_56' title='bbox 494 864 582 959; x_wconf 78' lang='grc' dir='ltr'><strong><em>ἦν</em></strong></span> <span class='ocrx_word' id='word_1_57' title='bbox 603 868 665 939; x_wconf 88' lang='grc' dir='ltr'><strong><em>δ’</em></strong></span> <span class='ocrx_word' id='word_1_58' title='bbox 692 868 842 956; x_wconf 70' lang='grc' dir='ltr'><strong><em>ἐγώ,</em></strong></span> <span class='ocrx_word' id='word_1_59' title='bbox 867 866 1076 937; x_wconf 78' lang='grc' dir='ltr'><strong><em>καὶτὰ</em></strong></span> <span class='ocrx_word' id='word_1_60' title='bbox 1098 865 1298 936; x_wconf 89' lang='grc' dir='ltr'><strong><em>λοιπά</em></strong></span> <span class='ocrx_word' id='word_1_61' title='bbox 1321 891 1433 952; x_wconf 91' lang='grc' dir='ltr'><strong><em>μοι</em></strong></span> <span class='ocrx_word' id='word_1_62' title='bbox 1455 874 1570 953; x_wconf 87' lang='grc' dir='ltr'><strong><em>τῆς</em></strong></span> <span class='ocrx_word' id='word_1_63' title='bbox 1590 870 1938 947; x_wconf 79' lang='grc' dir='ltr'><strong><em>ἑστιάσεως</em></strong></span> <span class='ocrx_word' id='word_1_64' title='bbox 1957 866 2353 956; x_wconf 81' lang='grc' dir='ltr'><strong><em>ἀποπλήρω-</em></strong></span> 
     </span>
     <span class='ocr_line' id='line_1_8' title="bbox 359 963 2355 1054; baseline -0.001 -18"><span class='ocrx_word' id='word_1_65' title='bbox 359 989 484 1037; x_wconf 89' lang='grc' dir='ltr'><strong><em>σον</em></strong></span> <span class='ocrx_word' id='word_1_66' title='bbox 508 965 1034 1054; x_wconf 73' lang='grc' dir='ltr'><strong><em>ἀποκρινόμενος</em></strong></span> <span class='ocrx_word' id='word_1_67' title='bbox 1055 963 1278 1052; x_wconf 72' lang='grc' dir='ltr'><strong><em>ὥσπερ</em></strong></span> <span class='ocrx_word' id='word_1_68' title='bbox 1300 967 1412 1033; x_wconf 83' lang='grc' dir='ltr'><strong><em>καὶ</em></strong></span> <span class='ocrx_word' id='word_1_69' title='bbox 1433 973 1580 1032; x_wconf 84' lang='grc' dir='ltr'><strong><em>νῦν.</em></strong></span> <span class='ocrx_word' id='word_1_70' title='bbox 1651 963 1755 1033; x_wconf 81' lang='grc' dir='ltr'><strong><em>ὅτι</em></strong></span> <span class='ocrx_word' id='word_1_71' title='bbox 1788 964 1910 1051; x_wconf 70' lang='grc' dir='ltr'><strong><em>μὲν</em></strong></span> <span class='ocrx_word' id='word_1_72' title='bbox 1942 964 2071 1051; x_wconf 80' lang='grc' dir='ltr'><strong><em>γάρ</em></strong></span> <span class='ocrx_word' id='word_1_73' title='bbox 2106 966 2214 1035; x_wconf 86' lang='grc' dir='ltr'><strong><em>καὶ</em></strong></span> <span class='ocrx_word' id='word_1_74' title='bbox 2238 987 2355 1034; x_wconf 86' lang='grc' dir='ltr'><strong><em>σο-</em></strong></span> 
     </span>
     <span class='ocr_line' id='line_1_9' title="bbox 356 1059 2355 1150; baseline -0.002 -18"><span class='ocrx_word' id='word_1_75' title='bbox 356 1064 646 1150; x_wconf 66' lang='grc' dir='ltr'><strong><em>φώτεροι</em></strong></span> <span class='ocrx_word' id='word_1_76' title='bbox 691 1063 801 1130; x_wconf 88' lang='grc' dir='ltr'><strong><em>καὶ</em></strong></span> <span class='ocrx_word' id='word_1_77' title='bbox 831 1059 1145 1147; x_wconf 87' lang='grc' dir='ltr'><strong><em>ἀμείνους</em></strong></span> <span class='ocrx_word' id='word_1_78' title='bbox 1185 1062 1297 1130; x_wconf 84' lang='grc' dir='ltr'><strong><em>καὶ</em></strong></span> <span class='ocrx_word' id='word_1_79' title='bbox 1334 1059 1777 1148; x_wconf 71' lang='grc' dir='ltr'><strong><em>δυνατώτεροι</em></strong></span> <span class='ocrx_word' id='word_1_80' title='bbox 1814 1062 2122 1149; x_wconf 84' lang='grc' dir='ltr'><strong><em>πράττειν</em></strong></span> <span class='ocrx_word' id='word_1_81' title='bbox 2156 1066 2225 1129; x_wconf 75' lang='grc' dir='ltr'><strong><em>οἱ</em></strong></span> <span class='ocrx_word' id='word_1_82' title='bbox 2253 1066 2355 1129; x_wconf 84' lang='grc' dir='ltr'><strong><em>δί-</em></strong></span> 
     </span>
     <span class='ocr_line' id='line_1_10' title="bbox 356 1157 2356 1247; baseline -0.002 -16"><span class='ocrx_word' id='word_1_83' title='bbox 356 1186 537 1231; x_wconf 85' lang='grc' dir='ltr'><strong><em>καιοι</em></strong></span> <span class='ocrx_word' id='word_1_84' title='bbox 560 1166 911 1247; x_wconf 85' lang='grc' dir='ltr'><strong><em>φαίνονται</em></strong></span> <span class='ocrx_word' id='word_1_85' title='bbox 925 1209 944 1244; x_wconf 94' lang='grc'><strong><em>,</em></strong></span> <span class='ocrx_word' id='word_1_86' title='bbox 980 1163 1050 1228; x_wconf 76' lang='grc' dir='ltr'><strong><em>οἰ</em></strong></span> <span class='ocrx_word' id='word_1_87' title='bbox 1068 1159 1139 1229; x_wconf 74' lang='grc' dir='ltr'><strong><em>δὲ</em></strong></span> <span class='ocrx_word' id='word_1_88' title='bbox 1162 1159 1382 1227; x_wconf 81' lang='grc' dir='ltr'><strong><em>ἄδικοι</em></strong></span> <span class='ocrx_word' id='word_1_89' title='bbox 1420 1157 1621 1227; x_wconf 75' lang='grc' dir='ltr'><strong><em>οὐδὲν</em></strong></span> <span class='ocrx_word' id='word_1_90' title='bbox 1640 1157 1954 1247; x_wconf 86' lang='grc' dir='ltr'><strong><em>πράττειν</em></strong></span> <span class='ocrx_word' id='word_1_91' title='bbox 1973 1157 2120 1245; x_wconf 78' lang='grc' dir='ltr'><strong><em>μετ’</em></strong></span> <span class='ocrx_word' id='word_1_92' title='bbox 2150 1157 2356 1247; x_wconf 82' lang='grc' dir='ltr'><strong><em>ἀλλή-</em></strong></span> 
     </span>
    </p>

    <p class='ocr_par' dir='ltr' id='par_1_3' title="bbox 293 1251 2358 1929">
     <span class='ocr_line' id='line_1_11' title="bbox 293 1251 2350 1343; baseline 0 -18"><span class='ocrx_word' id='word_1_93' title='bbox 293 1271 332 1325; x_wconf 82' lang='lat' dir='ltr'>c</span> <span class='ocrx_word' id='word_1_94' title='bbox 361 1267 499 1326; x_wconf 86' lang='grc' dir='ltr'><strong><em>λων</em></strong></span> <span class='ocrx_word' id='word_1_95' title='bbox 521 1251 656 1324; x_wconf 83' lang='grc' dir='ltr'><strong><em>οἶοί</em></strong></span> <span class='ocrx_word' id='word_1_96' title='bbox 671 1281 772 1341; x_wconf 88' lang='grc' dir='ltr'><strong><em>τε,</em></strong></span> <span class='ocrx_word' id='word_1_97' title='bbox 798 1255 964 1325; x_wconf 79' lang='grc' dir='ltr'><strong><em>ἀλλὰ</em></strong></span> <span class='ocrx_word' id='word_1_98' title='bbox 988 1254 1068 1343; x_wconf 83' lang='grc' dir='ltr'><strong><em>δὴ</em></strong></span> <span class='ocrx_word' id='word_1_99' title='bbox 1090 1259 1198 1324; x_wconf 80' lang='grc' dir='ltr'><strong><em>καὶ</em></strong></span> <span class='ocrx_word' id='word_1_100' title='bbox 1220 1252 1341 1335; x_wconf 78' lang='grc' dir='ltr'><strong><em>οὕς</em></strong></span> <span class='ocrx_word' id='word_1_101' title='bbox 1362 1281 1581 1342; x_wconf 90' lang='grc' dir='ltr'><strong><em>φαμεν</em></strong></span> <span class='ocrx_word' id='word_1_102' title='bbox 1603 1258 1987 1343; x_wconf 74' lang='grc' dir='ltr'><strong><em>ἐρρωμένως</em></strong></span> <span class='ocrx_word' id='word_1_103' title='bbox 2007 1255 2272 1325; x_wconf 70' lang='grc' dir='ltr'><strong><em>πώποτέ</em></strong></span> <span class='ocrx_word' id='word_1_104' title='bbox 2292 1283 2350 1325; x_wconf 89' lang='grc' dir='ltr'><strong><em>τι</em></strong></span> 
     </span>
     <span class='ocr_line' id='line_1_12' title="bbox 358 1349 2352 1441; baseline -0.001 -19"><span class='ocrx_word' id='word_1_105' title='bbox 358 1349 487 1439; x_wconf 89' lang='grc' dir='ltr'><strong><em>μετ’</em></strong></span> <span class='ocrx_word' id='word_1_106' title='bbox 515 1350 821 1438; x_wconf 84' lang='grc' dir='ltr'><strong><em>ἀλλήλων</em></strong></span> <span class='ocrx_word' id='word_1_107' title='bbox 842 1360 1037 1441; x_wconf 82' lang='grc' dir='ltr'><strong><em>κοινῇ</em></strong></span> <span class='ocrx_word' id='word_1_108' title='bbox 1057 1358 1295 1440; x_wconf 81' lang='grc' dir='ltr'><strong><em>πρᾶξαι</em></strong></span> <span class='ocrx_word' id='word_1_109' title='bbox 1319 1349 1653 1431; x_wconf 74' lang='grc' dir='ltr'><strong><em>ἀδίκους”</em></strong></span> <span class='ocrx_word' id='word_1_110' title='bbox 1612 1378 1829 1437; x_wconf 87' lang='grc' dir='ltr'><strong><em>οντας,</em></strong></span> <span class='ocrx_word' id='word_1_111' title='bbox 1852 1359 2052 1420; x_wconf 84' lang='grc' dir='ltr'><strong><em>τοῦτο</em></strong></span> <span class='ocrx_word' id='word_1_112' title='bbox 2079 1349 2163 1419; x_wconf 79' lang='grc' dir='ltr'><strong><em>οὐ</em></strong></span> <span class='ocrx_word' id='word_1_113' title='bbox 2184 1376 2352 1422; x_wconf 88' lang='grc' dir='ltr'><strong><em>παν-</em></strong></span> 
     </span>
     <span class='ocr_line' id='line_1_13' title="bbox 357 1446 2353 1538; baseline 0.001 -21"><span class='ocrx_word' id='word_1_114' title='bbox 357 1448 647 1518; x_wconf 89' lang='grc' dir='ltr'><strong><em>τάπασιν</em></strong></span> <span class='ocrx_word' id='word_1_115' title='bbox 666 1448 917 1537; x_wconf 71' lang='grc' dir='ltr'><strong><em>ἀληθὲς</em></strong></span> <span class='ocrx_word' id='word_1_116' title='bbox 938 1447 1364 1538; x_wconf 83' lang='grc' dir='ltr'><strong><em>λέγομεν·οὐ</em></strong></span> <span class='ocrx_word' id='word_1_117' title='bbox 1395 1449 1542 1535; x_wconf 79' lang='grc' dir='ltr'><strong><em>γὰρ</em></strong></span> <span class='ocrx_word' id='word_1_118' title='bbox 1559 1475 1647 1517; x_wconf 89' lang='grc' dir='ltr'><strong><em>αν</em></strong></span> <span class='ocrx_word' id='word_1_119' title='bbox 1669 1446 2014 1535; x_wconf 80' lang='grc' dir='ltr'><strong><em>ἀπείχοντο</em></strong></span> <span class='ocrx_word' id='word_1_120' title='bbox 2049 1447 2353 1537; x_wconf 84' lang='grc' dir='ltr'><strong><em>ἀλλήλων</em></strong></span> 
     </span>
     <span class='ocr_line' id='line_1_14' title="bbox 356 1543 2354 1636; baseline -0.001 -21"><span class='ocrx_word' id='word_1_121' title='bbox 356 1552 596 1636; x_wconf 79' lang='grc' dir='ltr'><strong><em>κομιδῇ</em></strong></span> <span class='ocrx_word' id='word_1_122' title='bbox 631 1546 816 1628; x_wconf 79' lang='grc' dir='ltr'><strong><em>ὄντες</em></strong></span> <span class='ocrx_word' id='word_1_123' title='bbox 848 1547 1100 1635; x_wconf 75' lang='grc' dir='ltr'><strong><em>ἄδικοι,</em></strong></span> <span class='ocrx_word' id='word_1_124' title='bbox 1149 1546 1315 1616; x_wconf 76' lang='grc' dir='ltr'><strong><em>ἀλλὰ</em></strong></span> <span class='ocrx_word' id='word_1_125' title='bbox 1341 1551 1547 1634; x_wconf 79' lang='grc' dir='ltr'><strong><em>δῆλον</em></strong></span> <span class='ocrx_word' id='word_1_126' title='bbox 1580 1545 1682 1615; x_wconf 80' lang='grc' dir='ltr'><strong><em>ὅτι</em></strong></span> <span class='ocrx_word' id='word_1_127' title='bbox 1706 1551 1867 1634; x_wconf 80' lang='grc' dir='ltr'><strong><em>ένῆν</em></strong></span> <span class='ocrx_word' id='word_1_128' title='bbox 1886 1573 1985 1627; x_wconf 87' lang='grc' dir='ltr'><strong><em>τις</em></strong></span> <span class='ocrx_word' id='word_1_129' title='bbox 2003 1543 2228 1627; x_wconf 74' lang='grc' dir='ltr'><strong><em>αὐτοῖς</em></strong></span> <span class='ocrx_word' id='word_1_130' title='bbox 2249 1551 2354 1615; x_wconf 77' lang='grc' dir='ltr'><strong><em>δι,-</em></strong></span> 
     </span>
     <span class='ocr_line' id='line_1_15' title="bbox 357 1641 2350 1733; baseline 0 -21"><span class='ocrx_word' id='word_1_131' title='bbox 357 1644 682 1731; x_wconf 84' lang='grc' dir='ltr'><strong><em>καιοσύνη</em></strong></span> <span class='ocrx_word' id='word_1_132' title='bbox 698 1697 716 1730; x_wconf 90' lang='grc'><strong><em>,</em></strong></span> <span class='ocrx_word' id='word_1_133' title='bbox 750 1642 793 1733; x_wconf 79' lang='grc' dir='ltr'>ἢ</span> <span class='ocrx_word' id='word_1_134' title='bbox 829 1643 1073 1726; x_wconf 76' lang='grc' dir='ltr'><strong><em>αὐτοὺς</em></strong></span> <span class='ocrx_word' id='word_1_135' title='bbox 1093 1651 1297 1714; x_wconf 75' lang='grc' dir='ltr'><strong><em>ἐποίει</em></strong></span> <span class='ocrx_word' id='word_1_136' title='bbox 1319 1643 1510 1732; x_wconf 84' lang='grc' dir='ltr'><strong><em>μήτοι</em></strong></span> <span class='ocrx_word' id='word_1_137' title='bbox 1532 1645 1644 1712; x_wconf 83' lang='grc' dir='ltr'><strong><em>καὶ</em></strong></span> <span class='ocrx_word' id='word_1_138' title='bbox 1672 1642 2001 1733; x_wconf 77' lang='grc' dir='ltr'><strong><em>ἀλλήλους</em></strong></span> <span class='ocrx_word' id='word_1_139' title='bbox 2020 1670 2095 1729; x_wconf 91' lang='grc' dir='ltr'><strong><em>γε</em></strong></span> <span class='ocrx_word' id='word_1_140' title='bbox 2119 1648 2229 1714; x_wconf 79' lang='grc' dir='ltr'><strong><em>καὶ</em></strong></span> <span class='ocrx_word' id='word_1_141' title='bbox 2253 1641 2350 1730; x_wconf 76' lang='grc' dir='ltr'><strong><em>ἐφ’</em></strong></span> 
     </span>
     <span class='ocr_line' id='line_1_16' title="bbox 358 1738 2355 1831; baseline 0.001 -23"><span class='ocrx_word' id='word_1_142' title='bbox 358 1738 477 1821; x_wconf 79' lang='grc' dir='ltr'><strong><em>οὕς</em></strong></span> <span class='ocrx_word' id='word_1_143' title='bbox 509 1739 721 1831; x_wconf 76' lang='grc' dir='ltr'><strong><em>ᾔεσαν</em></strong></span> <span class='ocrx_word' id='word_1_144' title='bbox 751 1739 885 1829; x_wconf 80' lang='grc' dir='ltr'><strong><em>ἅμα</em></strong></span> <span class='ocrx_word' id='word_1_145' title='bbox 919 1741 1205 1829; x_wconf 79' lang='grc' dir='ltr'><strong><em>ἀδικεῖν,</em></strong></span> <span class='ocrx_word' id='word_1_146' title='bbox 1244 1740 1327 1811; x_wconf 89' lang='grc' dir='ltr'><strong><em>δι’</em></strong></span> <span class='ocrx_word' id='word_1_147' title='bbox 1349 1739 1437 1828; x_wconf 81' lang='grc' dir='ltr'><strong><em>ἣν</em></strong></span> <span class='ocrx_word' id='word_1_148' title='bbox 1459 1745 1746 1829; x_wconf 80' lang='grc' dir='ltr'><strong><em>ἔπραξαν</em></strong></span> <span class='ocrx_word' id='word_1_149' title='bbox 1791 1739 1838 1809; x_wconf 73' lang='grc' dir='ltr'><em>ἃ</em></span> <span class='ocrx_word' id='word_1_150' title='bbox 1870 1746 2191 1827; x_wconf 77' lang='grc' dir='ltr'><strong><em>ἔπραξαν,</em></strong></span> <span class='ocrx_word' id='word_1_151' title='bbox 2217 1741 2355 1829; x_wconf 73' lang='grc' dir='ltr'><strong><em>ὥρ-</em></strong></span> 
     </span>
     <span class='ocr_line' id='line_1_17' title="bbox 356 1837 2358 1929; baseline 0 -21"><span class='ocrx_word' id='word_1_152' title='bbox 356 1861 576 1927; x_wconf 84' lang='grc' dir='ltr'><strong><em>μησαν</em></strong></span> <span class='ocrx_word' id='word_1_153' title='bbox 599 1843 671 1908; x_wconf 76' lang='grc' dir='ltr'><strong><em>δὲ</em></strong></span> <span class='ocrx_word' id='word_1_154' title='bbox 691 1841 795 1908; x_wconf 79' lang='grc' dir='ltr'><strong><em>ἐπὶ</em></strong></span> <span class='ocrx_word' id='word_1_155' title='bbox 814 1840 894 1907; x_wconf 76' lang='grc' dir='ltr'><strong><em>τὰ</em></strong></span> <span class='ocrx_word' id='word_1_156' title='bbox 916 1841 1113 1909; x_wconf 77' lang='grc' dir='ltr'><strong><em>ἄδικοι</em></strong></span> <span class='ocrx_word' id='word_1_157' title='bbox 1134 1840 1359 1929; x_wconf 73' lang='grc' dir='ltr'><strong><em>ἀδικίᾳ</em></strong></span> <span class='ocrx_word' id='word_1_158' title='bbox 1390 1837 1837 1927; x_wconf 81' lang='grc' dir='ltr'><strong><em>ἡμιμόχθηροι</em></strong></span> <span class='ocrx_word' id='word_1_159' title='bbox 1869 1839 2056 1920; x_wconf 87' lang='grc' dir='ltr'><strong><em>ὄντες</em></strong></span> <span class='ocrx_word' id='word_1_160' title='bbox 2070 1891 2087 1925; x_wconf 93' lang='grc'><strong><em>,</em></strong></span> <span class='ocrx_word' id='word_1_161' title='bbox 2122 1841 2260 1908; x_wconf 85' lang='grc' dir='ltr'><strong><em>έπεὶ</em></strong></span> <span class='ocrx_word' id='word_1_162' title='bbox 2291 1844 2358 1909; x_wconf 83' lang='grc' dir='ltr'><strong><em>οῗ</em></strong></span> 
     </span>
    </p>

    <p class='ocr_par' dir='ltr' id='par_1_4' title="bbox 202 1937 2352 3495">
     <span class='ocr_line' id='line_1_18' title="bbox 278 1937 2352 2025; baseline 0 -19"><span class='ocrx_word' id='word_1_163' title='bbox 278 1943 320 1995; x_wconf 92' lang='lat' dir='ltr'>D</span> <span class='ocrx_word' id='word_1_164' title='bbox 356 1964 433 2025; x_wconf 87' lang='grc' dir='ltr'><strong><em>γε</em></strong></span> <span class='ocrx_word' id='word_1_165' title='bbox 453 1937 875 2025; x_wconf 81' lang='grc' dir='ltr'><strong><em>παμπόνηροι</em></strong></span> <span class='ocrx_word' id='word_1_166' title='bbox 888 1939 996 2007; x_wconf 81' lang='grc' dir='ltr'><strong><em>καὶ</em></strong></span> <span class='ocrx_word' id='word_1_167' title='bbox 1018 1942 1250 2019; x_wconf 79' lang='grc' dir='ltr'><strong><em>τελέως</em></strong></span> <span class='ocrx_word' id='word_1_168' title='bbox 1271 1938 1490 2007; x_wconf 72' lang='grc' dir='ltr'><strong><em>ἄδικοι</em></strong></span> <span class='ocrx_word' id='word_1_169' title='bbox 1509 1942 1741 2019; x_wconf 80' lang='grc' dir='ltr'><strong><em>τελέως</em></strong></span> <span class='ocrx_word' id='word_1_170' title='bbox 1764 1941 1886 2008; x_wconf 85' lang='grc' dir='ltr'><strong><em>είσὶ</em></strong></span> <span class='ocrx_word' id='word_1_171' title='bbox 1907 1939 2015 2008; x_wconf 85' lang='grc' dir='ltr'><strong><em>καὶ</em></strong></span> <span class='ocrx_word' id='word_1_172' title='bbox 2037 1937 2352 2024; x_wconf 86' lang='grc' dir='ltr'><strong><em>πράττειν</em></strong></span> 
     </span>
     <span class='ocr_line' id='line_1_19' title="bbox 356 2027 2346 2123; baseline 0.001 -21"><span class='ocrx_word' id='word_1_173' title='bbox 356 2034 676 2102; x_wconf 79' lang='grc' dir='ltr'><strong><em>ἀδύνατοι</em></strong></span> <span class='ocrx_word' id='word_1_174' title='bbox 693 2060 706 2073; x_wconf 88' lang='grc'>·</span> <span class='ocrx_word' id='word_1_175' title='bbox 753 2040 961 2101; x_wconf 84' lang='grc' dir='ltr'><strong><em>ταῦτα</em></strong></span> <span class='ocrx_word' id='word_1_176' title='bbox 983 2038 1105 2121; x_wconf 76' lang='grc' dir='ltr'><strong><em>μὲν</em></strong></span> <span class='ocrx_word' id='word_1_177' title='bbox 1124 2027 1251 2103; x_wconf 81' lang='grc' dir='ltr'><strong><em>οὖν</em></strong></span> <span class='ocrx_word' id='word_1_178' title='bbox 1273 2034 1374 2104; x_wconf 77' lang='grc' dir='ltr'><strong><em>ὅτι</em></strong></span> <span class='ocrx_word' id='word_1_179' title='bbox 1397 2035 1610 2116; x_wconf 74' lang='grc' dir='ltr'><strong><em>οὕτως</em></strong></span> <span class='ocrx_word' id='word_1_180' title='bbox 1631 2042 1758 2122; x_wconf 82' lang='grc' dir='ltr'><strong><em>ἔχει</em></strong></span> <span class='ocrx_word' id='word_1_181' title='bbox 1774 2085 1794 2120; x_wconf 89' lang='grc'><strong><em>,</em></strong></span> <span class='ocrx_word' id='word_1_182' title='bbox 1829 2036 2187 2123; x_wconf 81' lang='grc' dir='ltr'><strong><em>μανθάνω,</em></strong></span> <span class='ocrx_word' id='word_1_183' title='bbox 2212 2033 2346 2104; x_wconf 81' lang='grc' dir='ltr'><strong><em>ἀλλ’</em></strong></span> 
     </span>
     <span class='ocr_line' id='line_1_20' title="bbox 355 2128 2340 2225; baseline 0.001 -26"><span class='ocrx_word' id='word_1_184' title='bbox 355 2130 479 2218; x_wconf 81' lang='grc' dir='ltr'><strong><em>οὐχ</em></strong></span> <span class='ocrx_word' id='word_1_185' title='bbox 518 2128 608 2212; x_wconf 70' lang='grc' dir='ltr'><strong><em>οἱς</em></strong></span> <span class='ocrx_word' id='word_1_186' title='bbox 637 2129 723 2199; x_wconf 79' lang='grc' dir='ltr'><strong><em>σὺ</em></strong></span> <span class='ocrx_word' id='word_1_187' title='bbox 744 2130 817 2199; x_wconf 88' lang='grc' dir='ltr'>τό</span> <span class='ocrx_word' id='word_1_188' title='bbox 855 2140 1120 2216; x_wconf 72' lang='grc' dir='ltr'><strong><em>πρῶτον</em></strong></span> <span class='ocrx_word' id='word_1_189' title='bbox 1141 2136 1420 2201; x_wconf 75' lang='grc' dir='ltr'><strong><em>ἐτίθεσο.</em></strong></span> <span class='ocrx_word' id='word_1_190' title='bbox 1465 2139 1527 2203; x_wconf 90' lang='grc' dir='ltr'><strong><em>εί</em></strong></span> <span class='ocrx_word' id='word_1_191' title='bbox 1545 2132 1744 2202; x_wconf 76' lang='grc' dir='ltr'><strong><em>δὲκαὶ</em></strong></span> <span class='ocrx_word' id='word_1_192' title='bbox 1767 2131 2043 2220; x_wconf 77' lang='grc' dir='ltr'><strong><em>ἄμεινον</em></strong></span> <span class='ocrx_word' id='word_1_193' title='bbox 2065 2138 2266 2225; x_wconf 70' lang='grc' dir='ltr'><strong><em>ζῶσιν</em></strong></span> <span class='ocrx_word' id='word_1_194' title='bbox 2286 2159 2340 2201; x_wconf 81' lang='grc' dir='ltr'><strong><em>ο.</em></strong></span> 
     </span>
     <span class='ocr_line' id='line_1_21' title="bbox 354 2226 2340 2318; baseline 0.001 -21"><span class='ocrx_word' id='word_1_195' title='bbox 354 2234 597 2298; x_wconf 88' lang='grc' dir='ltr'><strong><em>δίκαιοι</em></strong></span> <span class='ocrx_word' id='word_1_196' title='bbox 624 2238 761 2298; x_wconf 72' lang='grc' dir='ltr'><strong><em>τῶν</em></strong></span> <span class='ocrx_word' id='word_1_197' title='bbox 795 2226 1045 2297; x_wconf 89' lang='grc' dir='ltr'><strong><em>ἀδίκων</em></strong></span> <span class='ocrx_word' id='word_1_198' title='bbox 1081 2233 1191 2299; x_wconf 84' lang='grc' dir='ltr'><strong><em>καὶ</em></strong></span> <span class='ocrx_word' id='word_1_199' title='bbox 1223 2229 1802 2318; x_wconf 83' lang='grc' dir='ltr'><strong><em>εὐδαιμονέστεροί</em></strong></span> <span class='ocrx_word' id='word_1_200' title='bbox 1811 2234 2032 2315; x_wconf 83' lang='grc' dir='ltr'><strong><em>-είσιν,</em></strong></span> <span class='ocrx_word' id='word_1_201' title='bbox 2075 2228 2239 2318; x_wconf 80' lang='grc' dir='ltr'><strong><em>ὅπερ</em></strong></span> <span class='ocrx_word' id='word_1_202' title='bbox 2271 2228 2340 2299; x_wconf 75' lang='grc' dir='ltr'><strong><em>τὰ</em></strong></span> 
     </span>
     <span class='ocr_line' id='line_1_22' title="bbox 353 2325 2346 2415; baseline 0.003 -21"><span class='ocrx_word' id='word_1_203' title='bbox 353 2326 639 2415; x_wconf 74' lang='grc' dir='ltr'><strong><em>ὕστερον</em></strong></span> <span class='ocrx_word' id='word_1_204' title='bbox 683 2325 1123 2414; x_wconf 82' lang='grc' dir='ltr'><strong><em>προύθέμεθα</em></strong></span> <span class='ocrx_word' id='word_1_205' title='bbox 1168 2333 1578 2413; x_wconf 80' lang='grc' dir='ltr'><strong><em>σκέψασθαι,</em></strong></span> <span class='ocrx_word' id='word_1_206' title='bbox 1617 2333 1950 2398; x_wconf 86' lang='grc' dir='ltr'><strong><em>σκεπτέον.</em></strong></span> <span class='ocrx_word' id='word_1_207' title='bbox 1998 2334 2346 2415; x_wconf 82' lang='grc' dir='ltr'><strong><em>φαίνονται</em></strong></span> 
     </span>
     <span class='ocr_line' id='line_1_23' title="bbox 350 2418 2349 2514; baseline 0.001 -22"><span class='ocrx_word' id='word_1_208' title='bbox 350 2423 473 2510; x_wconf 73' lang='grc' dir='ltr'><strong><em>μὲν</em></strong></span> <span class='ocrx_word' id='word_1_209' title='bbox 492 2419 622 2493; x_wconf 79' lang='grc' dir='ltr'><strong><em>οὖν</em></strong></span> <span class='ocrx_word' id='word_1_210' title='bbox 640 2426 750 2493; x_wconf 86' lang='grc' dir='ltr'><strong><em>καὶ</em></strong></span> <span class='ocrx_word' id='word_1_211' title='bbox 776 2433 938 2511; x_wconf 87' lang='grc' dir='ltr'><strong><em>νῦν,</em></strong></span> <span class='ocrx_word' id='word_1_212' title='bbox 973 2423 1064 2506; x_wconf 70' lang='grc' dir='ltr'><strong><em>ὥς</em></strong></span> <span class='ocrx_word' id='word_1_213' title='bbox 1083 2430 1162 2512; x_wconf 90' lang='grc' dir='ltr'><strong><em>γέ</em></strong></span> <span class='ocrx_word' id='word_1_214' title='bbox 1176 2451 1289 2513; x_wconf 88' lang='grc' dir='ltr'><strong><em>μοι</em></strong></span> <span class='ocrx_word' id='word_1_215' title='bbox 1314 2431 1526 2512; x_wconf 81' lang='grc' dir='ltr'><strong><em>δοκεῖ,</em></strong></span> <span class='ocrx_word' id='word_1_216' title='bbox 1549 2428 1614 2508; x_wconf 82' lang='grc' dir='ltr'><strong><em>ἐξ</em></strong></span> <span class='ocrx_word' id='word_1_217' title='bbox 1639 2418 1735 2495; x_wconf 73' lang='grc' dir='ltr'><strong><em>οἷν</em></strong></span> <span class='ocrx_word' id='word_1_218' title='bbox 1756 2425 2107 2514; x_wconf 82' lang='grc' dir='ltr'><strong><em>εἰρήκαμεν</em></strong></span> <span class='ocrx_word' id='word_1_219' title='bbox 2121 2452 2136 2467; x_wconf 86' lang='grc'><em>·</em></span> <span class='ocrx_word' id='word_1_220' title='bbox 2172 2423 2349 2513; x_wconf 82' lang='grc' dir='ltr'><strong><em>ὅμως</em></strong></span> 
     </span>
     <span class='ocr_line' id='line_1_24' title="bbox 353 2517 2345 2611; baseline 0.002 -22"><span class='ocrx_word' id='word_1_221' title='bbox 353 2517 415 2589; x_wconf 88' lang='grc' dir='ltr'><strong><em>δ’</em></strong></span> <span class='ocrx_word' id='word_1_222' title='bbox 451 2527 545 2590; x_wconf 80' lang='grc' dir='ltr'><strong><em>ἔτι</em></strong></span> <span class='ocrx_word' id='word_1_223' title='bbox 573 2525 832 2610; x_wconf 85' lang='grc' dir='ltr'><strong><em>βέλτιον</em></strong></span> <span class='ocrx_word' id='word_1_224' title='bbox 868 2527 1204 2593; x_wconf 87' lang='grc' dir='ltr'><strong><em>σκεπτέον.</em></strong></span> <span class='ocrx_word' id='word_1_225' title='bbox 1255 2523 1340 2593; x_wconf 80' lang='grc' dir='ltr'><strong><em>οὐ</em></strong></span> <span class='ocrx_word' id='word_1_226' title='bbox 1369 2523 1500 2611; x_wconf 79' lang='grc' dir='ltr'><strong><em>γὰρ</em></strong></span> <span class='ocrx_word' id='word_1_227' title='bbox 1537 2527 1686 2607; x_wconf 82' lang='grc' dir='ltr'><strong><em>περὶ</em></strong></span> <span class='ocrx_word' id='word_1_228' title='bbox 1715 2531 1837 2592; x_wconf 86' lang='grc' dir='ltr'><strong><em>τοῦ</em></strong></span> <span class='ocrx_word' id='word_1_229' title='bbox 1869 2522 2287 2609; x_wconf 69' lang='grc' dir='ltr'><strong><em>ἐπιτυχόντος</em></strong></span> <span class='ocrx_word' id='word_1_230' title='bbox 2309 2522 2345 2592; x_wconf 87' lang='grc' dir='ltr'>ὁ</span> 
     </span>
     <span class='ocr_line' id='line_1_25' title="bbox 353 2618 2345 2710; baseline 0.002 -23"><span class='ocrx_word' id='word_1_231' title='bbox 353 2618 545 2703; x_wconf 90' lang='grc' dir='ltr'><strong><em>λόγος</em></strong></span> <span class='ocrx_word' id='word_1_232' title='bbox 561 2671 580 2706; x_wconf 92' lang='grc'><strong><em>,</em></strong></span> <span class='ocrx_word' id='word_1_233' title='bbox 607 2618 773 2690; x_wconf 76' lang='grc' dir='ltr'><strong><em>ἀλλὰ</em></strong></span> <span class='ocrx_word' id='word_1_234' title='bbox 802 2624 951 2709; x_wconf 83' lang='grc' dir='ltr'><strong><em>περὶ</em></strong></span> <span class='ocrx_word' id='word_1_235' title='bbox 973 2627 1093 2690; x_wconf 84' lang='grc' dir='ltr'><strong><em>τοῦ</em></strong></span> <span class='ocrx_word' id='word_1_236' title='bbox 1118 2618 1351 2690; x_wconf 78' lang='grc' dir='ltr'><strong><em>ὅντινα</em></strong></span> <span class='ocrx_word' id='word_1_237' title='bbox 1370 2621 1623 2708; x_wconf 85' lang='grc' dir='ltr'><strong><em>τρόπον</em></strong></span> <span class='ocrx_word' id='word_1_238' title='bbox 1644 2618 1766 2709; x_wconf 81' lang='grc' dir='ltr'><strong><em>χρὴ</em></strong></span> <span class='ocrx_word' id='word_1_239' title='bbox 1791 2626 1925 2708; x_wconf 77' lang='grc' dir='ltr'><strong><em>ζῇν.</em></strong></span> <span class='ocrx_word' id='word_1_240' title='bbox 1959 2621 2218 2690; x_wconf 88' lang='grc' dir='ltr'><strong><em>Σκόπει</em></strong></span> <span class='ocrx_word' id='word_1_241' title='bbox 2239 2622 2345 2710; x_wconf 76' lang='grc' dir='ltr'><strong><em>δή,</em></strong></span> 
     </span>
     <span class='ocr_line' id='line_1_26' title="bbox 348 2710 2347 2806; baseline 0.002 -23"><span class='ocrx_word' id='word_1_242' title='bbox 348 2720 495 2803; x_wconf 79' lang='grc' dir='ltr'><strong><em>ἔφη.</em></strong></span> <span class='ocrx_word' id='word_1_243' title='bbox 558 2725 842 2805; x_wconf 69' lang='grc' dir='ltr'><strong><em>Σκοπῶ,</em></strong></span> <span class='ocrx_word' id='word_1_244' title='bbox 876 2710 964 2805; x_wconf 78' lang='grc' dir='ltr'><strong><em>ἦν</em></strong></span> <span class='ocrx_word' id='word_1_245' title='bbox 988 2715 1049 2786; x_wconf 88' lang='grc' dir='ltr'><strong><em>δ’</em></strong></span> <span class='ocrx_word' id='word_1_246' title='bbox 1077 2721 1207 2804; x_wconf 76' lang='grc' dir='ltr'><strong><em>ἐγώ</em></strong></span> <span class='ocrx_word' id='word_1_247' title='bbox 1224 2744 1240 2760; x_wconf 91' lang='grc'><em>·</em></span> <span class='ocrx_word' id='word_1_248' title='bbox 1283 2724 1402 2787; x_wconf 89' lang='grc' dir='ltr'><strong><em>καί</em></strong></span> <span class='ocrx_word' id='word_1_249' title='bbox 1416 2744 1528 2806; x_wconf 90' lang='grc' dir='ltr'><strong><em>μοι</em></strong></span> <span class='ocrx_word' id='word_1_250' title='bbox 1555 2723 1733 2804; x_wconf 87' lang='grc' dir='ltr'><strong><em>λέγε·</em></strong></span> <span class='ocrx_word' id='word_1_251' title='bbox 1761 2723 1946 2788; x_wconf 83' lang='grc' dir='ltr'><strong><em>δοκεῖ</em></strong></span> <span class='ocrx_word' id='word_1_252' title='bbox 1960 2725 2029 2786; x_wconf 89' lang='grc' dir='ltr'><strong><em>τί</em></strong></span> <span class='ocrx_word' id='word_1_253' title='bbox 2050 2740 2157 2787; x_wconf 91' lang='grc' dir='ltr'><strong><em>σοι</em></strong></span> <span class='ocrx_word' id='word_1_254' title='bbox 2179 2717 2347 2788; x_wconf 81' lang='grc' dir='ltr'><strong><em>εἶναι</em></strong></span> 
     </span>
     <span class='ocr_line' id='line_1_27' title="bbox 262 2808 2344 2904; baseline 0.001 -23"><span class='ocrx_word' id='word_1_255' title='bbox 262 2812 318 2869; x_wconf 70' lang='grc' dir='ltr'>Ἐ</span> <span class='ocrx_word' id='word_1_256' title='bbox 351 2817 560 2884; x_wconf 76' lang='grc' dir='ltr'><strong><em>ἵππου</em></strong></span> <span class='ocrx_word' id='word_1_257' title='bbox 582 2813 1105 2902; x_wconf 72' lang='grc' dir='ltr'><strong><em>ἔργονςἝμοιγε.</em></strong></span> <span class='ocrx_word' id='word_1_258' title='bbox 1139 2808 1278 2904; x_wconf 70' lang='grc' dir='ltr'><strong><em>Ἆρ’</em></strong></span> <span class='ocrx_word' id='word_1_259' title='bbox 1311 2809 1439 2885; x_wconf 82' lang='grc' dir='ltr'><strong><em>οὖν</em></strong></span> <span class='ocrx_word' id='word_1_260' title='bbox 1471 2823 1667 2886; x_wconf 84' lang='grc' dir='ltr'><strong><em>τοῦτο</em></strong></span> <span class='ocrx_word' id='word_1_261' title='bbox 1691 2814 1777 2884; x_wconf 72' lang='grc' dir='ltr'><strong><em>ἄν</em></strong></span> <span class='ocrx_word' id='word_1_262' title='bbox 1795 2822 1984 2903; x_wconf 85' lang='grc' dir='ltr'><strong><em>θείης</em></strong></span> <span class='ocrx_word' id='word_1_263' title='bbox 2004 2817 2114 2886; x_wconf 83' lang='grc' dir='ltr'><strong><em>καὶ</em></strong></span> <span class='ocrx_word' id='word_1_264' title='bbox 2132 2820 2344 2885; x_wconf 77' lang='grc' dir='ltr'><strong><em>ἵππου</em></strong></span> 
     </span>
     <span class='ocr_line' id='line_1_28' title="bbox 347 2909 2349 3006; baseline 0.001 -25"><span class='ocrx_word' id='word_1_265' title='bbox 347 2916 458 2982; x_wconf 84' lang='grc' dir='ltr'><strong><em>καὶ</em></strong></span> <span class='ocrx_word' id='word_1_266' title='bbox 481 2911 691 2982; x_wconf 80' lang='grc' dir='ltr'><strong><em>ἄλλου</em></strong></span> <span class='ocrx_word' id='word_1_267' title='bbox 713 2913 1002 2984; x_wconf 85' lang='grc' dir='ltr'><strong><em>ὁτουοῦν</em></strong></span> <span class='ocrx_word' id='word_1_268' title='bbox 1025 2920 1225 3003; x_wconf 80' lang='grc' dir='ltr'><strong><em>ἔργον</em></strong></span> <span class='ocrx_word' id='word_1_269' title='bbox 1242 2965 1260 2999; x_wconf 89' lang='grc'><strong><em>,</em></strong></span> <span class='ocrx_word' id='word_1_270' title='bbox 1294 2912 1335 2982; x_wconf 76' lang='grc' dir='ltr'><strong><em>δ</em></strong></span> <span class='ocrx_word' id='word_1_271' title='bbox 1360 2910 1447 2982; x_wconf 69' lang='grc' dir='ltr'><strong><em>ἂν</em></strong></span> <span class='ocrx_word' id='word_1_272' title='bbox 1468 2910 1512 3002; x_wconf 79' lang='grc' dir='ltr'><strong><em>ἦ</em></strong></span> <span class='ocrx_word' id='word_1_273' title='bbox 1534 2915 1719 3006; x_wconf 75' lang='grc' dir='ltr'><strong><em>μόνω</em></strong></span> <span class='ocrx_word' id='word_1_274' title='bbox 1742 2919 1968 3003; x_wconf 76' lang='grc' dir='ltr'><strong><em>ἐκείνω</em></strong></span> <span class='ocrx_word' id='word_1_275' title='bbox 1991 2922 2150 3001; x_wconf 83' lang='grc' dir='ltr'><strong><em>ποιῇ</em></strong></span> <span class='ocrx_word' id='word_1_276' title='bbox 2174 2940 2274 2994; x_wconf 89' lang='grc' dir='ltr'><strong><em>τις</em></strong></span> <span class='ocrx_word' id='word_1_277' title='bbox 2299 2909 2349 3003; x_wconf 73' lang='grc' dir='ltr'><strong><em>ἦ</em></strong></span> 
     </span>
     <span class='ocr_line' id='line_1_29' title="bbox 347 3006 2342 3102; baseline 0.001 -23"><span class='ocrx_word' id='word_1_278' title='bbox 347 3008 614 3099; x_wconf 78' lang='grc' dir='ltr'><strong><em>ἄριστα;</em></strong></span> <span class='ocrx_word' id='word_1_279' title='bbox 639 3009 743 3079; x_wconf 80' lang='grc' dir='ltr'><strong><em>Οὐ</em></strong></span> <span class='ocrx_word' id='word_1_280' title='bbox 765 3011 1094 3099; x_wconf 77' lang='grc' dir='ltr'><strong><em>μανθάνω</em></strong></span> <span class='ocrx_word' id='word_1_281' title='bbox 1110 3065 1130 3101; x_wconf 94' lang='grc'><strong><em>,</em></strong></span> <span class='ocrx_word' id='word_1_282' title='bbox 1155 3020 1303 3101; x_wconf 82' lang='grc' dir='ltr'><strong><em>ἔφη.</em></strong></span> <span class='ocrx_word' id='word_1_283' title='bbox 1349 3011 1519 3083; x_wconf 79' lang='grc' dir='ltr'><strong><em>Ἀλλ’</em></strong></span> <span class='ocrx_word' id='word_1_284' title='bbox 1549 3006 1706 3082; x_wconf 75' lang='grc' dir='ltr'><strong><em>ὦδε·</em></strong></span> <span class='ocrx_word' id='word_1_285' title='bbox 1730 3010 1876 3081; x_wconf 77' lang='grc' dir='ltr'><strong><em>ἔσθ’</em></strong></span> <span class='ocrx_word' id='word_1_286' title='bbox 1899 3010 2031 3101; x_wconf 72' lang='grc' dir='ltr'><strong><em>ὅτῳ</em></strong></span> <span class='ocrx_word' id='word_1_287' title='bbox 2055 3007 2142 3080; x_wconf 78' lang='grc' dir='ltr'><strong><em>άν</em></strong></span> <span class='ocrx_word' id='word_1_288' title='bbox 2165 3011 2342 3102; x_wconf 74' lang='grc' dir='ltr'><strong><em>ἄλλῳ</em></strong></span> 
     </span>
     <span class='ocr_line' id='line_1_30' title="bbox 351 3104 2346 3200; baseline 0.001 -23"><span class='ocrx_word' id='word_1_289' title='bbox 351 3112 512 3187; x_wconf 66' lang='grc' dir='ltr'><strong><em>’θοις</em></strong></span> <span class='ocrx_word' id='word_1_290' title='bbox 531 3106 577 3195; x_wconf 81' lang='grc' dir='ltr'><strong><em>ἦ</em></strong></span> <span class='ocrx_word' id='word_1_291' title='bbox 600 3106 1011 3198; x_wconf 62' lang='grc' dir='ltr'><strong><em>ὀφθαλμοῖς,</em></strong></span> <span class='ocrx_word' id='word_1_292' title='bbox 1056 3109 1164 3180; x_wconf 83' lang='grc' dir='ltr'><strong><em>Οὐ</em></strong></span> <span class='ocrx_word' id='word_1_293' title='bbox 1199 3116 1381 3199; x_wconf 79' lang='grc' dir='ltr'><strong><em>δῆτα.</em></strong></span> <span class='ocrx_word' id='word_1_294' title='bbox 1476 3120 1560 3181; x_wconf 91' lang='grc' dir='ltr'><strong><em>Τί</em></strong></span> <span class='ocrx_word' id='word_1_295' title='bbox 1585 3117 1692 3196; x_wconf 79' lang='grc' dir='ltr'><strong><em>δέ;</em></strong></span> <span class='ocrx_word' id='word_1_296' title='bbox 1734 3108 2055 3189; x_wconf 82' lang='grc' dir='ltr'><strong><em>ἀκούσαις</em></strong></span> <span class='ocrx_word' id='word_1_297' title='bbox 2088 3107 2268 3200; x_wconf 73' lang='grc' dir='ltr'><strong><em>ἄλλω</em></strong></span> <span class='ocrx_word' id='word_1_298' title='bbox 2299 3104 2346 3198; x_wconf 76' lang='grc' dir='ltr'><em>ἢ</em></span> 
     </span>
     <span class='ocr_line' id='line_1_31' title="bbox 346 3205 2347 3300; baseline 0 -26"><span class='ocrx_word' id='word_1_299' title='bbox 346 3212 546 3290; x_wconf 68' lang='grc' dir='ltr'><strong><em>ωσίνς</em></strong></span> <span class='ocrx_word' id='word_1_300' title='bbox 582 3208 930 3297; x_wconf 72' lang='grc' dir='ltr'><strong><em>Οὐδαμῶς.</em></strong></span> <span class='ocrx_word' id='word_1_301' title='bbox 986 3207 1263 3279; x_wconf 81' lang='grc' dir='ltr'><strong><em>Οὐκοῦν</em></strong></span> <span class='ocrx_word' id='word_1_302' title='bbox 1296 3214 1564 3290; x_wconf 88' lang='grc' dir='ltr'><strong><em>δικαίως</em></strong></span> <span class='ocrx_word' id='word_1_303' title='bbox 1597 3205 1685 3278; x_wconf 72' lang='grc' dir='ltr'><strong><em>ἄν</em></strong></span> <span class='ocrx_word' id='word_1_304' title='bbox 1704 3217 1912 3300; x_wconf 74' lang='grc' dir='ltr'><strong><em>ταῦτα</em></strong></span> <span class='ocrx_word' id='word_1_305' title='bbox 1932 3208 2191 3278; x_wconf 83' lang='grc' dir='ltr'><strong><em>τούτων</em></strong></span> <span class='ocrx_word' id='word_1_306' title='bbox 2211 3234 2347 3294; x_wconf 90' lang='grc' dir='ltr'><strong><em>φα-</em></strong></span> 
     </span>
     <span class='ocr_line' id='line_1_32' title="bbox 202 3304 2346 3397; baseline -0 -23"><span class='ocrx_word' id='word_1_307' title='bbox 202 3332 307 3387; x_wconf 75' lang='lat'><strong><em>353</em></strong></span> <span class='ocrx_word' id='word_1_308' title='bbox 343 3308 466 3392; x_wconf 70' lang='grc' dir='ltr'><strong><em>μὲν</em></strong></span> <span class='ocrx_word' id='word_1_309' title='bbox 498 3311 657 3393; x_wconf 82' lang='grc' dir='ltr'><strong><em>ἔργα</em></strong></span> <span class='ocrx_word' id='word_1_310' title='bbox 699 3304 897 3390; x_wconf 72' lang='grc' dir='ltr'><strong><em>εἷναις</em></strong></span> <span class='ocrx_word' id='word_1_311' title='bbox 945 3307 1145 3376; x_wconf 80' lang='grc' dir='ltr'><strong><em>Πάνυ</em></strong></span> <span class='ocrx_word' id='word_1_312' title='bbox 1179 3334 1274 3393; x_wconf 84' lang='grc' dir='ltr'><strong><em>γε.</em></strong></span> <span class='ocrx_word' id='word_1_313' title='bbox 1345 3314 1429 3377; x_wconf 86' lang='grc' dir='ltr'><strong><em>Τί</em></strong></span> <span class='ocrx_word' id='word_1_314' title='bbox 1454 3309 1533 3377; x_wconf 89' lang='grc' dir='ltr'><strong><em>δέ</em></strong></span> <span class='ocrx_word' id='word_1_315' title='bbox 1542 3338 1561 3390; x_wconf 77' lang='lat'>3</span> <span class='ocrx_word' id='word_1_316' title='bbox 1602 3315 1887 3397; x_wconf 76' lang='grc' dir='ltr'><strong><em>μαχαίρᾳ</em></strong></span> <span class='ocrx_word' id='word_1_317' title='bbox 1924 3304 2011 3376; x_wconf 72' lang='grc' dir='ltr'><strong><em>ἂν</em></strong></span> <span class='ocrx_word' id='word_1_318' title='bbox 2046 3305 2346 3394; x_wconf 82' lang='grc' dir='ltr'><strong><em>ἀμπέλου</em></strong></span> 
     </span>
     <span class='ocr_line' id='line_1_33' title="bbox 340 3402 2345 3495; baseline 0 -25"><span class='ocrx_word' id='word_1_319' title='bbox 340 3412 555 3491; x_wconf 81' lang='grc' dir='ltr'><strong><em>κλῆμα</em></strong></span> <span class='ocrx_word' id='word_1_320' title='bbox 579 3402 929 3492; x_wconf 85' lang='grc' dir='ltr'><strong><em>ἀποτέμοις</em></strong></span> <span class='ocrx_word' id='word_1_321' title='bbox 957 3407 1068 3473; x_wconf 83' lang='grc' dir='ltr'><strong><em>καὶ</em></strong></span> <span class='ocrx_word' id='word_1_322' title='bbox 1090 3412 1286 3495; x_wconf 77' lang='grc' dir='ltr'><strong><em>σμίλῃ</em></strong></span> <span class='ocrx_word' id='word_1_323' title='bbox 1306 3407 1413 3476; x_wconf 83' lang='grc' dir='ltr'><strong><em>καὶ</em></strong></span> <span class='ocrx_word' id='word_1_324' title='bbox 1434 3405 1660 3487; x_wconf 80' lang='grc' dir='ltr'><strong><em>ἄλλοις</em></strong></span> <span class='ocrx_word' id='word_1_325' title='bbox 1682 3415 1980 3488; x_wconf 74' lang='grc' dir='ltr'><strong><em>πολλοτς;</em></strong></span> <span class='ocrx_word' id='word_1_326' title='bbox 2024 3412 2182 3485; x_wconf 73' lang='grc' dir='ltr'><strong><em>Παῖς</em></strong></span> <span class='ocrx_word' id='word_1_327' title='bbox 2212 3403 2345 3491; x_wconf 83' lang='grc' dir='ltr'><strong><em>γὰρ</em></strong></span> 
     </span>
    </p>
   </div>
  </div>
 </body>
</html>
