2602 3928
872 251 1450 310 ΠΟΛΙΤΕΙΑΣ
1484 247 1558 326 β’.
2134 250 2216 312 49

204 417 404 497 ἔργον
422 406 586 477 αὐτὸ
609 407 776 477 εἶναι
792 435 805 448 ·
851 422 1154 476 σκοπεῖτε
1177 400 1321 476 οὖν.
1370 407 1727 476 ’Ἐσκεπται
1741 461 1759 494 ,
1802 416 1931 497 ἔφη
1954 409 1989 479 ὁ
2013 409 2218 479 Ἀδει-

205 532 448 596 μαντος
465 532 480 547 ·
522 503 689 574 ἀλλὰ
713 502 801 592 μὴ
825 503 1040 583 ἄλλως
1062 511 1249 573 ποίει.

374 609 476 673 xl.
518 610 825 689 Γίγνεται
855 611 1117 688 τοίνυν,
1161 593 1248 688 ἦν
1266 602 1332 669 δ’
1368 603 1526 689 ἐγώ,
1573 604 1795 690 πόλις,
1833 603 1923 685 ὡς
1944 598 2214 695 ἐγῷμαι,

205 702 429 790 ἐπειδὴ
460 702 772 789 τυγχάνει
786 697 983 787 ,ἡμῶν
1004 703 1277 778 ἕκαστος
1298 697 1424 768 οὐκ
1447 698 1811 789 αὐτάρκης,
1858 699 2024 770 ἀλλά
2048 710 2216 770 πολ-

207 809 349 871 λῶν
370 801 598 887 ἐνδεής
613 826 629 839 ·
671 794 719 886 ἦ
739 796 873 866 τίν’
898 808 1022 867 οίει
1042 795 1254 883 ἀρχὴν
1273 796 1485 884 ἄλλην
1506 800 1704 867 πόλιν
1724 805 2025 882 οίκίζεινς
2072 796 2215 867 Οὐ-

210 904 475 985 δεμίαν,
499 891 545 985 ἦ
568 896 632 966 δ’
657 895 751 977 ὅς.
820 894 1017 965 Οὕτω
1041 893 1123 981 δὴ
1148 893 1278 982 ἄρα
1301 898 1847 984 παραλαμβάνων
1867 896 2067 976 ἄλλος
2089 895 2213 965 άλ-
2256 904 2294 956 G

205 1006 331 1065 λον
353 994 457 1065 ἐπ’
484 995 714 1081 ἄλλον,
739 992 860 1062 τόν
881 991 944 1061 δ’
975 992 1078 1061 ἐπ’
1110 992 1320 1062 ἄλλου
1342 1001 1558 1083 χρείᾳ,
1595 1003 1862 1089 πολλῶν
1886 996 2212 1083 δεόμενοι,

206 1091 498 1172 πολλοὺς
540 1099 631 1171 εἰς
675 1097 834 1178 μίαν
878 1101 1141 1177 οῖκησιν
1184 1092 1563 1178 ἀγείραντες
1596 1095 1967 1174 κοινωνούς
2002 1119 2073 1161 τε
2105 1095 2216 1161 καὶ

203 1190 523 1281 βοηθούς,
544 1189 754 1278 ταύτῃ
773 1196 857 1276 τῇ
877 1193 1175 1280 ξυνοικία
1200 1192 1494 1275 ἐθέμεθα
1513 1191 1709 1259 πόλιν
1730 1189 1960 1277 ὄνομα.
1985 1183 2029 1278 ἦ
2049 1191 2213 1278 γάρ;

205 1291 407 1358 Πάνυ
428 1289 551 1376 μὲν
572 1281 719 1357 οὖν.
765 1291 1193 1356 Μεταδίδωσι
1215 1285 1296 1374 δὴ
1321 1286 1520 1368 ἄλλος
1542 1286 1722 1378 ἄλλω
1736 1340 1755 1376 ,
1782 1299 1844 1358 εῖ
1858 1316 1922 1357 τι
1947 1294 2215 1375 μεταδί-

207 1392 445 1474 δωσιν,
502 1381 549 1474 ἦ
587 1387 1074 1474 μεταλαμβάνει
1119 1386 1423 1472 οἰόμενος
1475 1384 1660 1477 αὐτῷ
1701 1387 1979 1473 ἄμεινον
2022 1387 2208 1457 εἶναι.

207 1486 406 1555 Πάνυ
434 1512 530 1572 γε.
572 1483 711 1554 Ἴθι
745 1485 860 1571 δή,
882 1477 972 1570 ἦν
994 1481 1058 1551 δ’
1083 1483 1215 1569 ἐγώ
1229 1534 1248 1570 ,
1292 1492 1387 1570 τῷ
1409 1483 1586 1574 λόγῳ
1610 1487 1674 1565 ἐξ
1697 1482 1900 1572 ἀρχῆς
1922 1493 2214 1571 ποιοῖμεν

208 1583 422 1652 πόλιν.
448 1583 706 1669 ποιήσει
729 1583 799 1651 δὲ
820 1578 1053 1668 αὐτήν,
1085 1579 1178 1661 ὥς
1200 1587 1437 1668 ἔοικεν,
1459 1578 1502 1668 ἡ
1523 1580 1807 1669 ἡμετέρα
1828 1591 2028 1670 χρεία.
2056 1590 2213 1662 Παῖς

209 1680 276 1749 δ’
316 1680 428 1761 οὕς
465 1678 655 1749 Ἀλλά
691 1678 823 1767 μὴν
846 1680 1072 1765 πρώτη
1095 1705 1171 1765 γε
1191 1684 1746 1767 καὶ-μεγίστητῶν
1766 1689 2008 1767 χρειῶν
2032 1680 2074 1768 ἡ
2098 1692 2213 1768 τῆς
2251 1693 2292 1743 D

209 1787 461 1865 τροφῆς
493 1775 874 1865 παρασκευὴ
910 1785 1035 1845 τοῦ
1068 1776 1243 1846 εἶναί
1269 1802 1340 1844 τε
1374 1779 1482 1845 καὶ
1514 1783 1631 1866 ζῇν
1666 1780 1877 1845 ἕνεκα.
1940 1779 2212 1849 Παντά-

206 1884 379 1946 πασί
406 1903 500 1963 γε.
556 1881 855 1962 Δευτέρα
877 1876 959 1964 δὴ
982 1876 1318 1962 οἰκήσεως,
1341 1883 1523 1963 τρίτη
1547 1876 1620 1946 δὲ
1641 1880 1923 1962 ἐσθῆτος
1944 1879 2213 1946 καὶτῶν

204 1977 545 2069 τοιούτων.
593 1976 776 2046 ’Ἐστι
794 1983 1018 2044 ταῦτα.
1088 1980 1256 2060 Φέρε
1278 1976 1395 2063 δή,
1417 1968 1503 2063 ἦν
1526 1974 1591 2044 δ’
1617 1976 1776 2062 ἐγώ,
1800 1975 2001 2066 πῶςὴ
2026 1978 2214 2057 πόλις

203 2072 468 2158 ἀρκέσει
499 2076 604 2144 ἐπὶ
638 2073 970 2160 τοσαύτην
1003 2073 1464 2159 παρασκευήν;
1511 2073 1672 2142 ἄλλο
1692 2099 1755 2140 τι
1773 2073 2069 2161 γεωργὸς
2090 2078 2212 2161 μὲν

204 2168 331 2260 εἷς,
379 2170 415 2241 ὁ
438 2176 510 2241 δὲ
531 2172 916 2257 οἰκοδόμος,
959 2170 1158 2250 ἄλλος
1181 2176 1260 2246 δέ
1274 2198 1373 2250 τις
1394 2170 1726 2257 ὑφάντηςς
1770 2166 1814 2257 ἢ
1836 2172 1945 2239 καὶ
1968 2195 2210 2241 σκυτο-

205 2272 415 2358 τόμον
438 2268 677 2339 αὐτόσε
698 2270 1176 2356 προσθήσομεν
1196 2268 1242 2355 ἤ
1262 2268 1393 2336 τιν’
1418 2270 1625 2338 ἄλλον
1645 2277 1781 2335 τῶν
1803 2271 1952 2352 περὶ
1974 2270 2049 2338 τὸ
2075 2279 2209 2338 σιδ-

206 2399 298 2460 μα
331 2369 790 2457 θεραπευτήνς
827 2371 1028 2437 Πάνυ
1049 2394 1141 2455 γε.
1206 2377 1333 2456 Είη
1358 2368 1423 2437 δ’
1449 2367 1535 2438 ἀν
1554 2370 1601 2458 ἥ
1620 2397 1694 2457 γε
1725 2371 2210 2459 ἀναγκαιοτάτη

208 2470 394 2549 πόλις
437 2471 509 2537 ἐκ
551 2467 884 2554 τεττάρων
921 2462 968 2553 ἦ
1011 2471 1203 2534 πέντε
1251 2465 1537 2558 ἀνδροῖν.
1603 2476 1932 2539 Φαίνεται.
2004 2477 2088 2537 Τί
2124 2468 2205 2555 δὴ
2243 2482 2282 2532 E

208 2559 371 2648 οὖν;
414 2568 533 2635 ἕνα
566 2568 849 2635 ἕκαστον
880 2566 1140 2633 τούτων
1161 2564 1353 2633 δεῖτὸ
1380 2564 1590 2634 αὑτοῦ
1613 2572 1813 2653 ἔργον
1837 2566 2043 2636 ἅπασι
2064 2594 2209 2636 κοι-

204 2662 334 2733 νόν
355 2666 803 2750 κατατιθέναι,
826 2657 973 2731 οἷον
991 2663 1113 2731 τὸν
1132 2661 1435 2750 γεωργὸν
1456 2665 1576 2732 ἕνα
1597 2662 1759 2733 ὄντα
1783 2667 2209 2750 παρασκευά-

204 2769 339 2843 ζειν
361 2768 532 2830 σιτία
554 2763 851 2850 τέτταρσι
873 2762 983 2829 καὶ
1001 2760 1483 2848 τετραπλάσιον
1504 2761 1751 2849 χρόνον
1772 2789 1843 2831 τε
1866 2765 1974 2831 καὶ
1997 2764 2212 2832 πόνον

204 2858 587 2927 ἀναλίσκειν
619 2860 722 2926 ἐπὶ
756 2864 942 2926 σίτου
963 2866 1382 2946 παρασκευῇ,
1427 2860 1536 2926 καὶ
1573 2858 1796 2939 ἄλλοις
1829 2876 2209 2944 κοινωνεῖν;

204 2952 249 3042 ἢ
274 2953 691 3042 ἀμελήσαντα
740 2957 953 3046 ἑαυτῷ
987 2958 1201 3042 μόνον
1236 2960 1551 3044 τέταρτον
1580 2960 1779 3043 μέρος
1813 2972 2027 3026 ποιεῖν
2048 2960 2207 3028 τού-

206 3079 330 3122 του
349 3060 473 3124 τοῦ
492 3059 680 3121 σίτου
701 3056 776 3122 ἐν
796 3054 1081 3144 τετάρτῳ
1105 3057 1286 3142 με’ρει
1307 3061 1431 3122 τοῦ
1452 3055 1722 3141 χρόνον,
1744 3051 1825 3121 τὰ
1849 3057 1922 3122 δὲ
1943 3065 2111 3142 τρία,
2137 3056 2210 3125 τό
2244 3076 2348 3132 370

204 3149 328 3238 μὲν
362 3150 469 3218 ἐπὶ
499 3157 578 3238 τῇ
610 3157 725 3237 τῆς
757 3156 966 3230 οἰκίας
1000 3159 1388 3241 παρασκευῇ
1411 3156 1802 3239 διατρίβειν,
1848 3149 1922 3219 τὰ
1961 3157 2034 3220 δὲ
2057 3157 2211 3239 ίμα-

204 3255 382 3336 τίου,
431 3245 506 3316 τὸ
551 3248 623 3317 δὲ
665 3246 1143 3336 ὑποδημάτων,
1199 3252 1310 3317 καὶ
1352 3250 1439 3336 μὴ
1485 3249 1711 3329 ἄλλοις
1752 3258 2209 3319 κοινωνοῦντα

204 3345 559 3432 πράγματα
594 3351 797 3432 ἔχειν,
842 3344 990 3415 ἀλλ’
1027 3345 1235 3415 αὐτὸν
1270 3345 1362 3416 δι’
1399 3346 1605 3416 αὑτὸν
1637 3348 1718 3417 τά
1752 3346 1965 3416 αὑτοῦ
1998 3351 2209 3433 πράτ-

203 3445 527 3593 τεινςΡκαὶ
577 3441 1064 3594 ὁΝἌδείμαντος
1109 3452 1236 3534 ἔφη
1278 3444 1449 3516 Ἀλλ’
1501 3458 1690 3532 ἴσως,
1735 3439 1792 3515 ὦ
1832 3445 2207 3534 Σώκρατες,

414 3555 555 3594 zuo
675 3580 689 3595 .
1845 3547 1879 3599 4
