<?xml version="1.0" encoding="UTF-8"?>
<!DOCTYPE html PUBLIC "-//W3C//DTD XHTML 1.0 Transitional//EN"
    "http://www.w3.org/TR/xhtml1/DTD/xhtml1-transitional.dtd">
<html xmlns="http://www.w3.org/1999/xhtml" xml:lang="en" lang="en">
 <head>
  <title>
</title>
<meta http-equiv="Content-Type" content="text/html;charset=utf-8" />
  <meta name='ocr-system' content='tesseract 3.04.00' />
  <meta name='ocr-capabilities' content='ocr_page ocr_carea ocr_par ocr_line ocrx_word'/>
</head>
<body>
  <div class='ocr_page' id='page_1' title='image "./dialogisecundum07platgoog_0338.png"; bbox 0 0 2602 3928; ppageno 0'>
   <div class='ocr_carea' id='block_1_1' title="bbox 376 205 1676 269">
    <p class='ocr_par' dir='ltr' id='par_1_1' title="bbox 376 205 1676 269">
     <span class='ocr_line' id='line_1_1' title="bbox 376 205 1676 269; baseline -0.001 0"><span class='ocrx_word' id='word_1_1' title='bbox 376 205 501 269; x_wconf 77' lang='lat'><strong><em>302</em></strong></span> <span class='ocrx_word' id='word_1_2' title='bbox 1109 210 1317 267; x_wconf 85' lang='grc' dir='ltr'><strong><em>ΠΛΛ</em></strong></span> <span class='ocrx_word' id='word_1_3' title='bbox 1336 209 1676 268; x_wconf 77' lang='grc' dir='ltr'><em>ΤΩΝΟΣ</em></span> 
     </span>
    </p>
   </div>
   <div class='ocr_carea' id='block_1_2' title="bbox 222 360 2393 3478">
    <p class='ocr_par' dir='ltr' id='par_1_2' title="bbox 374 360 2393 843">
     <span class='ocr_line' id='line_1_2' title="bbox 377 360 2393 457; baseline 0.003 -24"><span class='ocrx_word' id='word_1_4' title='bbox 377 366 630 445; x_wconf 88' lang='grc' dir='ltr'><strong><em>πόλεως</em></strong></span> <span class='ocrx_word' id='word_1_5' title='bbox 653 365 1136 452; x_wconf 69' lang='grc' dir='ltr'><strong><em>ἀπεστέλλομεν</em></strong></span> <span class='ocrx_word' id='word_1_6' title='bbox 1154 365 1472 452; x_wconf 77' lang='grc' dir='ltr'><strong><em>τοιαύτην</em></strong></span> <span class='ocrx_word' id='word_1_7' title='bbox 1495 360 1710 436; x_wconf 80' lang='grc' dir='ltr'><strong><em>οὖσαν</em></strong></span> <span class='ocrx_word' id='word_1_8' title='bbox 1726 392 1739 408; x_wconf 91' lang='grc'><em>·</em></span> <span class='ocrx_word' id='word_1_9' title='bbox 1784 366 1819 435; x_wconf 85' lang='grc' dir='ltr'>ὀ</span> <span class='ocrx_word' id='word_1_10' title='bbox 1842 367 1972 454; x_wconf 75' lang='grc' dir='ltr'><strong><em>γὰρ</em></strong></span> <span class='ocrx_word' id='word_1_11' title='bbox 1997 371 2195 457; x_wconf 89' lang='grc' dir='ltr'><strong><em>λόγος</em></strong></span> <span class='ocrx_word' id='word_1_12' title='bbox 2212 368 2393 457; x_wconf 80' lang='grc' dir='ltr'><strong><em>ἡμᾶς</em></strong></span> 
     </span>
     <span class='ocr_line' id='line_1_3' title="bbox 375 459 2388 555; baseline 0.002 -24"><span class='ocrx_word' id='word_1_13' title='bbox 375 462 539 552; x_wconf 76' lang='grc' dir='ltr'><strong><em>ᾔρει.</em></strong></span> <span class='ocrx_word' id='word_1_14' title='bbox 605 470 1064 550; x_wconf 79' lang='grc' dir='ltr'><strong><em>προσείπωμεν</em></strong></span> <span class='ocrx_word' id='word_1_15' title='bbox 1117 463 1189 533; x_wconf 72' lang='grc' dir='ltr'><strong><em>δὲ</em></strong></span> <span class='ocrx_word' id='word_1_16' title='bbox 1238 459 1445 550; x_wconf 74' lang='grc' dir='ltr'><strong><em>αὐτῇ,</em></strong></span> <span class='ocrx_word' id='word_1_17' title='bbox 1490 464 1578 551; x_wconf 74' lang='grc' dir='ltr'><strong><em>μὴ</em></strong></span> <span class='ocrx_word' id='word_1_18' title='bbox 1626 472 1741 533; x_wconf 85' lang='grc' dir='ltr'><strong><em>καί</em></strong></span> <span class='ocrx_word' id='word_1_19' title='bbox 1778 493 1929 535; x_wconf 88' lang='grc' dir='ltr'><strong><em>τινα</em></strong></span> <span class='ocrx_word' id='word_1_20' title='bbox 1973 468 2388 555; x_wconf 87' lang='grc' dir='ltr'><strong><em>σκληρότητα</em></strong></span> 
     </span>
     <span class='ocr_line' id='line_1_4' title="bbox 374 558 2388 650; baseline 0.001 -22"><span class='ocrx_word' id='word_1_21' title='bbox 374 558 567 648; x_wconf 82' lang='grc' dir='ltr'><strong><em>ἡμῶν</em></strong></span> <span class='ocrx_word' id='word_1_22' title='bbox 586 563 697 628; x_wconf 82' lang='grc' dir='ltr'><strong><em>καὶ</em></strong></span> <span class='ocrx_word' id='word_1_23' title='bbox 717 558 1065 645; x_wconf 69' lang='grc' dir='ltr'><strong><em>ἀγροικίαν</em></strong></span> <span class='ocrx_word' id='word_1_24' title='bbox 1086 568 1415 648; x_wconf 75' lang='grc' dir='ltr'><strong><em>καταγνῷ,</em></strong></span> <span class='ocrx_word' id='word_1_25' title='bbox 1442 560 1543 628; x_wconf 81' lang='grc' dir='ltr'><strong><em>ὅτι</em></strong></span> <span class='ocrx_word' id='word_1_26' title='bbox 1562 561 1807 630; x_wconf 72' lang='grc' dir='ltr'><strong><em>παλαιοὶ</em></strong></span> <span class='ocrx_word' id='word_1_27' title='bbox 1828 568 1952 650; x_wconf 82' lang='grc' dir='ltr'><strong><em>μέν</em></strong></span> <span class='ocrx_word' id='word_1_28' title='bbox 1974 591 2072 643; x_wconf 90' lang='grc' dir='ltr'><strong><em>τις</em></strong></span> <span class='ocrx_word' id='word_1_29' title='bbox 2094 563 2388 650; x_wconf 71' lang='grc' dir='ltr'><strong><em>διαφορὰ</em></strong></span> 
     </span>
     <span class='ocr_line' id='line_1_5' title="bbox 376 656 2388 747; baseline 0.003 -23"><span class='ocrx_word' id='word_1_30' title='bbox 376 663 740 745; x_wconf 77' lang='grc' dir='ltr'><strong><em>φιλοσοφίᾳ</em></strong></span> <span class='ocrx_word' id='word_1_31' title='bbox 763 681 834 724; x_wconf 90' lang='grc' dir='ltr'><strong><em>τε</em></strong></span> <span class='ocrx_word' id='word_1_32' title='bbox 856 657 966 725; x_wconf 87' lang='grc' dir='ltr'><strong><em>καὶ</em></strong></span> <span class='ocrx_word' id='word_1_33' title='bbox 988 665 1296 744; x_wconf 82' lang='grc' dir='ltr'><strong><em>ποιητικῇ</em></strong></span> <span class='ocrx_word' id='word_1_34' title='bbox 1311 683 1325 697; x_wconf 90' lang='grc'><em>·</em></span> <span class='ocrx_word' id='word_1_35' title='bbox 1365 657 1623 743; x_wconf 73' lang='grc' dir='ltr'><strong><em>καὶγὰρ</em></strong></span> <span class='ocrx_word' id='word_1_36' title='bbox 1645 656 1687 744; x_wconf 81' lang='grc' dir='ltr'><em>ἡ</em></span> <span class='ocrx_word' id='word_1_37' title='bbox 1711 666 2036 746; x_wconf 79' lang='grc' dir='ltr'><strong><em>λακέρυζα</em></strong></span> <span class='ocrx_word' id='word_1_38' title='bbox 2072 659 2240 747; x_wconf 84' lang='grc' dir='ltr'><strong><em>πρὸς</em></strong></span> <span class='ocrx_word' id='word_1_39' title='bbox 2275 666 2388 729; x_wconf 88' lang='grc' dir='ltr'><strong><em>δε-</em></strong></span> 
     </span>
     <span class='ocr_line' id='line_1_6' title="bbox 376 753 2389 843; baseline 0.002 -21"><span class='ocrx_word' id='word_1_40' title='bbox 376 753 630 823; x_wconf 87' lang='grc' dir='ltr'><strong><em>σπόταν</em></strong></span> <span class='ocrx_word' id='word_1_41' title='bbox 651 755 837 822; x_wconf 88' lang='grc' dir='ltr'><strong><em>κύων</em></strong></span> <span class='ocrx_word' id='word_1_42' title='bbox 859 757 1075 839; x_wconf 81' lang='grc' dir='ltr'><strong><em>ἐκείνη</em></strong></span> <span class='ocrx_word' id='word_1_43' title='bbox 1096 755 1584 839; x_wconf 73' lang='grc' dir='ltr'><strong><em>κραυγάζουσα,</em></strong></span> <span class='ocrx_word' id='word_1_44' title='bbox 1607 758 1718 823; x_wconf 79' lang='grc' dir='ltr'><strong><em>καὶ</em></strong></span> <span class='ocrx_word' id='word_1_45' title='bbox 1739 761 1940 843; x_wconf 82' lang='grc' dir='ltr'><strong><em>μέγας</em></strong></span> <span class='ocrx_word' id='word_1_46' title='bbox 1967 761 2041 825; x_wconf 79' lang='grc' dir='ltr'><strong><em>ἐν</em></strong></span> <span class='ocrx_word' id='word_1_47' title='bbox 2060 755 2389 843; x_wconf 78' lang='grc' dir='ltr'><strong><em>ἀφρόνων</em></strong></span> 
     </span>
    </p>

    <p class='ocr_par' dir='ltr' id='par_1_3' title="bbox 296 846 2389 2401">
     <span class='ocr_line' id='line_1_7' title="bbox 296 846 2389 939; baseline 0.001 -19"><span class='ocrx_word' id='word_1_48' title='bbox 296 879 334 929; x_wconf 83' lang='lat' dir='ltr'>c</span> <span class='ocrx_word' id='word_1_49' title='bbox 376 858 880 936; x_wconf 80' lang='grc' dir='ltr'><strong><em>κενεαγορίαισι,</em></strong></span> <span class='ocrx_word' id='word_1_50' title='bbox 907 846 1073 918; x_wconf 83' lang='grc' dir='ltr'><strong><em>καὶὸ</em></strong></span> <span class='ocrx_word' id='word_1_51' title='bbox 1099 858 1235 918; x_wconf 88' lang='grc' dir='ltr'><strong><em>τῶν</em></strong></span> <span class='ocrx_word' id='word_1_52' title='bbox 1258 852 1605 935; x_wconf 79' lang='grc' dir='ltr'><strong><em>διασόφων</em></strong></span> <span class='ocrx_word' id='word_1_53' title='bbox 1626 851 1819 937; x_wconf 81' lang='grc' dir='ltr'><strong><em>ὄχλος</em></strong></span> <span class='ocrx_word' id='word_1_54' title='bbox 1852 859 2137 939; x_wconf 86' lang='grc' dir='ltr'><strong><em>κρατῶν,</em></strong></span> <span class='ocrx_word' id='word_1_55' title='bbox 2172 855 2283 922; x_wconf 88' lang='grc' dir='ltr'><strong><em>καὶ</em></strong></span> <span class='ocrx_word' id='word_1_56' title='bbox 2320 859 2389 922; x_wconf 80' lang='grc' dir='ltr'><strong><em>οἰ</em></strong></span> 
     </span>
     <span class='ocr_line' id='line_1_8' title="bbox 373 945 2382 1036; baseline 0.001 -21"><span class='ocrx_word' id='word_1_57' title='bbox 373 956 624 1026; x_wconf 88' lang='grc' dir='ltr'><strong><em>λεπτῶς</em></strong></span> <span class='ocrx_word' id='word_1_58' title='bbox 658 953 1102 1033; x_wconf 77' lang='grc' dir='ltr'><strong><em>μεριμνῶντες</em></strong></span> <span class='ocrx_word' id='word_1_59' title='bbox 1135 945 1239 1014; x_wconf 79' lang='grc' dir='ltr'><strong><em>ὅτι</em></strong></span> <span class='ocrx_word' id='word_1_60' title='bbox 1270 946 1402 1032; x_wconf 75' lang='grc' dir='ltr'><strong><em>ἄρα</em></strong></span> <span class='ocrx_word' id='word_1_61' title='bbox 1435 949 1769 1035; x_wconf 79' lang='grc' dir='ltr'><strong><em>πένονται,</em></strong></span> <span class='ocrx_word' id='word_1_62' title='bbox 1813 951 1921 1017; x_wconf 87' lang='grc' dir='ltr'><strong><em>καὶ</em></strong></span> <span class='ocrx_word' id='word_1_63' title='bbox 1965 949 2133 1018; x_wconf 74' lang='grc' dir='ltr'><strong><em>ἄλλα</em></strong></span> <span class='ocrx_word' id='word_1_64' title='bbox 2176 958 2382 1036; x_wconf 85' lang='grc' dir='ltr'><strong><em>μυρία</em></strong></span> 
     </span>
     <span class='ocr_line' id='line_1_9' title="bbox 374 1042 2379 1135; baseline 0.002 -23"><span class='ocrx_word' id='word_1_65' title='bbox 374 1057 607 1131; x_wconf 83' lang='grc' dir='ltr'><strong><em>σημεῖα</em></strong></span> <span class='ocrx_word' id='word_1_66' title='bbox 640 1051 921 1122; x_wconf 77' lang='grc' dir='ltr'><strong><em>παλαιοῖς</em></strong></span> <span class='ocrx_word' id='word_1_67' title='bbox 952 1042 1402 1123; x_wconf 71' lang='grc' dir='ltr'><strong><em>ἐναντιώσεως</em></strong></span> <span class='ocrx_word' id='word_1_68' title='bbox 1432 1044 1707 1113; x_wconf 87' lang='grc' dir='ltr'><strong><em>τούτων.</em></strong></span> <span class='ocrx_word' id='word_1_69' title='bbox 1762 1045 1940 1133; x_wconf 81' lang='grc' dir='ltr'><strong><em>ὅμως</em></strong></span> <span class='ocrx_word' id='word_1_70' title='bbox 1966 1047 2038 1115; x_wconf 71' lang='grc' dir='ltr'><strong><em>δὲ</em></strong></span> <span class='ocrx_word' id='word_1_71' title='bbox 2066 1049 2379 1135; x_wconf 81' lang='grc' dir='ltr'><strong><em>εἰρήσθω,</em></strong></span> 
     </span>
     <span class='ocr_line' id='line_1_10' title="bbox 374 1140 2386 1233; baseline 0.002 -24"><span class='ocrx_word' id='word_1_72' title='bbox 374 1141 477 1209; x_wconf 82' lang='grc' dir='ltr'><strong><em>ὅτι</em></strong></span> <span class='ocrx_word' id='word_1_73' title='bbox 498 1141 682 1228; x_wconf 80' lang='grc' dir='ltr'><strong><em>ἡμεῖς</em></strong></span> <span class='ocrx_word' id='word_1_74' title='bbox 702 1167 799 1229; x_wconf 87' lang='grc' dir='ltr'><strong><em>γε,</em></strong></span> <span class='ocrx_word' id='word_1_75' title='bbox 824 1151 891 1210; x_wconf 72' lang='grc' dir='ltr'><strong><em>εἴ</em></strong></span> <span class='ocrx_word' id='word_1_76' title='bbox 901 1167 1049 1209; x_wconf 88' lang='grc' dir='ltr'><strong><em>τινα</em></strong></span> <span class='ocrx_word' id='word_1_77' title='bbox 1070 1145 1206 1225; x_wconf 83' lang='grc' dir='ltr'><strong><em>ἔχοι</em></strong></span> <span class='ocrx_word' id='word_1_78' title='bbox 1223 1140 1429 1226; x_wconf 90' lang='grc' dir='ltr'><strong><em>λόγον</em></strong></span> <span class='ocrx_word' id='word_1_79' title='bbox 1451 1140 1710 1230; x_wconf 80' lang='grc' dir='ltr'><strong><em>εἰπεῖνὴ</em></strong></span> <span class='ocrx_word' id='word_1_80' title='bbox 1733 1146 1899 1230; x_wconf 81' lang='grc' dir='ltr'><strong><em>πρὸς</em></strong></span> <span class='ocrx_word' id='word_1_81' title='bbox 1916 1141 2169 1231; x_wconf 79' lang='grc' dir='ltr'><strong><em>ἡδονὴν</em></strong></span> <span class='ocrx_word' id='word_1_82' title='bbox 2190 1170 2386 1233; x_wconf 87' lang='grc' dir='ltr'><strong><em>ποιη-</em></strong></span> 
     </span>
     <span class='ocr_line' id='line_1_11' title="bbox 377 1235 2385 1330; baseline 0.003 -24"><span class='ocrx_word' id='word_1_83' title='bbox 377 1239 524 1324; x_wconf 82' lang='grc' dir='ltr'><strong><em>τικὴ</em></strong></span> <span class='ocrx_word' id='word_1_84' title='bbox 555 1236 725 1324; x_wconf 85' lang='grc' dir='ltr'><strong><em>καὶὴ</em></strong></span> <span class='ocrx_word' id='word_1_85' title='bbox 747 1244 1033 1324; x_wconf 85' lang='grc' dir='ltr'><strong><em>μίμησις,</em></strong></span> <span class='ocrx_word' id='word_1_86' title='bbox 1060 1235 1150 1317; x_wconf 79' lang='grc' dir='ltr'><strong><em>ῶς</em></strong></span> <span class='ocrx_word' id='word_1_87' title='bbox 1168 1237 1291 1325; x_wconf 85' lang='grc' dir='ltr'><strong><em>χρὴ</em></strong></span> <span class='ocrx_word' id='word_1_88' title='bbox 1315 1236 1526 1326; x_wconf 82' lang='grc' dir='ltr'><strong><em>αὐτὴν</em></strong></span> <span class='ocrx_word' id='word_1_89' title='bbox 1547 1239 1717 1308; x_wconf 78' lang='grc' dir='ltr'><strong><em>εἶναι</em></strong></span> <span class='ocrx_word' id='word_1_90' title='bbox 1737 1244 1812 1309; x_wconf 82' lang='grc' dir='ltr'><strong><em>ἐν</em></strong></span> <span class='ocrx_word' id='word_1_91' title='bbox 1833 1242 2025 1309; x_wconf 88' lang='grc' dir='ltr'><strong><em>πόλει</em></strong></span> <span class='ocrx_word' id='word_1_92' title='bbox 2050 1240 2385 1330; x_wconf 50' lang='grc' dir='ltr'><strong><em>εύνομουη-</em></strong></span> 
     </span>
     <span class='ocr_line' id='line_1_12' title="bbox 373 1331 2387 1427; baseline 0.003 -24"><span class='ocrx_word' id='word_1_93' title='bbox 373 1343 564 1425; x_wconf 71' lang='grc' dir='ltr'><strong><em>μένῃ,</em></strong></span> <span class='ocrx_word' id='word_1_94' title='bbox 598 1335 874 1422; x_wconf 77' lang='grc' dir='ltr'><strong><em>ἅσμενοι</em></strong></span> <span class='ocrx_word' id='word_1_95' title='bbox 903 1331 992 1403; x_wconf 71' lang='grc' dir='ltr'><strong><em>ἂν</em></strong></span> <span class='ocrx_word' id='word_1_96' title='bbox 1033 1340 1592 1422; x_wconf 74' lang='grc' dir='ltr'><strong><em>καταδεχοίμεθα·</em></strong></span> <span class='ocrx_word' id='word_1_97' title='bbox 1632 1334 1722 1418; x_wconf 87' lang='grc' dir='ltr'><strong><em>ῶς</em></strong></span> <span class='ocrx_word' id='word_1_98' title='bbox 1757 1339 2072 1426; x_wconf 78' lang='grc' dir='ltr'><strong><em>ξύνισμέν</em></strong></span> <span class='ocrx_word' id='word_1_99' title='bbox 2113 1367 2189 1425; x_wconf 92' lang='grc' dir='ltr'><strong><em>γε</em></strong></span> <span class='ocrx_word' id='word_1_100' title='bbox 2227 1338 2387 1427; x_wconf 79' lang='grc' dir='ltr'><strong><em>ἡμῖν</em></strong></span> 
     </span>
     <span class='ocr_line' id='line_1_13' title="bbox 372 1429 2380 1526; baseline 0.003 -26"><span class='ocrx_word' id='word_1_101' title='bbox 372 1429 596 1514; x_wconf 82' lang='grc' dir='ltr'><strong><em>αὐτοῖς</em></strong></span> <span class='ocrx_word' id='word_1_102' title='bbox 618 1435 1053 1519; x_wconf 79' lang='grc' dir='ltr'><strong><em>κηλουμένοις</em></strong></span> <span class='ocrx_word' id='word_1_103' title='bbox 1075 1430 1195 1501; x_wconf 82' lang='grc' dir='ltr'><strong><em>ὑπ’</em></strong></span> <span class='ocrx_word' id='word_1_104' title='bbox 1218 1431 1422 1520; x_wconf 81' lang='grc' dir='ltr'><strong><em>αὐτῆς</em></strong></span> <span class='ocrx_word' id='word_1_105' title='bbox 1437 1460 1452 1475; x_wconf 91' lang='grc'><em>·</em></span> <span class='ocrx_word' id='word_1_106' title='bbox 1494 1432 1662 1502; x_wconf 80' lang='grc' dir='ltr'><strong><em>α’λλοὶ</em></strong></span> <span class='ocrx_word' id='word_1_107' title='bbox 1684 1433 1813 1521; x_wconf 77' lang='grc' dir='ltr'><strong><em>γὰρ</em></strong></span> <span class='ocrx_word' id='word_1_108' title='bbox 1848 1436 1920 1503; x_wconf 87' lang='grc' dir='ltr'>τὸ</span> <span class='ocrx_word' id='word_1_109' title='bbox 1948 1441 2199 1505; x_wconf 78' lang='grc' dir='ltr'><strong><em>δοκοῦν</em></strong></span> <span class='ocrx_word' id='word_1_110' title='bbox 2219 1439 2380 1526; x_wconf 79' lang='grc' dir='ltr'><strong><em>ἄλη-</em></strong></span> 
     </span>
     <span class='ocr_line' id='line_1_14' title="bbox 371 1523 2383 1621; baseline 0.002 -23"><span class='ocrx_word' id='word_1_111' title='bbox 371 1529 490 1609; x_wconf 70' lang='grc' dir='ltr'><strong><em>θὲς</em></strong></span> <span class='ocrx_word' id='word_1_112' title='bbox 514 1527 634 1615; x_wconf 79' lang='grc' dir='ltr'><strong><em>οὐχ</em></strong></span> <span class='ocrx_word' id='word_1_113' title='bbox 681 1527 870 1597; x_wconf 81' lang='grc' dir='ltr'><strong><em>ὅσιον</em></strong></span> <span class='ocrx_word' id='word_1_114' title='bbox 899 1530 1311 1614; x_wconf 83' lang='grc' dir='ltr'><strong><em>προδιδόναι.</em></strong></span> <span class='ocrx_word' id='word_1_115' title='bbox 1355 1523 1402 1616; x_wconf 79' lang='grc' dir='ltr'><em>ἦ</em></span> <span class='ocrx_word' id='word_1_116' title='bbox 1439 1532 1592 1617; x_wconf 82' lang='grc' dir='ltr'><strong><em>γάρ,</em></strong></span> <span class='ocrx_word' id='word_1_117' title='bbox 1624 1525 1680 1600; x_wconf 81' lang='grc' dir='ltr'><strong><em>ῶ</em></strong></span> <span class='ocrx_word' id='word_1_118' title='bbox 1715 1539 1886 1620; x_wconf 84' lang='grc' dir='ltr'><strong><em>φίλε,</em></strong></span> <span class='ocrx_word' id='word_1_119' title='bbox 1930 1533 2014 1603; x_wconf 85' lang='grc' dir='ltr'><strong><em>ού</em></strong></span> <span class='ocrx_word' id='word_1_120' title='bbox 2047 1544 2238 1621; x_wconf 80' lang='grc' dir='ltr'><strong><em>κηλεῖ</em></strong></span> <span class='ocrx_word' id='word_1_121' title='bbox 2264 1533 2383 1603; x_wconf 77' lang='grc' dir='ltr'><strong><em>ὑπ’</em></strong></span> 
     </span>
     <span class='ocr_line' id='line_1_15' title="bbox 300 1625 2383 1720; baseline 0.002 -24"><span class='ocrx_word' id='word_1_122' title='bbox 300 1666 339 1713; x_wconf 90' lang='lat' dir='ltr'>D</span> <span class='ocrx_word' id='word_1_123' title='bbox 369 1625 578 1715; x_wconf 81' lang='grc' dir='ltr'><strong><em>αὐτῆς</em></strong></span> <span class='ocrx_word' id='word_1_124' title='bbox 599 1629 712 1696; x_wconf 88' lang='grc' dir='ltr'><strong><em>καὶ</em></strong></span> <span class='ocrx_word' id='word_1_125' title='bbox 734 1629 843 1714; x_wconf 91' lang='grc' dir='ltr'><strong><em>σύ,</em></strong></span> <span class='ocrx_word' id='word_1_126' title='bbox 867 1631 978 1696; x_wconf 84' lang='grc' dir='ltr'><strong><em>καὶ</em></strong></span> <span class='ocrx_word' id='word_1_127' title='bbox 999 1628 1280 1714; x_wconf 79' lang='grc' dir='ltr'><strong><em>μάλιστα</em></strong></span> <span class='ocrx_word' id='word_1_128' title='bbox 1309 1629 1472 1697; x_wconf 78' lang='grc' dir='ltr'><strong><em>ὅταν</em></strong></span> <span class='ocrx_word' id='word_1_129' title='bbox 1504 1627 1591 1697; x_wconf 92' lang='grc' dir='ltr'><strong><em>δι’</em></strong></span> <span class='ocrx_word' id='word_1_130' title='bbox 1638 1628 1930 1717; x_wconf 81' lang='grc' dir='ltr'><strong><em>Ὁμήρου</em></strong></span> <span class='ocrx_word' id='word_1_131' title='bbox 1956 1640 2223 1720; x_wconf 79' lang='grc' dir='ltr'><strong><em>θεωρῇς</em></strong></span> <span class='ocrx_word' id='word_1_132' title='bbox 2255 1631 2383 1700; x_wconf 81' lang='grc' dir='ltr'><strong><em>αύ-</em></strong></span> 
     </span>
     <span class='ocr_line' id='line_1_16' title="bbox 368 1724 2385 1815; baseline 0.004 -24"><span class='ocrx_word' id='word_1_133' title='bbox 368 1725 521 1810; x_wconf 84' lang='grc' dir='ltr'><strong><em>τήν;</em></strong></span> <span class='ocrx_word' id='word_1_134' title='bbox 562 1725 754 1793; x_wconf 92' lang='grc' dir='ltr'><strong><em>Πολύ</em></strong></span> <span class='ocrx_word' id='word_1_135' title='bbox 772 1751 866 1811; x_wconf 88' lang='grc' dir='ltr'><strong><em>γε.</em></strong></span> <span class='ocrx_word' id='word_1_136' title='bbox 919 1724 1196 1795; x_wconf 79' lang='grc' dir='ltr'><strong><em>Οὐκοῦν</em></strong></span> <span class='ocrx_word' id='word_1_137' title='bbox 1218 1730 1440 1794; x_wconf 88' lang='grc' dir='ltr'><strong><em>δικαία</em></strong></span> <span class='ocrx_word' id='word_1_138' title='bbox 1472 1729 1649 1795; x_wconf 80' lang='grc' dir='ltr'><strong><em>ἐστὶν</em></strong></span> <span class='ocrx_word' id='word_1_139' title='bbox 1676 1727 1852 1796; x_wconf 82' lang='grc' dir='ltr'><strong><em>οὕτω</em></strong></span> <span class='ocrx_word' id='word_1_140' title='bbox 1874 1731 2187 1815; x_wconf 82' lang='grc' dir='ltr'><strong><em>κατιέναι,</em></strong></span> <span class='ocrx_word' id='word_1_141' title='bbox 2214 1729 2385 1799; x_wconf 83' lang='grc' dir='ltr'><strong><em>ἀπο-</em></strong></span> 
     </span>
     <span class='ocr_line' id='line_1_17' title="bbox 368 1822 2380 1916; baseline 0.003 -27"><span class='ocrx_word' id='word_1_142' title='bbox 368 1827 781 1909; x_wconf 82' lang='grc' dir='ltr'><strong><em>λογησομένη</em></strong></span> <span class='ocrx_word' id='word_1_143' title='bbox 812 1827 885 1892; x_wconf 79' lang='grc' dir='ltr'><strong><em>ἐν</em></strong></span> <span class='ocrx_word' id='word_1_144' title='bbox 910 1828 1089 1910; x_wconf 81' lang='grc' dir='ltr'><strong><em>μέλει</em></strong></span> <span class='ocrx_word' id='word_1_145' title='bbox 1108 1822 1154 1911; x_wconf 80' lang='grc' dir='ltr'><em>ἤ</em></span> <span class='ocrx_word' id='word_1_146' title='bbox 1185 1851 1317 1892; x_wconf 85' lang='grc' dir='ltr'><strong><em>τινι</em></strong></span> <span class='ocrx_word' id='word_1_147' title='bbox 1348 1823 1528 1916; x_wconf 70' lang='grc' dir='ltr'><strong><em>ἄλλω</em></strong></span> <span class='ocrx_word' id='word_1_148' title='bbox 1560 1826 1806 1915; x_wconf 76' lang='grc' dir='ltr'><strong><em>μέτρφ;</em></strong></span> <span class='ocrx_word' id='word_1_149' title='bbox 1846 1825 2044 1895; x_wconf 73' lang='grc' dir='ltr'><strong><em>Πάνυ</em></strong></span> <span class='ocrx_word' id='word_1_150' title='bbox 2077 1829 2200 1914; x_wconf 75' lang='grc' dir='ltr'><strong><em>μὲν</em></strong></span> <span class='ocrx_word' id='word_1_151' title='bbox 2234 1822 2380 1897; x_wconf 75' lang='grc' dir='ltr'><strong><em>οὖν.</em></strong></span> 
     </span>
     <span class='ocr_line' id='line_1_18' title="bbox 367 1918 2377 2014; baseline 0.002 -25"><span class='ocrx_word' id='word_1_152' title='bbox 367 1928 617 2006; x_wconf 79' lang='grc' dir='ltr'><strong><em>Δοτμεν</em></strong></span> <span class='ocrx_word' id='word_1_153' title='bbox 642 1922 721 1989; x_wconf 82' lang='grc' dir='ltr'><strong><em>δέ</em></strong></span> <span class='ocrx_word' id='word_1_154' title='bbox 732 1926 812 2007; x_wconf 85' lang='grc' dir='ltr'><strong><em>γέ</em></strong></span> <span class='ocrx_word' id='word_1_155' title='bbox 841 1945 974 1990; x_wconf 91' lang='grc' dir='ltr'><strong><em>που</em></strong></span> <span class='ocrx_word' id='word_1_156' title='bbox 1005 1918 1092 1989; x_wconf 75' lang='grc' dir='ltr'><strong><em>ἄν</em></strong></span> <span class='ocrx_word' id='word_1_157' title='bbox 1124 1925 1237 1992; x_wconf 85' lang='grc' dir='ltr'><strong><em>καὶ</em></strong></span> <span class='ocrx_word' id='word_1_158' title='bbox 1266 1936 1400 2002; x_wconf 79' lang='grc' dir='ltr'><strong><em>τοῖς</em></strong></span> <span class='ocrx_word' id='word_1_159' title='bbox 1420 1922 1817 2008; x_wconf 79' lang='grc' dir='ltr'><strong><em>προστάταις</em></strong></span> <span class='ocrx_word' id='word_1_160' title='bbox 1853 1919 2076 2011; x_wconf 80' lang='grc' dir='ltr'><strong><em>αὐτῆς,</em></strong></span> <span class='ocrx_word' id='word_1_161' title='bbox 2115 1923 2260 1994; x_wconf 82' lang='grc' dir='ltr'><strong><em>ὅσοι</em></strong></span> <span class='ocrx_word' id='word_1_162' title='bbox 2285 1925 2377 2014; x_wconf 78' lang='grc' dir='ltr'><strong><em>μὴ</em></strong></span> 
     </span>
     <span class='ocr_line' id='line_1_19' title="bbox 368 2018 2385 2110; baseline 0.003 -25"><span class='ocrx_word' id='word_1_163' title='bbox 368 2023 710 2105; x_wconf 87' lang='grc' dir='ltr'><strong><em>ποιητικοί,</em></strong></span> <span class='ocrx_word' id='word_1_164' title='bbox 737 2022 1151 2107; x_wconf 87' lang='grc' dir='ltr'><strong><em>φιλοποιηταὶ</em></strong></span> <span class='ocrx_word' id='word_1_165' title='bbox 1172 2023 1263 2105; x_wconf 83' lang='grc' dir='ltr'><strong><em>δέ,</em></strong></span> <span class='ocrx_word' id='word_1_166' title='bbox 1295 2018 1462 2086; x_wconf 77' lang='grc' dir='ltr'><strong><em>ἄνευ</em></strong></span> <span class='ocrx_word' id='word_1_167' title='bbox 1496 2026 1742 2106; x_wconf 87' lang='grc' dir='ltr'><strong><em>με’τρου</em></strong></span> <span class='ocrx_word' id='word_1_168' title='bbox 1762 2019 1967 2106; x_wconf 87' lang='grc' dir='ltr'><strong><em>λόγον</em></strong></span> <span class='ocrx_word' id='word_1_169' title='bbox 1989 2018 2155 2108; x_wconf 79' lang='grc' dir='ltr'><strong><em>ὑπὲρ</em></strong></span> <span class='ocrx_word' id='word_1_170' title='bbox 2179 2024 2385 2110; x_wconf 79' lang='grc' dir='ltr'><strong><em>αὐτῆς</em></strong></span> 
     </span>
     <span class='ocr_line' id='line_1_20' title="bbox 370 2113 2378 2205; baseline 0.003 -23"><span class='ocrx_word' id='word_1_171' title='bbox 370 2120 595 2201; x_wconf 79' lang='grc' dir='ltr'><strong><em>εἰπεῖν,</em></strong></span> <span class='ocrx_word' id='word_1_172' title='bbox 623 2113 709 2193; x_wconf 76' lang='grc' dir='ltr'><strong><em>ὥς</em></strong></span> <span class='ocrx_word' id='word_1_173' title='bbox 732 2115 815 2183; x_wconf 81' lang='grc' dir='ltr'><strong><em>οὐ</em></strong></span> <span class='ocrx_word' id='word_1_174' title='bbox 835 2118 1050 2202; x_wconf 92' lang='grc' dir='ltr'><strong><em>μόνον</em></strong></span> <span class='ocrx_word' id='word_1_175' title='bbox 1071 2115 1258 2205; x_wconf 74' lang='grc' dir='ltr'><strong><em>ἡδεῖα</em></strong></span> <span class='ocrx_word' id='word_1_176' title='bbox 1281 2115 1449 2186; x_wconf 74' lang='grc' dir='ltr'><strong><em>ἄλλα</em></strong></span> <span class='ocrx_word' id='word_1_177' title='bbox 1471 2121 1581 2186; x_wconf 84' lang='grc' dir='ltr'><strong><em>καὶ</em></strong></span> <span class='ocrx_word' id='word_1_178' title='bbox 1603 2114 1901 2205; x_wconf 70' lang='grc' dir='ltr'><strong><em>ὠφελίμη</em></strong></span> <span class='ocrx_word' id='word_1_179' title='bbox 1927 2119 2093 2203; x_wconf 83' lang='grc' dir='ltr'><strong><em>πρὸς</em></strong></span> <span class='ocrx_word' id='word_1_180' title='bbox 2110 2119 2227 2200; x_wconf 73' lang='grc' dir='ltr'><strong><em>τὰς</em></strong></span> <span class='ocrx_word' id='word_1_181' title='bbox 2250 2145 2378 2188; x_wconf 82' lang='grc' dir='ltr'><strong><em>πο-</em></strong></span> 
     </span>
     <span class='ocr_line' id='line_1_21' title="bbox 368 2212 2380 2304; baseline 0.002 -23"><span class='ocrx_word' id='word_1_182' title='bbox 368 2218 606 2292; x_wconf 85' lang='grc' dir='ltr'><strong><em>λιτείας</em></strong></span> <span class='ocrx_word' id='word_1_183' title='bbox 647 2214 757 2282; x_wconf 87' lang='grc' dir='ltr'><strong><em>καὶ</em></strong></span> <span class='ocrx_word' id='word_1_184' title='bbox 788 2212 910 2281; x_wconf 81' lang='grc' dir='ltr'><strong><em>τὸν</em></strong></span> <span class='ocrx_word' id='word_1_185' title='bbox 939 2222 1091 2301; x_wconf 86' lang='grc' dir='ltr'><strong><em>βίον</em></strong></span> <span class='ocrx_word' id='word_1_186' title='bbox 1123 2213 1247 2283; x_wconf 79' lang='grc' dir='ltr'><strong><em>τὸν</em></strong></span> <span class='ocrx_word' id='word_1_187' title='bbox 1282 2212 1724 2302; x_wconf 71' lang='grc' dir='ltr'><strong><em>ἀνθρώπινόν</em></strong></span> <span class='ocrx_word' id='word_1_188' title='bbox 1747 2219 1908 2285; x_wconf 84' lang='grc' dir='ltr'><strong><em>ἐστι·</em></strong></span> <span class='ocrx_word' id='word_1_189' title='bbox 1948 2219 2057 2284; x_wconf 87' lang='grc' dir='ltr'><strong><em>καὶ</em></strong></span> <span class='ocrx_word' id='word_1_190' title='bbox 2085 2214 2380 2304; x_wconf 82' lang='grc' dir='ltr'><strong><em>εὐμενῶς</em></strong></span> 
     </span>
     <span class='ocr_line' id='line_1_22' title="bbox 369 2308 2380 2401; baseline 0.003 -24"><span class='ocrx_word' id='word_1_191' title='bbox 369 2308 821 2397; x_wconf 79' lang='grc' dir='ltr'><strong><em>ἀκουσόμεθα.</em></strong></span> <span class='ocrx_word' id='word_1_192' title='bbox 865 2317 1323 2399; x_wconf 82' lang='grc' dir='ltr'><strong><em>κερδανοῦμεν</em></strong></span> <span class='ocrx_word' id='word_1_193' title='bbox 1343 2311 1474 2400; x_wconf 78' lang='grc' dir='ltr'><strong><em>γάρ</em></strong></span> <span class='ocrx_word' id='word_1_194' title='bbox 1497 2337 1651 2400; x_wconf 90' lang='grc' dir='ltr'><strong><em>που,</em></strong></span> <span class='ocrx_word' id='word_1_195' title='bbox 1686 2313 1804 2381; x_wconf 79' lang='grc' dir='ltr'><strong><em>ἐὰν</em></strong></span> <span class='ocrx_word' id='word_1_196' title='bbox 1835 2312 1923 2400; x_wconf 79' lang='grc' dir='ltr'><strong><em>μὴ</em></strong></span> <span class='ocrx_word' id='word_1_197' title='bbox 1951 2316 2167 2401; x_wconf 89' lang='grc' dir='ltr'><strong><em>μόνον</em></strong></span> <span class='ocrx_word' id='word_1_198' title='bbox 2188 2314 2380 2401; x_wconf 73' lang='grc' dir='ltr'><strong><em>ἡδεῖα</em></strong></span> 
     </span>
    </p>

    <p class='ocr_par' dir='ltr' id='par_1_4' title="bbox 222 2406 2378 3478">
     <span class='ocr_line' id='line_1_23' title="bbox 293 2406 2377 2499; baseline 0.002 -24"><span class='ocrx_word' id='word_1_199' title='bbox 293 2439 329 2486; x_wconf 80' lang='lat' dir='ltr'>E</span> <span class='ocrx_word' id='word_1_200' title='bbox 370 2415 555 2496; x_wconf 81' lang='grc' dir='ltr'><strong><em>φανῇ</em></strong></span> <span class='ocrx_word' id='word_1_201' title='bbox 575 2406 742 2476; x_wconf 75' lang='grc' dir='ltr'><strong><em>ἀλλὰ</em></strong></span> <span class='ocrx_word' id='word_1_202' title='bbox 766 2411 876 2477; x_wconf 86' lang='grc' dir='ltr'><strong><em>καὶ</em></strong></span> <span class='ocrx_word' id='word_1_203' title='bbox 902 2408 1217 2497; x_wconf 69' lang='grc' dir='ltr'><strong><em>ῶφελίμκη.</em></strong></span> <span class='ocrx_word' id='word_1_204' title='bbox 1263 2418 1420 2488; x_wconf 86' lang='grc' dir='ltr'><strong><em>Πῶς</em></strong></span> <span class='ocrx_word' id='word_1_205' title='bbox 1450 2408 1511 2476; x_wconf 89' lang='grc' dir='ltr'><strong><em>δ’</em></strong></span> <span class='ocrx_word' id='word_1_206' title='bbox 1548 2409 1631 2478; x_wconf 85' lang='grc' dir='ltr'><strong><em>ού</em></strong></span> <span class='ocrx_word' id='word_1_207' title='bbox 1668 2415 2014 2497; x_wconf 85' lang='grc' dir='ltr'><strong><em>μέλλομεν,</em></strong></span> <span class='ocrx_word' id='word_1_208' title='bbox 2047 2418 2196 2499; x_wconf 81' lang='grc' dir='ltr'><strong><em>ἔφη,</em></strong></span> <span class='ocrx_word' id='word_1_209' title='bbox 2218 2437 2377 2499; x_wconf 84' lang='grc' dir='ltr'><strong><em>κερ-</em></strong></span> 
     </span>
     <span class='ocr_line' id='line_1_24' title="bbox 367 2499 2378 2594; baseline 0.002 -22"><span class='ocrx_word' id='word_1_210' title='bbox 367 2510 654 2589; x_wconf 81' lang='grc' dir='ltr'><strong><em>δαίνειν;</em></strong></span> <span class='ocrx_word' id='word_1_211' title='bbox 688 2512 779 2575; x_wconf 76' lang='lat' dir='ltr'><strong><em>El</em></strong></span> <span class='ocrx_word' id='word_1_212' title='bbox 809 2511 885 2575; x_wconf 82' lang='grc' dir='ltr'><strong><em>δέ</em></strong></span> <span class='ocrx_word' id='word_1_213' title='bbox 912 2533 988 2591; x_wconf 86' lang='grc' dir='ltr'><strong><em>γε</em></strong></span> <span class='ocrx_word' id='word_1_214' title='bbox 1020 2509 1134 2594; x_wconf 83' lang='grc' dir='ltr'><strong><em>μή,</em></strong></span> <span class='ocrx_word' id='word_1_215' title='bbox 1174 2499 1229 2575; x_wconf 80' lang='grc' dir='ltr'><strong><em>ῶ</em></strong></span> <span class='ocrx_word' id='word_1_216' title='bbox 1266 2515 1417 2593; x_wconf 90' lang='grc' dir='ltr'><strong><em>φίλε</em></strong></span> <span class='ocrx_word' id='word_1_217' title='bbox 1450 2510 1681 2594; x_wconf 77' lang='grc' dir='ltr'><strong><em>ἑταῖρε,</em></strong></span> <span class='ocrx_word' id='word_1_218' title='bbox 1711 2506 1933 2593; x_wconf 81' lang='grc' dir='ltr'><strong><em>ῶσπερ</em></strong></span> <span class='ocrx_word' id='word_1_219' title='bbox 1966 2513 2035 2577; x_wconf 77' lang='grc' dir='ltr'><strong><em>οἱ</em></strong></span> <span class='ocrx_word' id='word_1_220' title='bbox 2063 2512 2223 2578; x_wconf 78' lang='grc' dir='ltr'><strong><em>ποτέ</em></strong></span> <span class='ocrx_word' id='word_1_221' title='bbox 2252 2535 2378 2577; x_wconf 87' lang='grc' dir='ltr'><strong><em>του</em></strong></span> 
     </span>
     <span class='ocr_line' id='line_1_25' title="bbox 364 2602 2374 2693; baseline 0 -20"><span class='ocrx_word' id='word_1_222' title='bbox 364 2606 779 2689; x_wconf 76' lang='grc' dir='ltr'><strong><em>ἐρασθέντες,</em></strong></span> <span class='ocrx_word' id='word_1_223' title='bbox 801 2602 920 2673; x_wconf 77' lang='grc' dir='ltr'><strong><em>ἐὰν</em></strong></span> <span class='ocrx_word' id='word_1_224' title='bbox 931 2602 1310 2692; x_wconf 82' lang='grc' dir='ltr'><strong><em>ἡγήσωνται</em></strong></span> <span class='ocrx_word' id='word_1_225' title='bbox 1330 2603 1417 2691; x_wconf 78' lang='grc' dir='ltr'><strong><em>μὴ</em></strong></span> <span class='ocrx_word' id='word_1_226' title='bbox 1446 2603 1782 2691; x_wconf 73' lang='grc' dir='ltr'><strong><em>ὠφέλιμον</em></strong></span> <span class='ocrx_word' id='word_1_227' title='bbox 1805 2604 1972 2674; x_wconf 80' lang='grc' dir='ltr'><strong><em>ἐἶναι</em></strong></span> <span class='ocrx_word' id='word_1_228' title='bbox 1996 2605 2116 2675; x_wconf 81' lang='grc' dir='ltr'><strong><em>τὸν</em></strong></span> <span class='ocrx_word' id='word_1_229' title='bbox 2141 2613 2374 2693; x_wconf 82' lang='grc' dir='ltr'><strong><em>ἔρωτα,</em></strong></span> 
     </span>
     <span class='ocr_line' id='line_1_26' title="bbox 362 2699 2371 2790; baseline 0.002 -21"><span class='ocrx_word' id='word_1_230' title='bbox 362 2708 476 2790; x_wconf 76' lang='grc' dir='ltr'><strong><em>βίᾳ</em></strong></span> <span class='ocrx_word' id='word_1_231' title='bbox 504 2705 649 2787; x_wconf 82' lang='grc' dir='ltr'><strong><em>μέν,</em></strong></span> <span class='ocrx_word' id='word_1_232' title='bbox 676 2700 856 2787; x_wconf 82' lang='grc' dir='ltr'><strong><em>ὅμως</em></strong></span> <span class='ocrx_word' id='word_1_233' title='bbox 877 2701 949 2770; x_wconf 74' lang='grc' dir='ltr'><strong><em>δὲ</em></strong></span> <span class='ocrx_word' id='word_1_234' title='bbox 981 2699 1354 2789; x_wconf 74' lang='grc' dir='ltr'><strong><em>ἀπέχονται,</em></strong></span> <span class='ocrx_word' id='word_1_235' title='bbox 1378 2705 1486 2772; x_wconf 84' lang='grc' dir='ltr'><strong><em>καὶ</em></strong></span> <span class='ocrx_word' id='word_1_236' title='bbox 1506 2701 1689 2790; x_wconf 77' lang='grc' dir='ltr'><strong><em>ἡμεῖς</em></strong></span> <span class='ocrx_word' id='word_1_237' title='bbox 1713 2703 1944 2789; x_wconf 80' lang='grc' dir='ltr'><strong><em>οὕτως,</em></strong></span> <span class='ocrx_word' id='word_1_238' title='bbox 1970 2703 2076 2772; x_wconf 73' lang='grc' dir='ltr'><strong><em>διὰ</em></strong></span> <span class='ocrx_word' id='word_1_239' title='bbox 2109 2703 2371 2789; x_wconf 82' lang='grc' dir='ltr'><strong><em>τόνέγ-</em></strong></span> 
     </span>
     <span class='ocr_line' id='line_1_27' title="bbox 360 2799 2372 2889; baseline 0.001 -23"><span class='ocrx_word' id='word_1_240' title='bbox 360 2799 683 2885; x_wconf 86' lang='grc' dir='ltr'><strong><em>γεγονότα</em></strong></span> <span class='ocrx_word' id='word_1_241' title='bbox 700 2800 824 2885; x_wconf 79' lang='grc' dir='ltr'><strong><em>μὲν</em></strong></span> <span class='ocrx_word' id='word_1_242' title='bbox 847 2805 1058 2884; x_wconf 79' lang='grc' dir='ltr'><strong><em>ἔρωτα</em></strong></span> <span class='ocrx_word' id='word_1_243' title='bbox 1083 2808 1199 2886; x_wconf 85' lang='grc' dir='ltr'><strong><em>τῆς</em></strong></span> <span class='ocrx_word' id='word_1_244' title='bbox 1230 2802 1538 2887; x_wconf 84' lang='grc' dir='ltr'><strong><em>τοιαύτης</em></strong></span> <span class='ocrx_word' id='word_1_245' title='bbox 1561 2802 1887 2889; x_wconf 80' lang='grc' dir='ltr'><strong><em>ποιήσεως</em></strong></span> <span class='ocrx_word' id='word_1_246' title='bbox 1919 2800 2050 2869; x_wconf 82' lang='grc' dir='ltr'><strong><em>ὑπὸ</em></strong></span> <span class='ocrx_word' id='word_1_247' title='bbox 2086 2808 2203 2887; x_wconf 80' lang='grc' dir='ltr'><strong><em>τῆς</em></strong></span> <span class='ocrx_word' id='word_1_248' title='bbox 2234 2810 2372 2869; x_wconf 86' lang='grc' dir='ltr'><strong><em>τῶν</em></strong></span> 
     </span>
     <span class='ocr_line' id='line_1_28' title="bbox 222 2891 2374 2986; baseline 0 -22"><span class='ocrx_word' id='word_1_249' title='bbox 222 2928 326 2986; x_wconf 69' lang='lat'><strong><em>503</em></strong></span> <span class='ocrx_word' id='word_1_250' title='bbox 364 2905 590 2965; x_wconf 89' lang='grc' dir='ltr'><strong><em>καλῶν</em></strong></span> <span class='ocrx_word' id='word_1_251' title='bbox 625 2904 973 2965; x_wconf 78' lang='grc' dir='ltr'><strong><em>πολιτειῶν</em></strong></span> <span class='ocrx_word' id='word_1_252' title='bbox 1024 2906 1306 2984; x_wconf 84' lang='grc' dir='ltr'><strong><em>τροφῆς,</em></strong></span> <span class='ocrx_word' id='word_1_253' title='bbox 1351 2891 1537 2970; x_wconf 78' lang='grc' dir='ltr'><strong><em>εὖνοι</em></strong></span> <span class='ocrx_word' id='word_1_254' title='bbox 1580 2901 1702 2986; x_wconf 74' lang='grc' dir='ltr'><strong><em>μὲν</em></strong></span> <span class='ocrx_word' id='word_1_255' title='bbox 1743 2900 2033 2986; x_wconf 78' lang='grc' dir='ltr'><strong><em>ἐσόμεθα</em></strong></span> <span class='ocrx_word' id='word_1_256' title='bbox 2078 2905 2374 2986; x_wconf 83' lang='grc' dir='ltr'><strong><em>φανῆναι</em></strong></span> 
     </span>
     <span class='ocr_line' id='line_1_29' title="bbox 359 2992 2370 3085; baseline 0.001 -22"><span class='ocrx_word' id='word_1_257' title='bbox 359 2992 571 3082; x_wconf 76' lang='grc' dir='ltr'><strong><em>αὐτὴν</em></strong></span> <span class='ocrx_word' id='word_1_258' title='bbox 604 2993 696 3074; x_wconf 84' lang='grc' dir='ltr'><strong><em>ῶς</em></strong></span> <span class='ocrx_word' id='word_1_259' title='bbox 715 3001 1062 3082; x_wconf 84' lang='grc' dir='ltr'><strong><em>βελτίστην</em></strong></span> <span class='ocrx_word' id='word_1_260' title='bbox 1095 2999 1204 3065; x_wconf 86' lang='grc' dir='ltr'><strong><em>καὶ</em></strong></span> <span class='ocrx_word' id='word_1_261' title='bbox 1237 2994 1718 3085; x_wconf 76' lang='grc' dir='ltr'><strong><em>ἀληθεστάτην,</em></strong></span> <span class='ocrx_word' id='word_1_262' title='bbox 1752 2999 1878 3077; x_wconf 75' lang='grc' dir='ltr'><strong><em>ἕως</em></strong></span> <span class='ocrx_word' id='word_1_263' title='bbox 1912 2996 1979 3065; x_wconf 87' lang='grc' dir='ltr'><strong><em>δ’</em></strong></span> <span class='ocrx_word' id='word_1_264' title='bbox 2019 2994 2107 3066; x_wconf 75' lang='grc' dir='ltr'><strong><em>ἄν</em></strong></span> <span class='ocrx_word' id='word_1_265' title='bbox 2141 3002 2229 3085; x_wconf 82' lang='grc' dir='ltr'><em>μή</em></span> <span class='ocrx_word' id='word_1_266' title='bbox 2265 3002 2370 3066; x_wconf 77' lang='grc' dir='ltr'><strong><em>οἷα</em></strong></span> 
     </span>
     <span class='ocr_line' id='line_1_30' title="bbox 362 3086 2368 3186; baseline 0.001 -25"><span class='ocrx_word' id='word_1_267' title='bbox 362 3091 424 3161; x_wconf 92' lang='grc' dir='ltr'><strong><em>τ’</em></strong></span> <span class='ocrx_word' id='word_1_268' title='bbox 448 3086 496 3181; x_wconf 79' lang='grc' dir='ltr'><em>ᾗ</em></span> <span class='ocrx_word' id='word_1_269' title='bbox 513 3091 1084 3182; x_wconf 76' lang='grc' dir='ltr'><strong><em>ἀπολογήσασθαι,</em></strong></span> <span class='ocrx_word' id='word_1_270' title='bbox 1108 3092 1560 3183; x_wconf 75' lang='grc' dir='ltr'><strong><em>ἀκροασόμεθ’</em></strong></span> <span class='ocrx_word' id='word_1_271' title='bbox 1586 3094 1788 3183; x_wconf 80' lang='grc' dir='ltr'><strong><em>αὐτῆς</em></strong></span> <span class='ocrx_word' id='word_1_272' title='bbox 1818 3096 2176 3186; x_wconf 72' lang='grc' dir='ltr'><strong><em>ἐπᾴδοντες</em></strong></span> <span class='ocrx_word' id='word_1_273' title='bbox 2211 3093 2368 3183; x_wconf 79' lang='grc' dir='ltr'><strong><em>ἡμῖν</em></strong></span> 
     </span>
     <span class='ocr_line' id='line_1_31' title="bbox 362 3189 2368 3281; baseline 0.001 -23"><span class='ocrx_word' id='word_1_274' title='bbox 362 3190 583 3269; x_wconf 77' lang='grc' dir='ltr'><strong><em>αὐτοῖς</em></strong></span> <span class='ocrx_word' id='word_1_275' title='bbox 624 3199 866 3260; x_wconf 82' lang='grc' dir='ltr'><strong><em>τοῦτον</em></strong></span> <span class='ocrx_word' id='word_1_276' title='bbox 910 3189 1032 3261; x_wconf 76' lang='grc' dir='ltr'><strong><em>τόν</em></strong></span> <span class='ocrx_word' id='word_1_277' title='bbox 1072 3194 1300 3279; x_wconf 85' lang='grc' dir='ltr'><strong><em>λόγον,</em></strong></span> <span class='ocrx_word' id='word_1_278' title='bbox 1349 3191 1430 3262; x_wconf 76' lang='grc' dir='ltr'><strong><em>ὃν</em></strong></span> <span class='ocrx_word' id='word_1_279' title='bbox 1472 3199 1773 3280; x_wconf 82' lang='grc' dir='ltr'><strong><em>λέγομεν,</em></strong></span> <span class='ocrx_word' id='word_1_280' title='bbox 1808 3197 1918 3262; x_wconf 81' lang='grc' dir='ltr'><strong><em>καὶ</em></strong></span> <span class='ocrx_word' id='word_1_281' title='bbox 1950 3194 2203 3281; x_wconf 87' lang='grc' dir='ltr'><strong><em>ταύτην</em></strong></span> <span class='ocrx_word' id='word_1_282' title='bbox 2242 3193 2368 3279; x_wconf 85' lang='grc' dir='ltr'><strong><em>τὴν</em></strong></span> 
     </span>
     <span class='ocr_line' id='line_1_32' title="bbox 361 3287 2366 3379; baseline 0.002 -24"><span class='ocrx_word' id='word_1_283' title='bbox 361 3288 643 3377; x_wconf 74' lang='grc' dir='ltr'><strong><em>ἐπῳδήν,</em></strong></span> <span class='ocrx_word' id='word_1_284' title='bbox 685 3287 1167 3378; x_wconf 79' lang='grc' dir='ltr'><strong><em>εὐλαβούμενοι</em></strong></span> <span class='ocrx_word' id='word_1_285' title='bbox 1198 3291 1401 3360; x_wconf 80' lang='grc' dir='ltr'><strong><em>πάλιν</em></strong></span> <span class='ocrx_word' id='word_1_286' title='bbox 1435 3295 1738 3379; x_wconf 79' lang='grc' dir='ltr'><strong><em>ἐμπεσεῖν</em></strong></span> <span class='ocrx_word' id='word_1_287' title='bbox 1772 3298 1879 3372; x_wconf 82' lang='grc' dir='ltr'><strong><em>εἰς’</em></strong></span> <span class='ocrx_word' id='word_1_288' title='bbox 1901 3291 2023 3360; x_wconf 83' lang='grc' dir='ltr'><strong><em>τὸν</em></strong></span> <span class='ocrx_word' id='word_1_289' title='bbox 2053 3292 2366 3360; x_wconf 86' lang='grc' dir='ltr'><strong><em>παιδικόν</em></strong></span> 
     </span>
     <span class='ocr_line' id='line_1_33' title="bbox 359 3383 2368 3478; baseline 0.001 -26"><span class='ocrx_word' id='word_1_290' title='bbox 359 3410 428 3452; x_wconf 91' lang='grc' dir='ltr'><strong><em>τε</em></strong></span> <span class='ocrx_word' id='word_1_291' title='bbox 450 3383 702 3454; x_wconf 81' lang='grc' dir='ltr'><strong><em>καὶτὸν</em></strong></span> <span class='ocrx_word' id='word_1_292' title='bbox 722 3397 860 3457; x_wconf 86' lang='grc' dir='ltr'><strong><em>τῶν</em></strong></span> <span class='ocrx_word' id='word_1_293' title='bbox 880 3390 1143 3457; x_wconf 82' lang='grc' dir='ltr'><strong><em>πολλῶν</em></strong></span> <span class='ocrx_word' id='word_1_294' title='bbox 1179 3395 1409 3473; x_wconf 82' lang='grc' dir='ltr'><strong><em>ἔρωτα.</em></strong></span> <span class='ocrx_word' id='word_1_295' title='bbox 1454 3391 1835 3478; x_wconf 86' lang='grc' dir='ltr'><strong><em>αίσθόμεθα</em></strong></span> <span class='ocrx_word' id='word_1_296' title='bbox 1875 3387 1940 3459; x_wconf 88' lang='grc' dir='ltr'><strong><em>δ’</em></strong></span> <span class='ocrx_word' id='word_1_297' title='bbox 1977 3383 2126 3476; x_wconf 76' lang='grc' dir='ltr'><strong><em>οὖν,</em></strong></span> <span class='ocrx_word' id='word_1_298' title='bbox 2165 3387 2253 3468; x_wconf 79' lang='grc' dir='ltr'><strong><em>ῶς</em></strong></span> <span class='ocrx_word' id='word_1_299' title='bbox 2283 3386 2368 3456; x_wconf 79' lang='grc' dir='ltr'><strong><em>οὐ</em></strong></span> 
     </span>
    </p>
   </div>
   <div class='ocr_carea' id='block_1_3' title="bbox 2595 10 2599 576">
    <p class='ocr_par' dir='ltr' id='par_1_5' title="bbox 2595 10 2599 576">
     <span class='ocr_line' id='line_1_34' title="bbox 2595 10 2599 576; baseline 0 0"><span class='ocrx_word' id='word_1_300' title='bbox 2595 10 2599 576; x_wconf 95' lang='lat' dir='ltr'><strong><em> </em></strong></span> 
     </span>
    </p>
   </div>
   <div class='ocr_carea' id='block_1_4' title="bbox 2594 703 2599 1588">
    <p class='ocr_par' dir='ltr' id='par_1_6' title="bbox 2594 703 2599 1588">
     <span class='ocr_line' id='line_1_35' title="bbox 2594 703 2599 1588; baseline 0 0"><span class='ocrx_word' id='word_1_301' title='bbox 2594 703 2599 1588; x_wconf 95' lang='lat' dir='ltr'><strong><em> </em></strong></span> 
     </span>
    </p>
   </div>
   <div class='ocr_carea' id='block_1_5' title="bbox 2593 1913 2600 3004">
    <p class='ocr_par' dir='ltr' id='par_1_7' title="bbox 2593 1913 2600 3004">
     <span class='ocr_line' id='line_1_36' title="bbox 2593 1913 2600 3004; baseline 0 0"><span class='ocrx_word' id='word_1_302' title='bbox 2593 1913 2600 3004; x_wconf 95' lang='lat' dir='ltr'><strong><em> </em></strong></span> 
     </span>
    </p>
   </div>
   <div class='ocr_carea' id='block_1_6' title="bbox 2593 1913 2601 3184">
    <p class='ocr_par' dir='ltr' id='par_1_8' title="bbox 2593 1913 2601 3184">
     <span class='ocr_line' id='line_1_37' title="bbox 2593 1913 2601 3184; baseline 0 0"><span class='ocrx_word' id='word_1_303' title='bbox 2593 1913 2601 3184; x_wconf 95' lang='lat' dir='ltr'><strong><em> </em></strong></span> 
     </span>
    </p>
   </div>
  </div>
 </body>
</html>
