2602 3928
341 193 461 259 198
544 151 548 155 ¹
1078 191 1654 252 ΠΛΑΤΩΝΟΣ

337 358 548 445 φάναι
590 381 668 446 με
690 363 907 442 λέγειν
941 352 1061 423 τὸν
1094 359 1218 421 τοῦ
1261 349 1530 437 ἀγαθοῦ
1584 356 1886 437 ἔκγονον,
1931 348 2013 418 ὃν
2057 347 2365 436 τάγαθὸν

260 478 299 529 c
335 458 692 541 ἐγέννησεν
710 450 1045 537 ἀνάλογον
1077 452 1313 538 ἑαυτῷ,
1348 448 1390 518 ὅ
1425 476 1491 517 τι
1524 472 1648 534 περ
1692 445 1854 516 αὐτὰ
1900 449 1975 516 ἑν
2011 457 2104 539 τῷ
2149 455 2370 537 νοητῷ

335 555 518 642 τόπφ
543 552 709 638 πρός
731 576 802 619 τε
823 556 996 618 νοῦν
1019 550 1129 617 καὶ
1149 546 1231 615 τά
1262 546 1624 634 νοούμενα,
1653 555 1854 616 τοῦτο
1878 556 2122 617 τοῦτον
2158 552 2235 618 ἐν
2269 556 2365 637 τῷ

336 648 556 740 ὁρατῷ
602 648 770 736 πρός
814 673 884 715 τε
925 647 1084 728 ὄψιν
1124 646 1235 715 καὶ
1276 642 1357 712 τὰ
1404 642 1730 731 ὁρώμενα.
1790 653 1980 727 110333
2042 650 2202 733 ἔφη·
2273 651 2369 715 ἔτι

337 752 565 816 δίελθέ
583 771 715 833 μοι.
759 743 1152 866 Ὀφθαλμοί,
1177 735 1263 830 ἦν
1285 741 1346 810 δ’
1377 742 1526 829 ἐγώ,
1552 741 1735 811 οἶσθ’
1773 740 1897 829 ὅτι,
1934 741 2102 812 όταν
2136 753 2366 831 μηκέτι

335 844 445 914 ἐπ’
467 844 688 915 ἐκεῖνά
710 871 807 923 τις
830 842 1075 923 αὐτοῦς
1097 846 1324 930 τρέπῃ,
1350 869 1450 909 ων
1472 836 1559 909 ἀν
1581 839 1701 920 τὰς
1720 841 1923 928 χρόας
1943 840 2015 910 τὸ
2040 839 2365 930 ἡμερινὸν

339 971 486 1032 φως
529 946 746 1030 ἐπέχῃ,
792 938 959 1009 ἀλλά
1021 968 1116 1008 ων
1158 937 1516 1026 νυκτερινὰ
1562 944 1797 1026 φέγγη,
1855 938 2370 1028 ἀμβλυώττουσί

337 1069 408 1112 τε
428 1043 538 1110 καὶ
571 1040 770 1128 έγγῦς
798 1045 1154 1127 φαίνονται
1174 1045 1473 1126 τυφλῶν,
1500 1038 1721 1124 ὥσπερ
1759 1035 1887 1106 οὐκ
1921 1039 2206 1126 ἐνουσης
2239 1066 2365 1107 κα-

336 1149 559 1226 θαρᾶς
590 1139 838 1221 ὅψεως,
881 1141 1014 1207 Καὶ
1049 1138 1248 1226 μάλα,
1298 1144 1445 1224 ἔφη.
1475 1136 1681 1206 Ὅταν
1716 1142 1794 1206 δέ
1822 1135 1916 1224 γ’,
1949 1136 2150 1224 οἶμαι,
2193 1130 2292 1206 ὦν
2326 1135 2364 1206 ὁ

255 1267 296 1315 D
334 1238 524 1326 ἥλιος
542 1237 960 1325 καταλάμπῃ,
998 1244 1230 1322 σαφως
1266 1232 1497 1323 ὁρῶσι,
1532 1237 1642 1303 καὶ
1678 1249 1813 1314 τοῖς
1849 1232 2073 1316 αὐτοῖς
2104 1236 2367 1316 τούτοις

334 1336 627 1423 ὄμμασιν
658 1337 906 1403 ἐνοῦσα
927 1339 1264 1455 Μφαίνεται.
1330 1339 1416 1400 Τί
1441 1333 1607 1453 μήνς
1648 1330 1846 1401 Οὕτω
1876 1342 2111 1403 τοίνυν
2141 1338 2253 1402 καὶ
2289 1331 2365 1401 τὰ

331 1445 448 1521 τῆς
473 1439 687 1520 ψυχῆς
712 1423 841 1500 ωδε
862 1432 1033 1501 νόει·
1084 1430 1249 1500 ὅταν
1274 1433 1419 1518 μέν,
1443 1422 1526 1505 οὗ
1549 1432 1962 1519 καταλάμπει
1983 1431 2268 1520 ἀλήθειά
2291 1457 2365 1499 τε

333 1536 442 1603 καὶ
465 1529 538 1600 τὸ
574 1531 680 1617 ὄν,
706 1538 796 1611 εἰς
816 1538 1013 1599 τοῦτο
1038 1529 1481 1619 ἀπερείσηται,
1509 1530 1747 1618 ένόησέ
1772 1557 1842 1599 τε
1863 1534 1974 1600 καὶ
1994 1537 2164 1617 ἔγνω
2199 1528 2362 1598 αὐτὸ

333 1633 446 1701 καὶ
467 1640 637 1700 νοῦν
662 1635 834 1718 ἔχειν
857 1635 1193 1751 φαίνεται·
1240 1626 1405 1698 ὅταν
1429 1628 1500 1699 δὲ
1523 1636 1617 1710 εἰς
1646 1629 1723 1697 τὸ
1746 1629 2079 1719 τᾴσκότω
2117 1655 2363 1715 κεκρα-

334 1733 562 1817 μένον,
588 1726 660 1796 τό
687 1726 1099 1835 γιγνόμενόν
1120 1753 1189 1794 τε
1211 1730 1323 1795 καὶ
1347 1724 1835 1813 ἀπολλύμενον,
1860 1726 2113 1808 δοξάζει
2144 1754 2216 1795 τε
2252 1731 2360 1797 καὶ

336 1825 818 1916 ἀμβλυώττει”
770 1853 915 1894 ανω
938 1829 1047 1894 καὶ
1068 1810 1249 1893 κάτω
1271 1823 1390 1904 τὰς
1414 1824 1605 1906 δόξας
1638 1824 2055 1912 μεταβάλλον
2088 1827 2199 1894 καὶ
2230 1830 2346 1893 έοιε

261 1944 303 1995 Ε
337 1952 457 1996 κεν
485 1920 572 1993 αὖ
596 1933 771 1993 νοῦν
794 1922 918 1993 οὐκ
944 1929 1175 2011 ἔχοντι.
1200 1922 1421 1991 ”Eam
1440 1922 1587 2010 γάρ.
1641 1929 1854 1991 Τοῦτο
1879 1929 2111 1992 τοίνυν
2133 1921 2206 1992 τὸ
2241 1925 2366 2011 τὴν

336 2025 665 2112 ἀλήθειαν
706 2024 999 2110 παρέχον
1041 2036 1176 2101 τοῖς
1223 2026 1783 2110 γιγνωσκομένοις
1827 2025 1937 2092 καὶ
1978 2050 2070 2112 τῳ
2112 2024 2362 2110 γιγνωα

339 2144 570 2193 σκοντι
593 2119 716 2208 τὴν
738 2121 1029 2208 δύναμιν
1052 2121 1378 2198 ἀποδιδὸν
1400 2121 1525 2209 τὴν
1544 2130 1668 2189 τοῦ
1691 2120 1959 2208 ἀγαθοῦ
1979 2126 2162 2191 ἰδέαν
2183 2122 2361 2207 φάθι

341 2222 531 2307 εἶναι,
556 2226 771 2290 αἰτίαν
796 2218 859 2289 δ’
886 2222 1241 2310 ἐπιστήμης
1270 2215 1486 2290 οὖσαν
1522 2224 1635 2291 καὶ
1661 2220 1982 2310 ἀληθείας
2003 2218 2091 2300 ὥς
2110 2248 2360 2307 γιγνω-

339 2324 664 2407 σκομένης
677 2323 799 2406 μὲν
823 2324 1122 2404 διανοοῦ,
1144 2319 1321 2388 οὕτω
1349 2319 1421 2390 δὲ
1441 2327 1669 2389 καλῶν
1695 2318 2095 2408 ἀμφοτέρων
2121 2320 2362 2406 ὄντων,

335 2419 653 2506 γνώσεώς
690 2445 759 2487 τε
804 2421 916 2487 καὶ
943 2416 1281 2506 ἀληθείας,
1320 2418 1481 2488 ἄλλο
1512 2420 1621 2487 καὶ
1665 2419 1942 2487 κάλλιον
1974 2424 2067 2487 ἔτι
2100 2419 2363 2487 τούτων

267 2564 273 2570 -
334 2512 710 2605 ἡγούμενος
754 2515 919 2585 αὐτὸ
963 2514 1190 2604 ὀρθῶς
1222 2513 1485 2605 ἡγήσει·
1540 2516 1904 2605 ἐπιστήμην
1941 2517 2013 2587 δὲ
2050 2520 2161 2587 καὶ
2196 2516 2361 2603 ἀλή··

200 2631 306 2689 509
334 2625 554 2699 θειαν,
580 2612 804 2702 ὥσπερ
830 2618 968 2683 ἐκεῖ
993 2623 1136 2702 φῶς
1158 2641 1227 2682 τε
1249 2616 1360 2683 καὶ
1386 2613 1552 2696 ὄψιν
1584 2611 1880 2702 ἡλιοειδῆ
1908 2616 2036 2702 μὲν
2069 2623 2362 2703 νομίζειν

338 2711 576 2800 ὀρθόν,
612 2710 804 2799 ἥλιον
842 2713 915 2781 δὲ
940 2709 1250 2799 ἡγεῖσθαι
1290 2709 1416 2781 οὐκ
1448 2709 1676 2798 ὀρθῶς
1709 2719 1857 2800 ἔχει,
1893 2712 2071 2782 οὕτω
2104 2718 2212 2783 καὶ
2248 2717 2362 2782 ἐν·

334 2821 562 2881 ταῦθα
599 2809 967 2899 ἀγαθοειδῆ
1001 2814 1123 2898 μὲν
1167 2816 1459 2897 νομίζειν
1502 2810 1693 2879 ταῦτ’
1738 2809 2083 2898 ἀμφότερα
2117 2811 2358 2898 ὀρθόν,

341 2909 609 2996 α’γαθὸν
635 2913 708 2979 δὲ
728 2907 1038 2997 ἡγεῖσθαι
1060 2907 1385 2999 ὁπότερον
1407 2908 1631 2978 αὐτῶν
1649 2906 1776 2977 οὐκ
1799 2907 2041 2997 ὀρθόν,
2078 2908 2227 2979 ἀλλ’
2266 2914 2363 2978 ἔτι

335 3008 653 3095 μειζόνως
674 3011 979 3096 τιμητέον
999 3008 1123 3098 τὴν
1144 3016 1266 3079 τοῦ
1304 3007 1571 3096 ἀγαθοῦ
1592 3011 1745 3089 ἕξιν.
1786 3005 2157 3094 Ἀμήχανον
2192 3007 2363 3077 κάλ-

338 3113 470 3189 λος,
501 3111 651 3193 ἔφη,
676 3109 903 3192 λέγεις,
942 3112 1003 3175 εἰ
1030 3106 1397 3193 ἐπιστήμην
1419 3105 1543 3194 μὲν
1567 3107 1678 3175 καὶ
1707 3104 2037 3192 ἀλήθειαν
2068 3107 2355 3191 παρέχει,

340 3199 504 3270 αὐτὸ
538 3199 601 3271 δ’
635 3200 804 3287 ὑπὲρ
829 3208 1036 3272 ταῦτα
1076 3205 1303 3273 κάλλει
1343 3206 1550 3273 ἐστίν·
1613 3202 1696 3271 οὐ
1730 3201 1861 3289 γὰρ
1901 3203 2119 3288 δήπου
2154 3203 2242 3270 σύ
2278 3228 2356 3289 γε

337 3296 595 3387 ἡδονὴν
618 3298 779 3369 αὐτὰ
805 3306 1030 3391 λέγεις.
1072 3301 1406 3389 Εὐφήμει,
1429 3294 1516 3388 ἦν
1550 3298 1612 3371 δ’
1639 3301 1798 3388 dyoe'·
1846 3299 1992 3371 ἀλλ’
2033 3294 2163 3370 ὦδε
2185 3308 2363 3388 μᾶλ-

263 3423 305 3473 Β
336 3409 460 3471 λον
491 3402 612 3492 τὴν
656 3401 886 3473 εἰκόνα
932 3399 1142 3470 αὐτοῦ
1189 3407 1282 3470 ἔτι
1325 3398 1683 3470 ἐπισκόπει.
1744 3408 1936 3480 110593
1992 3397 2129 3468 Τὸν
2171 3399 2359 3486 ἥλιον
