2602 3928
402 243 527 308 246
643 246 647 251 ’
1112 241 1683 302 ΠΛΑΤΩΝΟΣ

336 429 378 480 Β
573 410 642 473 Χ.
689 407 1159 490 Δημοκρατίαν
1183 402 1286 488 δή,
1321 399 1629 485 ὡςςέοικε,
1652 402 1814 486 μετὰ
1838 409 2036 472 τοῦτο
2073 409 2415 488 σκεπτέον,

403 512 553 573 τίνα
586 528 657 571 τε
678 509 971 588 γίγνεται
1002 500 1255 585 τρόπον
1285 503 1608 586 γενομένη
1630 525 1701 567 τε
1722 499 1921 568 ποτόν
1951 526 2099 568 τινα
2133 505 2282 586 ἔχει,
2315 499 2411 568 ἵν’

405 596 497 671 αὖ
522 599 644 669 τὸν
676 608 803 668 τοῦ
843 598 1155 668 τοιούτου
1182 597 1428 683 ἀνδρὸς
1466 599 1721 685 τρόπον
1758 600 2033 684 γνόντες
2070 620 2414 685 παραστη-

403 695 661 786 σώμεθ’
688 696 897 766 αὐτὸν
917 702 1009 777 εἰς
1031 704 1271 781 κρίσιν.
1305 695 1583 783 Ὁμοίως
1600 704 1773 782 γοῦν
1793 695 1900 780 ἄν,
1934 701 2081 783 ἔφη,
2104 694 2262 783 ἡμῖν
2286 694 2414 762 αύ·

404 811 541 875 τοῑς
580 802 1048 881 πορευοίμεθα.
1094 791 1390 876 Οὐκοῦν,
1430 786 1517 880 ἦν
1559 792 1624 861 δ’
1664 793 1814 880 ἐγώ,
1851 793 2248 881 μεταβάλλει
2291 798 2414 880 μὲν

403 896 659 982 τρόπον
694 895 839 964 τινά
875 894 1138 963 τοιόνδε
1167 897 1232 974 ἐξ
1276 892 1654 979 ὀλιγαρχίας
1687 898 1780 971 εἰς
1812 897 2281 980 δημοκρατίαν,
2317 890 2408 960 δι’

406 991 774 1081 ἀπληστίαν
790 999 916 1062 τοῦ
947 996 1389 1078 προκειμένου
1420 990 1708 1075 ἀγαθοῦ,
1733 998 1857 1059 τοῦ
1891 989 1980 1069 ῶς
2007 990 2415 1060 πλουσιῶτα·

334 1113 375 1164 c
406 1119 527 1162 τον
565 1097 704 1161 δεῖν
752 1099 1134 1178 γίγνεσθαις
1178 1097 1336 1167 Πῶς
1378 1089 1494 1175 δής
1523 1087 1696 1171 Ἅτε,
1741 1087 1939 1176 οἶμαι,
1984 1089 2299 1176 ἄρχοντες
2341 1093 2417 1157 ἐν

405 1189 578 1278 αὐτῇ
598 1196 668 1259 οἰ
683 1189 996 1276 ἄρχοντες
1017 1188 1125 1257 διὰ
1149 1187 1223 1255 τὸ
1259 1187 1472 1255 πολλὰ
1507 1197 1869 1275 κεκτῆσθαι
1907 1186 2033 1257 ούκ
2062 1190 2416 1258 ἐθέλουσιν

409 1299 653 1374 εἴργειν
675 1291 857 1377 νόμῳ
880 1296 1017 1355 τῶν
1037 1290 1211 1355 νέων
1238 1286 1386 1353 ὅσοι
1408 1281 1498 1353 ἄν
1518 1283 1874 1355 ἀκόλαστοι
1904 1294 2287 1374 γίγνωνται,
2321 1285 2410 1373 μὴ

407 1390 643 1468 ἐξεῖναι
665 1385 889 1466 αὐτοῖς
911 1384 1290 1453 ἀναλίσκειν
1312 1411 1384 1453 τε
1402 1387 1510 1454 καὶ
1530 1384 1907 1455 ἀπολλύναι
1925 1385 2007 1454 τά
2034 1382 2279 1472 αὐτῶν,
2302 1389 2415 1453 ἵνα

410 1485 780 1572 ὠνούμενοι
808 1485 888 1552 τά
918 1492 1053 1553 τῶν
1073 1483 1398 1552 τοιούτων
1418 1488 1527 1554 καὶ
1551 1489 2058 1567 εἰσδανείζοντες
2079 1492 2172 1556 ἔτι
2205 1496 2416 1555 πλου-

407 1585 714 1670 σιῶτεροι
733 1586 844 1653 καὶ
863 1582 1269 1670 ἐντιμότεροι
1287 1589 1667 1671 γίγνωνται.
1726 1582 1993 1664 Παντός
2028 1611 2104 1671 γε
2137 1594 2410 1673 μᾶλλον.

411 1682 688 1754 Οὐκοῦν
710 1689 917 1770 δῆλον
940 1682 1068 1770 ἤδη
1090 1690 1287 1753 τοῦτο
1315 1685 1390 1752 έν
1411 1682 1622 1770 πόλει,
1644 1681 1749 1750 ’ότι
1768 1691 2064 1753 πλοῦτον
2084 1692 2282 1773 τιμᾷν
2303 1687 2413 1753 καὶ

407 1783 861 1869 σωφροσύνην
893 1781 1029 1869 ἅμα
1062 1787 1309 1860 ἱκανῶς
1334 1790 1623 1848 κτᾶσθαι
1653 1783 1729 1848 ἐν
1757 1796 1894 1861 τοῖς
1923 1789 2218 1863 πολίταις
2247 1781 2410 1851 ἀδύ-

320 1903 367 1955 1)
405 1909 631 1970 νατον,
678 1880 844 1950 ἀλλ”
864 1880 1123 1967 ἀνάγκη
1151 1875 1195 1967 ἢ
1237 1885 1362 1947 τοῦ
1389 1879 1618 1964 ἑτέρου
1639 1875 1907 1968 ἀμελεῖν
1926 1876 1972 1968 ἦ
1996 1889 2119 1949 τοῦ
2152 1884 2410 1970 ἑτέρους

398 1981 753 2063 Ἐπιεικῶς,
781 1987 928 2065 ἔφη,
954 1983 1176 2066 δῆλον.
1201 1971 1771 2065 ΙΠαραμελοῦντες
1789 1976 1873 2066 δὴ
1904 1982 1980 2048 ἐν
1995 1996 2137 2061 ταῖς
2157 1979 2414 2068 ὀλιγαρ-

406 2087 573 2167 χίαις
594 2081 705 2147 καὶ
723 2082 1013 2164 ἐφιέντες
1037 2075 1539 2146 ἀκολασταίνειν
1559 2076 1683 2145 οὐκ
1708 2076 2016 2164 ἀγεννεῖς
2046 2082 2254 2148 ἐνίοτε
2292 2078 2439 2147 8221--

406 2177 731 2264 θρώπους
767 2183 1049 2262 πένητας
1078 2173 1468 2262 ἠνάγκασαν
1504 2177 1835 2262 γενέσθαι.
1878 2177 2090 2246 Μάλα
2119 2205 2214 2264 γε.
2267 2179 2415 2246 Κά-

409 2286 655 2363 θηνται
680 2274 782 2361 δή,
814 2272 1012 2361 οἶμαι,
1038 2265 1226 2341 οῦτοι
1246 2277 1323 2342 έν
1339 2280 1423 2362 τῇ
1450 2274 1640 2341 πόλει
1661 2277 2182 2362 κεκεντρωμένοι
2212 2302 2282 2344 τε
2305 2280 2413 2344 καὶ

409 2373 895 2459 ἐξωπλισμένοι,
925 2376 995 2440 οἱ
1009 2372 1132 2457 μὲν
1156 2370 1536 2458 ὀφείλοντες
1556 2374 1734 2458 χρέα,
1760 2375 1829 2440 οἱ
1858 2372 1930 2441 δὲ
1965 2371 2184 2459 ἄτιμοι
2218 2399 2413 2458 γεγο-

408 2470 618 2553 νότες,
641 2473 711 2538 οἰ
737 2469 810 2539 δὲ
842 2467 1207 2555 ἀμφότερα,
1241 2472 1592 2558 μισοῦντές
1622 2495 1693 2537 τε
1737 2471 1847 2537 καὶ
1877 2470 2420 2558 ἐπιβουλεύοντες

409 2583 546 2649 τοῖς
565 2569 997 2655 κτησαμένοις
1021 2568 1103 2636 τὰ
1138 2565 1366 2636 αὑτῶν
1387 2568 1659 2646 καὶτοῖς
1689 2564 1938 2652 ἄλλοις,
1967 2577 2417 2654 νεωτερισμοῦ

341 2686 382 2737 Ε
412 2669 707 2753 ἐρῶντες.
733 2661 916 2735 Ἕστι
935 2675 1159 2733 ταῦτα.
1201 2670 1284 2733 OC
1315 2664 1388 2734 δὲ
1421 2663 1501 2752 δὴ
1536 2667 1961 2752 χρηματισταὶ
1993 2664 2416 2750 ἐγκύψαντες,

411 2764 570 2835 οὐδὲ
591 2772 948 2844 δοκοῦντες
966 2766 1246 2845 τούτους
1267 2763 1460 2855 ὁρᾷν,
1491 2774 1631 2834 τῶν
1662 2772 1915 2834 λοιπῶν
1936 2764 2057 2834 τὸν
2091 2764 2193 2835 ἀεὶ
2225 2763 2419 2836 ὑπεί-

406 2889 611 2932 κοντα
645 2867 925 2944 ἐνιέντες
965 2861 1291 2949 ἀργύριον
1331 2862 1821 2950 τιτρώσκοντες,
1866 2867 1977 2932 καὶ
2019 2871 2143 2934 τοῦ
2170 2862 2420 2948 πατρὸς
2488 2900 2495 2908 ·

269 2988 374 3042 556
408 2962 728 3048 ἐκγόνους
748 2963 987 3041 τόκους
1006 2968 1539 3041 πολλαπλασίους
1570 2961 2009 3050 κομιζόμενοι,
2043 2961 2262 3033 πολῦν
2297 2961 2419 3030 τὸν

406 3068 675 3146 κηφῆνα
694 3062 805 3127 καὶ
838 3058 1104 3145 πτωχὸν
1137 3064 1483 3146 ἐμποιοῦσι
1516 3069 1597 3149 τῇ
1628 3062 1835 3129 πόλει.
1880 3069 2036 3141 Πῶς
2075 3062 2226 3148 γάρ,
2264 3068 2414 3147 ἔφη,

407 3155 494 3225 οὐ
514 3156 764 3236 πολύν;
806 3154 982 3225 Οῦτε
1004 3156 1073 3243 γ’
1103 3162 1344 3245 ἐκείνῃ,
1364 3150 1453 3245 ἦν
1481 3161 1545 3227 δ’
1576 3160 1729 3246 ἐγώ,
1763 3160 1838 3227 τὸ
1862 3166 2170 3228 τοιοῦτον
2201 3157 2418 3226 κακὸν

405 3253 812 3341 ἐκκαόμενον
832 3259 1185 3325 ἐθέλουσιν
1206 3254 1726 3343 ἀποσβεννύναι,
1749 3267 2082 3342 εἴργοντες
2102 3254 2183 3325 τὰ
2206 3253 2420 3323 αὑτοῦ

408 3350 561 3419 ὅποι
597 3380 692 3432 τις
717 3354 1025 3440 βούλεται
1054 3356 1341 3440 τρέπειν,
1380 3355 1535 3422 οὔτε
1564 3359 1742 3442 τῇδε,
1776 3346 1826 3442 ᾗ
1857 3347 1946 3422 αὖ
1979 3350 2147 3422 κατὰ
2188 3355 2418 3438 ἕτερον

407 3447 615 3534 νόμον
637 3448 715 3518 τὰ
736 3459 1009 3519 τοιαῦτα
1033 3451 1273 3521 λύεται.
1323 3450 1510 3521 Κατὰ
1532 3452 1612 3539 δὴ
1634 3459 1815 3562 vtvgn
1846 3450 1959 3532 Ὃς
1979 3450 2123 3539 μετ’
2160 3452 2420 3521 ἐκεῖνόν
