2602 3928
330 259 452 323 174
1043 261 1254 318 ΠΛΑ
1275 259 1623 318 ΤΩΝΟΣ

328 426 438 492 καὶ
471 421 689 503 ῶσπερ
714 415 847 487 ὑπὸ
870 426 1010 487 τῶν
1032 419 1375 486 πεττεύειν
1411 422 1654 487 δεινῶν
1687 423 1757 486 οἰ
1783 417 1873 505 μὴ
1909 427 2343 499 τελευτῶντες

258 540 298 593 c
327 517 788 589 ἀποκλείονται
836 519 945 586 καὶ
988 513 1113 586 ούκ
1159 523 1426 602 ἔχουσιν
1468 514 1509 583 δ’
1547 543 1611 584 τι
1658 520 1974 603 φέρωσιν,
2013 510 2190 586 οὕτω
2233 521 2342 587 καὶ

329 633 517 703 σφεῖς
538 622 970 693 τελευτῶντες
990 615 1484 698 ἀποκλείεσθαι,
1510 617 1618 682 καὶ
1644 612 1768 682 ούκ
1793 622 1964 702 ἔχειν
1987 614 2029 682 ὅ
2048 643 2110 683 τι
2132 619 2343 702 λέγω·

327 736 436 782 σιν
468 711 601 781 ὑπὸ
625 719 918 792 πεττείας
948 704 1039 779 αὖ
1056 712 1301 798 ταύτης
1333 711 1515 789 τινὸς
1543 713 1783 797 ἑτέρας,
1829 710 1954 780 ούκ
1985 715 2057 780 ἐν
2091 715 2343 799 ψήφοις

328 810 477 881 ἀλλ’
501 815 576 881 ἐν
599 810 848 896 λόγοις·
867 811 1033 878 αέπεὶ
1064 808 1138 877 τό
1165 834 1249 894 γε,
1262 805 1509 894 ἀληθὲς
1530 807 1731 876 ούδέν
1750 836 1815 877 τι
1845 817 2101 897 μᾶλλον
2134 812 2342 896 ταύτῃ

332 916 521 997 ἔχειν.
568 912 738 995 λέγω
763 907 826 976 δ’
857 913 948 986 εἰς
974 908 1050 975 τὰ
1076 906 1297 994 παρόν
1319 905 1718 994 ἀποβλέψας.
1761 915 1892 975 νῦν
1912 906 2043 994 γὰρ
2067 917 2230 995 φαίη
2254 910 2344 975 ἄν
2410 946 2415 950 -

328 1014 424 1089 τίς
453 1030 558 1076 σοι
578 1007 753 1096 λόγῳ
776 1004 899 1092 μὲν
922 1003 1046 1072 οὐκ
1080 1009 1250 1090 ἔχειν
1285 1001 1450 1072 καθ’
1482 1006 1764 1074 ἕκαστον
1796 1005 1871 1073 τὸ
1909 1006 2342 1093 ἐρωτώμενον

328 1113 825 1188 ἐναντιοῦσθαι,
848 1107 1019 1194 ἔργῳ
1047 1103 1118 1171 δὲ
1146 1099 1337 1190 ὁρᾷν,
1363 1101 1512 1170 ὅσοι
1542 1100 1632 1171 ἀν
1661 1106 1766 1172 ἐπὶ
1789 1112 2198 1190 φιλοσοφίαν
2222 1101 2338 1185 ὁρ-

250 1234 295 1284 1)
327 1207 651 1294 μήσαντες
671 1199 760 1288 μὴ
784 1209 907 1268 τοῦ
929 1205 1417 1268 πεπαιδεῦσθαι
1440 1202 1633 1268 ἕνεκα
1646 1197 1977 1286 ἁψάμενοι
1994 1206 2132 1269 νέοι
2153 1201 2340 1280 ὄντες

328 1304 889 1383 ἀπαλλάττωνται,
913 1296 1079 1367 ἀλλὰ
1101 1299 1517 1386 μακρότερον
1538 1302 2023 1384 ἐνδιατρίψωσι,
2040 1294 2197 1378 τοὺς
2216 1299 2334 1385 μὲν

328 1409 674 1478 πλείστους
696 1400 805 1466 καὶ
833 1398 1013 1466 πάνυ
1033 1395 1438 1476 ἀλλοκότους
1459 1401 1912 1483 γιγνομένους,
1929 1403 2040 1467 ἵνα
2061 1399 2150 1485 μὴ
2174 1422 2333 1482 παμ-

327 1497 665 1584 πονήρους
723 1506 1028 1581 εἴπωμεν,
1079 1494 1235 1575 τοὺς
1290 1493 1353 1562 δ’
1405 1495 1926 1575 ἐπιεικεστάτους
1970 1501 2330 1573 δοκοῦντας

327 1596 508 1684 ὅμως
543 1594 741 1662 τοῦτό
780 1620 858 1679 γε
893 1592 1025 1661 ὑπὸ
1067 1604 1192 1665 ,τοῦ
1233 1593 1745 1680 ἐπιτηδεύματος
1788 1585 1873 1660 οὗ
1918 1592 2005 1660 σύ
2052 1596 2338 1670 ἐπαινεῖς

325 1696 724 1781 πάσχοντας,
748 1691 1120 1781 ἀχρήστους
1141 1706 1282 1771 ταῖς
1303 1692 1533 1761 πόλεσι
1553 1696 2012 1778 γιγνομένους.
2064 1693 2172 1758 καὶ
2206 1690 2334 1776 ε’γῶ

327 1792 639 1877 ἀκούσας,
679 1799 822 1860 Οἴει
860 1783 1005 1871 οὖν,
1049 1790 1257 1873 εἷπον,
1288 1788 1459 1869 ,τούς
1498 1796 1706 1857 ταῦτα
1753 1793 2062 1876 λέγοντας
2096 1789 2337 1871 ψεύδε-

327 1902 524 1972 σθαι;
573 1886 719 1958 Ούκ
758 1887 926 1972 οἶδα,
958 1880 1004 1974 ἦ
1036 1885 1104 1954 δ’
1143 1886 1238 1973 ὅς,
1275 1885 1443 1955 ἀλλὰ
1480 1887 1553 1956 τὸ
1587 1890 1692 1955 σοὶ
1727 1892 1980 1956 δοκοῦν
2010 1884 2218 1974 ἡδέως
2253 1882 2339 1953 ἀν

253 2011 296 2060 Ε
325 1988 654 2074 ἀκούοιμι.
691 1985 989 2065 Ἀκούοις
1015 1984 1122 2071 ἄν,
1159 1984 1261 2053 ὅτι
1297 1993 1516 2073 ἔμοιγε
1551 1993 1909 2073 φαίνονται
1940 1989 2200 2073 τάληθῆ
2229 1991 2337 2054 λε’-

322 2114 485 2174 γειν.
573 2093 730 2163 Πῶς
763 2076 921 2171 οὖν,
962 2089 1123 2170 ἔφη,
1160 2077 1238 2151 εὖ
1292 2091 1420 2171 ἔχει
1460 2091 1694 2171 λέγειν,
1743 2084 1845 2153 ὅτι
1888 2084 1972 2152 ού
2012 2085 2339 2169 πρότερον

323 2193 553 2253 κακῶν
576 2183 946 2251 παύσονται
966 2186 1042 2250 αί
1054 2184 1295 2270 πόλεις,
1323 2186 1479 2268 πρὶν
1502 2179 1589 2252 ἄν
1609 2188 1683 2253 ἐν
1707 2181 1939 2263 αὐταῖς
1962 2190 2032 2251 οἱ
2056 2184 2334 2270 φιλόσο-

328 2308 446 2368 φοι
480 2280 788 2367 ἄρξωσιν,
815 2278 934 2360 οὓς
968 2280 1336 2369 ἀχρήστους
1369 2280 1829 2369 ὁμολογοῦμεν
1866 2282 2093 2362 αύταῖς
2130 2282 2335 2364 εἶναι;

319 2371 684 2467 Ἐρωτᾷς,
640 2405 729 2463 ην
752 2376 816 2446 δ’
839 2380 990 2466 ἐγώ,
1023 2381 1326 2467 ἐρώτημα
1347 2382 1667 2468 δεόμενον
1688 2378 2099 2466 ἀποκρίσεως
2122 2386 2186 2449 δι
2241 2388 2337 2449 εἰ-

323 2475 523 2555 κόνος
543 2481 914 2570 λεγομένης.
955 2476 1064 2546 Σύ
1085 2482 1162 2545 δέ
1176 2505 1272 2564 γε,
1295 2484 1444 2566 ἔφη,
1471 2477 1670 2565 οἶμαι,
1697 2478 1821 2548 οὐκ
1847 2490 2091 2605 εἴωθας
2115 2479 2204 2548 δι’
2242 2485 2337 2547 εἰ·-

323 2575 448 2644 κόν
450 2602 546 2643 ων
568 2580 802 2660 λέγειν.

491 2681 589 2743 lv.
633 2674 815 2762 Εἶεν,
838 2674 1054 2744 εἶπον·
1101 2679 1423 2757 σκώπτεις
1446 2679 1864 2765 ἐμβεβληκώς
1886 2704 1967 2764 με
2003 2684 2095 2757 εἰς
2128 2678 2335 2761 λόγον

187 2800 291 2854 488
327 2774 504 2846 οὕτω
532 2774 1089 2857 δυσαπόδεικτονς
1132 2776 1338 2846 ἄκουε
1361 2776 1425 2847 δ’
1465 2771 1595 2846 οὖν
1626 2786 1744 2865 τῆς
1778 2777 2057 2861 εἰκόνος,
2098 2776 2188 2845 ἵν’
2240 2784 2332 2846 ἔτι

323 2883 580 2961 μᾶλλον
603 2878 766 2961 ἴδῃς,
791 2868 880 2951 ῶς
903 2880 1223 2960 γλίσχρως
1251 2876 1502 2957 εἰκάζω.
1535 2873 1710 2943 οὕτω
1734 2876 1863 2961 γὰρ
1884 2874 2174 2962 χαλεπὸν
2197 2877 2327 2944 πά·-

322 2981 450 3050 θος
499 2980 635 3039 τῶν
668 2971 1190 3054 ἐπιεικεστάτων,
1219 2969 1258 3041 ὂ
1290 2971 1458 3061 πρὸς
1488 2967 1605 3053 ’τάς
1631 2975 1854 3052 πόλεις
1884 2975 2327 3044 πεπόνθασιν.

326 3067 493 3136 ῶστε
517 3065 664 3135 οὐδ’
701 3073 881 3138 ἔστιν
903 3072 979 3138 ἓν
1013 3069 1213 3139 οὐδὲν
1251 3070 1414 3140 ἄλλο
1442 3078 1751 3141 τοιοῦτον
1773 3073 2133 3156 πεπονθός,
2157 3069 2326 3140 ἀλλά

326 3171 433 3235 δεῖ
448 3171 519 3234 ἐκ
542 3174 807 3235 πολλῶν
829 3165 990 3236 αὐτὰ
1015 3175 1411 3256 ξυναγαγεῖν
1435 3171 1773 3253 εἰκάζοντα
1809 3175 1919 3240 καὶ
1948 3170 2318 3258 ἀπολογού-

321 3290 528 3351 μενον
561 3264 729 3350 ὑπὲρ
763 3266 1007 3353 αὐτῶν,
1041 3265 1186 3335 οἷον
1220 3274 1289 3336 οἰ
1316 3284 1593 3356 γραφεῖς
1619 3271 2078 3356 τραγελάφους
2106 3272 2214 3337 καὶ
2248 3270 2337 3358 τάν

318 3371 590 3430 τοιαῦτα
623 3367 975 3451 μιγνύντες
1000 3367 1358 3453 γράφουσι.
1402 3369 1657 3454 νόησον
1683 3370 1812 3454 γὰρ
1846 3371 2175 3436 τοιουτονὶ
2212 3394 2325 3453 γε-

320 3459 607 3547 νόμενον
653 3475 780 3533 εἴτε
823 3473 1094 3532 πολλῶν
1135 3472 1309 3532 νεῶν
1352 3469 1500 3551 πέρι
1543 3476 1671 3535 εἴτε
1715 3473 1895 3553 μαῖς’
1943 3465 2327 3550 ναύκληρον
