2602 3928
354 188 481 253 420
1001 188 1391 249 ΤΙΜΑΙΩ.
1431 190 1767 250 ΛΟΚΡῼ
2279 199 2391 255 102

353 356 758 436 θεραπεῦεν,
780 351 845 429 ἐς
877 345 1004 418 τᾶν
1036 354 1399 434 κρατίσταν
1418 345 1745 438 ἁρμονίαν
1769 347 2009 434 ἅγοισα
2031 348 2150 429 τὰς
2170 352 2391 419 δυνά-

354 476 508 539 μιας
521 448 598 517 τό
620 442 869 537 τεαῖμα
892 445 1203 535 καθαρὰν
1224 449 1339 517 καὶ
1369 443 1445 516 τὸ
1480 452 1748 533 πνεῦμα
1770 447 2066 536 σύρροον
2088 445 2393 537 ἀπεργά-

354 555 548 634 ζεται,
560 545 649 616 ἵν’
679 552 742 617 εἰ
756 553 874 617 καί
886 572 951 616 τι
971 551 1264 626 νοσῶδες
1280 545 1698 633 ὑπογένοιτο,
1713 545 1959 634 κράτος
1968 542 2150 614 αὐτῶ
2168 552 2392 634 ἔχοιεν

353 648 724 737 ἐρρωμέναι
742 650 850 716 ταὶ
872 645 1190 734 δυνάμιες
1209 648 1485 732 αἵματος
1503 646 1617 714 καὶ
1636 648 2032 732 πνεύματος.

521 749 702 816 xvn.
751 743 1041 814 Μωσικᾶ
1076 744 1151 813 δὲ
1173 746 1286 813 καὶ
1318 740 1361 811 ἁ
1401 743 1649 823 ταύτας
1690 741 1961 831 ἁγεμῶν
1994 748 2389 830 φιλοσοφία,

287 871 327 923 Β
359 847 466 914 ἐπὶ
483 853 570 935 τᾷ
590 852 709 925 τᾶς
728 851 944 932 ψυχᾶς
964 843 1431 930 ἐπανορθῶσει
1454 845 1799 930 ταχθεῖσαι
1817 840 1951 913 ὑπὸ
1971 850 2161 912 θεῶν
2179 868 2249 912 τε
2273 845 2393 911 καὶ

357 943 609 1031 νόμων,
632 946 923 1025 ἐθίζοντι
943 944 1056 1012 καὶ
1082 947 1409 1030 πείθοντι,
1431 940 1514 1010 τὰ
1538 943 1611 1012 δὲ
1644 943 1756 1012 καὶ
1794 941 2390 1029 ποταναγκάζοντι,

354 1044 430 1113 τὸ
454 1043 576 1131 μὲν
597 1043 850 1130 ἄλογον
869 1050 965 1134 τῷ
985 1050 1278 1135 λογισμῷ
1304 1046 1686 1130 πείθεσθαι,
1705 1044 1795 1111 τῶ
1821 1039 1887 1110 δ’
1913 1040 2136 1129 ἄλόγω
2152 1039 2394 1128 θυμὸν

356 1144 480 1230 μὲν
512 1149 733 1229 πρᾶον
770 1141 970 1229 εἶμεν,
1006 1144 1375 1229 ἐπιθυμίαν
1408 1141 1482 1211 δὲ
1514 1143 1589 1211 ἐν
1620 1139 1958 1230 άρεμήσει,
1988 1138 2080 1221 ῶς
2106 1140 2197 1229 μὴ
2235 1145 2394 1228 δίχα

354 1240 534 1326 λόγω
557 1241 923 1326 κινέεσθαι,
946 1243 1112 1327 μηδὲ
1132 1238 1270 1327 μὰν
1291 1237 1658 1328 ἀτρεμίζειν
1669 1247 1776 1308 τῶ
1803 1244 1905 1308 νῶ
1924 1242 2388 1328 ἐκκαλεομένω

356 1333 400 1424 ἢ
443 1337 593 1405 ποτὶ
632 1341 795 1425 ἔργα
831 1333 879 1424 ἦ
908 1340 1058 1407 ποτὶ
1097 1336 1525 1417 άπολαύσιας.
1588 1329 1788 1418 οὗτος
1825 1337 1958 1427 γάρ
2000 1341 2181 1407 ἐστιν
2225 1336 2392 1425 ὅρος

358 1434 826 1521 σωφροσύνας,
851 1433 1197 1505 εύπείθειά
1216 1462 1289 1504 τε
1322 1438 1436 1504 καὶ
1457 1441 1789 1525 καρτερία.
1834 1437 1946 1505 καὶ
1975 1435 2242 1516 σύνεσις
2273 1438 2389 1505 καὶ

359 1530 402 1600 ἃ
439 1538 801 1620 πρεσβίστα
836 1539 1202 1621 φιλοσοφία
1235 1532 1840 1620 άποκαθαράμεναι
1869 1533 2156 1616 ψευδέας
2188 1533 2390 1615 δόξας

287 1650 330 1703 c
362 1634 701 1719 ἐνέθηκαν
727 1630 857 1702 τάν
888 1631 1278 1719 ἐπιστάμαν,
1325 1630 1901 1718 άνακαλεσάμεναι
1943 1629 2068 1701 τὸν
2102 1631 2269 1702 νόον
2310 1637 2387 1701 ἐκ

357 1730 650 1816 μεγάλας
669 1735 788 1810 τᾶς
808 1727 1105 1817 ἀγνοίας,
1126 1730 1499 1817 χαλάσασαι
1517 1735 1585 1810 ἐς
1615 1728 1778 1812 ὄψιν
1807 1737 1945 1799 τῶν
1976 1735 2210 1816 θείων,
2246 1746 2389 1811 τοῖς

359 1832 770 1916 ἑνδιατρῑβεν
789 1828 923 1898 σὺν
944 1826 1271 1919 αύταρκίᾳ
1288 1855 1362 1898 τε
1395 1826 1953 1917 ποττᾶνθροόπεια
1974 1830 2088 1898 καὶ
2117 1827 2248 1897 σὺν
2265 1824 2390 1897 εύ-

360 1933 512 2018 ροίᾳ
533 1929 640 1998 ἐπὶ
670 1925 793 1998 τόν
814 1927 1195 2018 σύμμετρον
1225 1935 1353 2017 βίω
1385 1929 1634 2016 χρόνον
1654 1926 1982 2017 εὔδαιμόν
2011 1930 2208 1998 ἐστιν.
2249 1924 2388 2018 ὅτφ

358 2026 481 2113 μὲν
510 2025 591 2113 δὴ
633 2021 672 2095 ὁ
714 2030 973 2113 δαίμων
1011 2034 1247 2115 μοίρας
1287 2024 1483 2096 τοῖσδ’
1524 2032 1733 2113 ἔλαχε,
1779 2023 1870 2096 δι’
1917 2023 2390 2114 άληθεστάταν

355 2123 559 2204 δόξαν
588 2122 819 2209 ἄγεται
850 2127 958 2193 ἐπὶ
987 2123 1111 2194 τὸν
1132 2124 1733 2213 εὐδαιμονέστατον
1751 2131 1904 2214 βίον
1918 2153 1933 2167 ·
1979 2131 2043 2194 εί
2060 2127 2141 2194 δέ
2166 2124 2255 2194 κά
2284 2152 2387 2206 τις

355 2221 642 2308 σκλαρός
662 2223 775 2291 καὶ
793 2221 1098 2312 α’πειθής,
1120 2232 1218 2315 τῷ
1253 2222 1321 2292 δ’
1359 2225 1624 2293 ἑπέσθω
1658 2222 1929 2304 κόλασις
1962 2221 2007 2290 ἅ
2036 2221 2098 2291 τ’
2134 2226 2209 2292 ἐκ
2243 2230 2388 2293 τῶν

273 2334 319 2386 Ι)
356 2319 589 2406 νόμων
608 2321 719 2390 καὶ
740 2317 784 2389 ἅ
804 2324 880 2391 ἐκ
898 2330 1038 2392 τῶν
1062 2323 1308 2411 λόγων,
1338 2322 1633 2392 σύντονα
1662 2322 1985 2409 ἐπάγοισα
2018 2323 2292 2409 δείματά
2312 2349 2389 2392 τε

355 2416 723 2506 ἐπουράνια
743 2421 855 2489 καὶ
887 2418 971 2489 τὰ
996 2418 1162 2490 καθ’
1189 2419 1450 2506 Ἅιδεω,
1474 2418 1577 2490 ὅτι
1609 2419 1914 2499 κολάσιες
1946 2416 2391 2507 ἀπαραίτητοι

354 2514 743 2587 άπόκεινται
763 2521 1162 2607 δνσδαίμοσι
1181 2521 1539 2607 νερτέροις,
1563 2521 1673 2589 καὶ
1695 2510 1905 2588 τᾶλλα
1938 2516 2066 2588 οσα
2097 2521 2384 2588 ἐπαινέω

354 2617 476 2685 τὸν
504 2615 799 2686 Ἰωνικὸν
832 2641 1116 2706 πονηταν
1137 2620 1212 2687 ἐκ
1243 2626 1527 2699 παλαιᾶς
1560 2623 1882 2686 ποιεῦντα
1913 2618 2043 2697 τῶς
2076 2618 2384 2702 ἐναγέας·

358 2743 445 2796 ως
480 2713 613 2805 γὰρ
648 2743 733 2785 τα
765 2716 1038 2805 σώματα
1068 2717 1405 2787 νοσῶδεσί
1436 2741 1612 2787 ποκα
1645 2714 2013 2839 ὑγιάζομες,
2053 2725 2133 2784 αἴ
2167 2742 2255 2784 κα
2289 2713 2383 2804 μὴ

354 2824 501 2902 είκῃ
523 2829 660 2895 τοῖς
681 2812 1175 2904 ὑγιεινοτάτοις,
1199 2815 1380 2886 ούτω
1400 2815 1519 2896 τὰς
1549 2815 1764 2903 ψυχας
1799 2815 2194 2902 α’πείργομες
2213 2828 2386 2898 ψευ-

356 2914 498 2980 δέσι
543 2913 785 3003 λόγοις,
832 2925 898 2986 εἴ
935 2943 1024 2985 κα
1065 2913 1154 3004 μὴ
1198 2914 1438 3003 α’γηται
1485 2913 1783 2984 ἄλαθέσι.
1835 2917 2135 3002 λέγοιντο
2182 2911 2252 2982 δ’
2293 2941 2388 2982 αν

356 3007 735 3096 ἀναγκαίως
781 3015 895 3083 καὶ
942 3020 1248 3102 τιμωρίαι
1293 3017 1495 3101 ξέναι,
1540 3011 1629 3094 ὥς
1677 3013 2217 3101 μετενδνομέναν
2254 3019 2384 3081 τᾶν

277 3123 322 3177 Β
356 3113 581 3194 ψυχάν
614 3119 751 3179 τῶν
780 3115 905 3198 μὲν
947 3118 1185 3183 δειλῶν
1217 3115 1286 3192 ἐς
1317 3114 1639 3199 γυναικέα
1670 3110 1921 3181 σκάνεα
1964 3108 2129 3180 ποθ’
2175 3108 2383 3198 ὕβριν

357 3206 771 3292 ἐκδιδόμενα,
800 3218 941 3279 τῶν
971 3212 1044 3281 δὲ
1080 3210 1462 3299 μιαιφόνων
1505 3214 1571 3291 ἐς
1609 3217 1877 3298 θηρίων
1918 3210 2191 3297 σώματα
2229 3210 2384 3278 ποτὶ

358 3302 657 3388 κόλασιν,
688 3305 960 3392 λάγνων
982 3309 1047 3377 δ’
1072 3311 1139 3389 ἐς
1161 3318 1349 3381 σνῶν
1381 3307 1427 3398 ἦ
1457 3311 1738 3398 κάπρων
1773 3308 2061 3398 μορφάς,
2095 3308 2384 3396 κθύφω*

359 3401 431 3464 δὲ
472 3402 585 3467 καὶ
626 3404 980 3491 μετεώρων
1022 3410 1090 3487 ἐς
1125 3416 1398 3499 πτηνῶν
1429 3408 1843 3497 ἀεροπόρων,
1890 3406 2120 3494 ἀργῶν
2162 3409 2236 3475 δὲ
2268 3411 2383 3477 καὶ
