2602 3928
401 197 522 260 112
1147 192 1718 263 ΠΛΑΤΩΝΟΣ

400 362 511 427 καὶ
535 365 850 427 κάλλιστα
873 355 984 423 καὶ
1008 362 1237 438 πρώτα
1266 360 1403 419 τών
1436 351 2022 437 νομοθετημάτων.
2086 351 2180 419 To}
2221 366 2411 433 ποῖα;

400 450 443 543 ἦ
469 452 532 524 δ’
559 453 651 534 ὅς.
686 450 908 540 Ἱερῶν
930 477 1000 520 τε
1022 451 1317 536 ἱδρύσεις
1337 452 1446 517 καὶ
1481 456 1717 517 θυσίαι
1751 452 1862 516 καὶ
1892 449 2087 518 ἄλλαι
2119 458 2304 518 θεῶν
2338 477 2413 520 τε

399 556 509 622 καὶ
532 548 870 637 δαιμόνων
895 551 1004 617 καὶ
1024 546 1270 636 ἡρώων
1298 556 1666 631 θεραπεῖαι,
1703 546 2281 634 τελευτησάντων*
2303 549 2412 616 τε*

400 644 490 720 αὖ
512 656 718 736 θῆκαι
739 649 848 715 καὶ
870 645 995 715 ὅσα
1015 661 1150 725 τοῖς
1171 650 1310 714 ἐκεῖ
1326 650 1431 712 δεῖ
1450 645 1944 732 ὑπηρετοῦντας
1964 648 2152 725 ἵλεως
2164 644 2412 723 αὐτοὺς

402 754 590 835 ἔχειν.
644 745 725 813 τὰ
749 743 878 832 γὰρ
900 742 982 831 δὴ
1007 751 1279 811 τοιαῦτα
1316 741 1437 810 οὔτ
1445 739 1900 828 ’ἐπιστάμεθα
1921 738 2104 828 ἡμεῖς
2128 736 2540 824 οἰοιι,’ζον-ῗ“””“’ἱ

327 853 368 905 G
400 850 505 925 τές
536 869 608 911 τε
639 841 836 910 πόλιν
868 838 1110 908 οὐδενὶ
1133 839 1312 927 ἄλλω
1348 838 1740 957 πεισόμεθα,
1779 838 1899 907 ἐὰν
1933 848 2102 908 νοῦν
2111 846 2411 959 ἔχωμεν,

402 940 563 1009 οὐδὲ
594 937 981 1026 χρησόμεθα
1011 941 1290 1023 ἐξηγητῇ
1326 930 1478 1002 ἀλλ’
1489 933 1550 1020 ἢ
1584 943 1679 1001 τώ
1712 942 1995 1024 πατρίῳ·
2053 927 2250 1017 οὑτος
2277 965 2409 1025 γαρ

404 1041 621 1126 δήπου
672 1033 708 1101 ὁ
752 1034 916 1113 θεὸς
962 1037 1113 1120 περὶ
1155 1035 1236 1101 τὰ
1288 1041 1561 1101 τοιαῦτα
1604 1042 1807 1101 πᾶσιν
1850 1033 2239 1121 ἀνθρώποις
2280 1037 2413 1104 πά-

402 1160 584 1220 τριος
605 1133 912 1220 ἐξηγητὴς
932 1136 1007 1201 ἐν
1038 1138 1218 1222 μέσῳ
1246 1140 1364 1218 τῆς
1397 1140 1520 1219 γῆς
1551 1134 1656 1201 ἐπὶ
1691 1142 1814 1200 τοῦ
1848 1131 2157 1220 ὀμφαλοῦ
2188 1134 2412 1221 καθή-

403 1261 602 1323 μενος
624 1236 956 1319 ἐξηγεῖται.
1009 1236 1142 1301 Καὶ
1162 1238 1385 1310 καλοῖς
1406 1229 1498 1316 γ’,
1525 1237 1676 1317 ἔφη,
1699 1236 1937 1318 λέγεις·
1973 1234 2082 1301 καὶ
2103 1237 2412 1318 ποιητέον

404 1358 597 1400 ουτω.

318 1444 362 1493 D
575 1433 670 1495 v1.
721 1427 1092 1514 Ὠικισμένη
1112 1427 1238 1513 μὲν
1255 1435 1508 1511 τοίνυν,
1533 1422 1619 1516 ἦν
1641 1425 1702 1496 δ’
1728 1429 1878 1514 ἐγώ,
1902 1427 2029 1514 ἤδη
2051 1427 2136 1495 ἄν
2160 1446 2265 1495 σοι
2286 1436 2409 1514 εἴη,

406 1520 461 1596 ώ
482 1541 605 1596 παῖ
615 1525 1021 1613 Ἀρίστωνος,
1051 1522 1094 1611 ἡ
1115 1524 1338 1604 πόλις·
1383 1524 1459 1594 τὰ
1483 1527 1556 1595 δὲ
1577 1524 1658 1612 δὴ
1683 1525 1845 1612 μετὰ
1867 1532 2063 1594 τοῦτο
2088 1524 2321 1594 σκόπει
2338 1528 2412 1593 έν

406 1625 579 1718 αὐτῇ
618 1635 762 1714 φώς
792 1630 1012 1695 ποθὲν
1044 1627 1489 1712 πορισάμενος
1523 1625 1762 1696 ἰκανὸν
1797 1625 1998 1704 αὐτός
2037 1651 2108 1693 τε
2140 1626 2249 1693 καὶ
2292 1622 2410 1694 τὸν

405 1726 703 1813 άδελφόν
723 1724 1090 1813 παρακάλει
1110 1727 1221 1793 καὶ
1242 1730 1677 1811 Πολέμαρχον
1702 1727 1812 1793 καὶ
1832 1725 1991 1805 τοὺς
2012 1722 2274 1809 ἄλλους,
2292 1723 2410 1791 ἐάν

405 1850 545 1906 πως
587 1830 854 1910 ἴδωμεν,
902 1829 1036 1890 ποῦ
1079 1821 1229 1889 ποτ’
1277 1818 1364 1889 ἂν
1411 1833 1507 1908 εἰη
1550 1819 1592 1908 ἡ
1631 1822 2021 1908 δικαιοσύνη
2053 1822 2166 1890 καὶ
2199 1827 2334 1888 ποῦ
2364 1817 2409 1906 ἡ

404 1924 645 2008 άδικία,
671 1925 783 1991 καὶ
804 1928 872 1989 τί
900 1918 1213 2007 ἀλλήλοιν
1249 1923 1665 2008 διαφέρετον,
1702 1922 1811 1989 καὶ
1847 1917 2131 2005 πότερον
2166 1923 2267 1987 δεῖ
2297 1943 2407 1986 κε·-

402 2029 688 2107 κτῆσθαι
721 2016 840 2085 τὸν
874 2020 1196 2103 μέλλοντα
1219 2015 1582 2103 εὐδαίμονα
1617 2018 1808 2103 εἶναι,
1847 2018 1964 2086 ἐάν
1996 2043 2065 2084 τε
2100 2016 2410 2104 λανθάνῃ

404 2117 524 2186 ἐάν
544 2142 614 2185 τε
636 2113 725 2201 μὴ
747 2114 999 2193 πάντας
1018 2113 1228 2193 θεούς
1248 2142 1319 2183 τε
1339 2117 1447 2183 καὶ
1469 2113 1893 2199 ἀνθρώπους.
1939 2114 2163 2185 Οὐδὲν
2184 2118 2408 2199 λέγεις,

337 2234 379 2284 Ε
412 2222 540 2301 ἔφη
564 2210 600 2283 ὁ
622 2213 951 2281 Γλαύκων
966 2239 980 2253 ’
1020 2212 1107 2281 σύ
1131 2209 1259 2298 γὰρ
1279 2210 1574 2301 ὑπέσχου
1595 2214 1911 2303 ζητήσειν,
1950 2212 2038 2294 ὥς
2067 2212 2189 2301 οὐχ
2224 2211 2406 2280 ὅσιόν

408 2330 513 2379 σοι
556 2306 637 2376 ὂν
680 2309 768 2394 μὴ
816 2306 900 2377 ού
942 2316 1223 2396 βοηθεῖν
1278 2313 1672 2400 δικαιοσύνῃ
1728 2318 1820 2390 είς
1872 2312 2162 2397 δύναμιν
2214 2311 2408 2377 παντὶ
2464 2335 2472 2342 ’

404 2408 648 2498 τρόπῳ.
690 2406 957 2493 Ἀληθῆ,
995 2412 1165 2495 ἔφην
1199 2408 1349 2495 ἐγώ,
1385 2406 1925 2497 ὑπομιμνήσκεις,
1960 2412 2068 2478 καὶ
2105 2408 2410 2495 ποιητέον

405 2510 527 2592 μέν
549 2531 625 2591 γε
649 2501 846 2587 οὕτω,
870 2503 993 2590 χρὴ
1027 2507 1099 2574 δὲ
1132 2509 1242 2575 καὶ
1277 2503 1467 2595 ὑμᾶς
1485 2507 1987 2593 ξυλλαμβάνειν.
2028 2503 2225 2590 Ἀλλ’,
2263 2510 2412 2591 ἔφη,

405 2602 767 2689 ποιήσομεν
803 2599 999 2670 οὕτω.
1062 2601 1330 2686 Ἐλπίζω
1363 2610 1617 2690 τοίνυν,
1663 2596 1749 2691 ἦν
1794 2603 1857 2672 δ’
1904 2602 2053 2691 ἐγώ,
2104 2602 2415 2691 εὑρήσειν

408 2699 571 2770 αὐτὸ
598 2693 746 2768 οἶδε.
799 2696 982 2785 οἶμαι
999 2698 1158 2788 ἡμῖν
1177 2701 1303 2790 τήν
1326 2704 1546 2789 πόλιν,
1572 2712 1756 2787 εἴπερ
1778 2699 2004 2788 ὀρθαῖς
2024 2729 2100 2788 γε
2121 2702 2412 2792 ᾤκισται,

406 2804 637 2878 τελέως
659 2796 927 2883 άγαθὴν
948 2796 1131 2869 εἶναι.
1175 2798 1480 2888 Ἀνάγκη,
1506 2808 1652 2888 ἔφη.
1720 2808 1952 2886 Δῆλον
1988 2798 2068 2886 δὴ
2105 2799 2205 2867 ὅτι
2237 2798 2416 2885 σοφή

407 2895 468 2965 τ’
496 2899 629 2965 ἐστὶ
650 2899 761 2966 καὶ
784 2895 1060 2979 άνδρεία
1080 2904 1192 2968 καὶ
1217 2898 1510 2987 σώφρων
1544 2903 1655 2968 καὶ
1688 2904 1925 2968 δικαία.
1952 2907 2200 2984 Δῆλον.
2229 2894 2414 2965 Οὐκ-

409 3004 536 3063 οῦν
569 2994 609 3064 ὅ
638 3021 701 3063 τι
730 2993 818 3065 ἂν
855 2994 1080 3065 auh-‹23²›
1103 2998 1403 3083 εὕρωμεν
1423 2999 1495 3066 ἐν
1515 2995 1704 3086 αὐτῇ,
1739 2996 1812 3066 τό
1837 2993 2208 3064 ὑπόλοιπον
2238 3000 2416 3062 ἔσται

276 3115 376 3172 428
407 3117 480 3160 το
507 3090 629 3179 οὐχ
663 3090 1060 3181 εὑρημένον;
1112 3101 1196 3162 Τί
1208 3094 1371 3182 μήν;
1401 3094 1654 3182 Ὥσπερ
1690 3099 1921 3163 τοίνυν
1958 3093 2181 3162 ἄλλων
2214 3100 2418 3161 τινών

407 3188 758 3277 τεττάρων,
796 3196 858 3259 εί
896 3193 971 3259 ’έν
1012 3218 1075 3258 τι
1114 3193 1469 3279 ἐζητοῦμεν
1510 3189 1737 3260 αὐτῶν
1773 3194 1847 3259 ἐν
1890 3189 2172 3281 ὁτῳοῦν,
2216 3187 2416 3258 ὁπότε
2480 3279 2486 3284 θ

406 3295 674 3374 πρώτον
709 3291 922 3357 ἐκεῖνο
956 3295 1273 3376 ἔγνωμεν,
1321 3294 1568 3370 ἱκαναῖς
1603 3286 1691 3357 ἄν
1725 3288 1896 3375 εἶχεν
1928 3287 2107 3376 ἡμῖν,
2139 3293 2201 3357 εἰ
2231 3288 2304 3358 δὲ
2338 3290 2418 3356 τὰ

403 3392 550 3473 τρία
572 3387 902 3475 πρότερον
913 3392 1384 3476 ἐγνωρίσαμεν,
1411 3386 1592 3478 αὐτῷ
1614 3383 1702 3456 ἄν
1720 3388 1935 3479 τούτω
1961 3387 2318 3474 ἐγνώριστο
2345 3385 2416 3454 τό
