2602 3928
901 244 1478 303 ΠΟΛΙΤΕΙΑΣ
1512 236 1583 323 y'.
2156 241 2232 303 91

238 405 428 470 λίδου
462 402 612 488 γάρ,
650 395 739 488 ἦν
760 399 820 471 δ’
856 402 1005 487 ἐγώ,
1044 401 1168 470 οὐκ
1201 399 1487 486 ἀκούεις,
1523 407 1664 480 πῶς
1696 403 1859 489 φησὶ
1884 352 2047 485 decit,
2079 400 2245 471 ὅταν

238 525 327 589 τω
348 497 477 586 ἤδη
500 505 644 585 βίος
663 491 727 587 ᾖ,
750 497 993 585 ἀρετὴν
1014 496 1263 568 ἀσκεῖν.
1314 497 1514 586 Οἶμαι
1540 504 1616 568 δέ
1630 525 1740 586 γε,
1766 507 1916 587 ἔφη,
1940 505 2051 568 καὶ
2074 501 2244 584 πρό-

238 621 449 681 τερον.
486 590 744 681 Μηδέν,
769 595 980 680 εἷπον,
1012 599 1161 680 περὶ
1183 598 1430 664 τούτου
1452 595 1635 687 αὐτῷ
1668 598 2052 685 μαχώμεθα,
2088 596 2239 666 ἀλλ’

236 691 405 780 ἡμᾶς
445 691 691 773 αύτούς
734 695 1124 780 διδάξωμεν,
1166 693 1452 778 πότερον
1494 700 1882 781 μελετητέον
1919 704 2118 764 τοῦτο
2149 704 2241 786 τῷ

236 797 532 881 πλουσίω
553 794 664 860 καὶ
684 789 970 879 ἀβίωτον
989 801 1085 878 τῷ
1116 789 1205 879 μὴ
1230 800 1603 877 μελετῶντι,
1636 788 1682 879 ἦ
1707 802 2111 879 νοσοτροφία
2137 820 2248 861 τε-
2280 806 2319 856 Β

239 897 517 976 κτονικῇ
538 891 662 975 μὲν
684 891 795 957 καὶ
816 898 959 968 ταῖς
980 889 1207 968 ἄλλαις
1227 894 1484 976 τέχναις
1504 891 1822 977 ἐμπόδιον
1841 900 1924 980 τῇ
1944 893 2247 974 προσέξει

234 992 359 1052 τοῦ
381 995 529 1072 νοῦ,
560 988 634 1054 τὸ
661 987 731 1056 δὲ
751 992 1151 1056 Φωκυλίδου
1176 982 1656 1074 παρακέλευμῶ
1671 987 1875 1057 οὐδὲν
1896 992 2240 1074 ἐμποδίζει.

237 1085 375 1151 Ναὶ
396 1082 487 1169 μά
517 1082 642 1152 τὸν
662 1091 816 1168 Δία,
851 1076 897 1170 ἦ
926 1082 988 1151 δ’
1028 1080 1122 1168 ὅς,
1149 1083 1388 1169 σχεδόν
1412 1086 1492 1169 γέ
1511 1111 1576 1152 τι
1597 1086 1869 1155 πάντων
1891 1087 2174 1172 μάλιστα
2200 1081 2247 1172 ἥ

234 1207 315 1267 γε
334 1184 699 1267 περαιτέρω
721 1187 1171 1267 γυμναστικῆς
1191 1179 1233 1266 ἡ
1263 1178 1528 1268 περιττὴ
1551 1181 1721 1269 αὕτη
1755 1186 2087 1269 ἐπιμέλεια
2119 1189 2243 1250 τοῦ

235 1279 534 1364 σώματος
551 1306 564 1320 ·
619 1283 730 1348 καὶ
770 1277 899 1366 γάρ
942 1276 1111 1363 πρὸς
1152 1284 1530 1365 οἰκονομίας
1561 1283 1672 1349 καὶ
1706 1279 1874 1366 πρὸς
1905 1287 2245 1364 στρατείας

233 1378 347 1444 καὶ
368 1373 534 1460 πρὸς
555 1378 859 1459 ἑδραίους
877 1377 955 1443 ἐν
975 1374 1164 1442 πόλει
1184 1371 1388 1460 ἀρχὰς
1416 1376 1760 1454 δύσκολος.
1809 1374 1899 1444 Τὸ
1926 1378 1997 1443 δὲ
2019 1375 2100 1462 δη
2125 1379 2244 1460 με’-

235 1493 486 1559 γιστον,
510 1471 613 1540 ὅτι
633 1473 745 1540 καὶ
778 1470 946 1557 πρὸς
976 1472 1301 1558 μαθήσεις
1334 1471 1737 1543 ἁστινασοῦν
1764 1475 1874 1541 καὶ
1907 1472 2244 1559 ἐννοήσεις

232 1594 307 1637 τε
347 1571 458 1637 καὶ
497 1571 766 1654 μελέτας
800 1568 967 1655 πρὸς
1002 1568 1242 1638 ἑαυτὸν
1274 1571 1542 1657 χαλεπή,
1578 1579 1871 1658 κεφαλῆς
1898 1568 2086 1648 τινάς
2119 1567 2247 1637 αἰεὶ
2282 1582 2319 1633 c

237 1666 565 1743 διατάσεις
585 1668 694 1734 καὶ
718 1672 1012 1751 ἰλίγγους
1033 1663 1504 1735 ὑποπτεύουσα
1525 1669 1637 1735 καὶ
1658 1671 2005 1754 αἰτιωμένη
2029 1670 2103 1735 ἐκ
2128 1692 2245 1751 φι-

236 1769 558 1848 λοσοφίας
589 1767 1027 1850 ἐγγίγνεσθαι,
1071 1763 1258 1850 ὥστε,
1304 1762 1435 1852 ὅπῃ
1469 1767 1675 1854 ταύτῃ
1712 1764 1907 1852 ἀρετὴ
1951 1764 2242 1832 ἀσκεῖται

234 1866 347 1932 καὶ
384 1861 813 1948 δοκιμάζεται,
857 1861 1076 1949 πάντῃ
1107 1861 1420 1946 ἐμπόδιος
1434 1888 1450 1904 ·
1507 1862 1786 1948 κάμνειν
1816 1863 1944 1949 γὰρ
1980 1871 2244 1931 οἴεσθαι

233 1973 411 2028 ποιεῖ
436 1956 540 2028 ἀεὶ
566 1961 689 2048 καὶν
699 1956 1024 2052 ὠδίνοντα
1045 1958 1292 2046 μήποτε
1327 1959 1557 2047 λήγειν
1579 1963 1725 2046 περὶ
1763 1968 1885 2029 τοῦ
1920 1959 2239 2045 σώματος.

232 2059 438 2136 Εἰκός
462 2056 556 2143 γ’,
599 2063 745 2145 ἔφη.
795 2055 1073 2126 Ούκούν
1104 2065 1312 2126 ταῦτα
1351 2059 1811 2145 γιγνώσκοντα
1854 2065 2092 2144 φῶμεν
2132 2059 2244 2126 καὶ

227 2154 625 2241 Ἀσκληπιὸν
647 2153 804 2234 τούς
823 2155 951 2240 μὲν
969 2156 1171 2244 φύσει
1188 2181 1259 2223 τε
1283 2158 1394 2223 καὶ
1415 2160 1631 2243 διαίτῃ
1651 2153 1960 2241 ὑγιεινῶς
1979 2162 2246 2240 ἔχοντας

233 2254 316 2321 τά
338 2253 630 2339 σώματα,
663 2252 922 2339 νόσημα
945 2258 1024 2322 δέ
1039 2280 1103 2320 τι
1123 2251 1648 2340 ἀποκεκριμένον
1680 2263 1981 2338 ἴσχοντας
2014 2257 2086 2319 ἐν
2120 2249 2245 2320 αὑ·-
2278 2270 2319 2320 1>

234 2364 390 2435 τοῖς,
414 2350 673 2429 τούτοις
692 2350 813 2435 μὲν
847 2354 958 2418 καὶ
990 2350 1199 2437 ταύτῃ
1229 2358 1312 2439 τῇ
1345 2351 1474 2430 ἕξει
1507 2355 1878 2431 καταδεῖξαι
1921 2350 2243 2435 ἰατρικήν,

236 2447 615 2534 φαρμάκοις
634 2473 705 2515 τε
725 2449 833 2516 καὶ
854 2449 1083 2533 τομαῖς
1110 2445 1189 2515 τὰ
1215 2445 1557 2534 νοσήματα
1591 2448 2000 2536 ἐκβάλλοντα
2019 2446 2247 2515 αὐτῶν

233 2541 361 2630 τὴν
402 2550 727 2612 εἰωθυῖαν
764 2546 1194 2629 προστάττειν
1231 2550 1509 2630 δίαιταν,
1545 2551 1656 2615 ἵνα
1695 2544 1783 2632 μὴ
1826 2544 1907 2613 τὰ
1944 2541 2244 2614 πολιτικοὶ

235 2642 541 2729 βλάπτοι,
564 2639 744 2709 τοὶ-δ’
783 2651 940 2709 εἰσω
973 2639 1082 2709 διά
1114 2640 1364 2721 παντὸς
1387 2642 1792 2729 νενοσηκότα
1815 2641 2088 2728 σώματα
2120 2640 2244 2709 οὐκ

235 2742 583 2824 ἐπιχειρεῖν
605 2743 881 2819 διαίταις
914 2737 1081 2809 κατὰ
1111 2740 1393 2827 σμικρὸν
1414 2739 1878 2810 ἀπαντλοῦντα
1901 2745 2009 2809 καὶ
2032 2743 2244 2826 ἐπιχέ-

240 2862 403 2904 οντα
424 2836 684 2922 μακρόν
705 2839 816 2906 καὶ
837 2835 1048 2905 κακὸν
1068 2845 1219 2925 βίον
1240 2837 1589 2929 ἀνθρώπω
1611 2853 1847 2926 ποιεῖν,
1871 2842 1977 2907 καὶ
2004 2843 2247 2923 ἔκγονα

238 2930 485 3019 αὐτῶν,
511 2932 600 3012 ὥς
618 2932 694 3004 τὸ
721 2934 918 3020 εἰκός,
941 2938 1131 3020 ἕτερα
1151 2944 1425 3005 τοιαῦτα
1449 2937 1788 3023 φυτεύειν,
1822 2934 1989 3004 ἀλλά
2010 2935 2131 3004 τὸν
2155 2934 2244 3022 μὴ

238 3030 623 3117 δυνάμενον
655 3035 730 3100 έν
762 3041 844 3120 τῇ
883 3043 1337 3124 καθεστηκυίᾳ
1379 3035 1664 3125 περιόδῳ
1708 3038 1841 3122 ζῆν’
1859 3033 1947 3121 μὴ
1983 3043 2247 3102 οἴεσθαι
2283 3052 2323 3101 Ε

239 3132 377 3195 δεῖν
397 3128 824 3214 θεραπεύειν,
851 3128 939 3210 ὥς
962 3129 1119 3200 οὔτε
1138 3131 1323 3224 αὐτῷ
1342 3132 1497 3201 οὔτε
1520 3134 1708 3201 πόλει
1729 3139 2068 3217 λυσιτελῆ;
2104 3140 2247 3199 Πο-

237 3224 511 3305 λιτικόν,
535 3231 686 3313 ἔφη,
709 3230 919 3314 λέγεις
939 3229 1348 3317 Ἀσκληπιόν.
1390 3237 1643 3316 Δῆλον,
1665 3223 1711 3317 ἦ
1715 3257 1758 3297 ν
1777 3226 1843 3298 δ’
1868 3229 1999 3314 ἐγώ
2015 3256 2028 3270 ·
2052 3232 2161 3298 καὶ
2184 3232 2254 3296 οἱ

237 3326 465 3401 παῖδες
486 3320 721 3409 αὐτοῦ,
745 3324 848 3393 ὅτι
869 3335 1168 3405 τοιοῦτος
1189 3322 1296 3414 ἦν,
1324 3326 1448 3415 οὐχ
1470 3327 1633 3417 ὁρᾷς
1670 3326 1761 3407 ως
1786 3330 1893 3395 καὶ
1927 3330 2004 3395 ἐν
2043 3332 2248 3413 Τροία

235 3417 482 3503 ἀγαθοὶ
516 3444 686 3507 προς
705 3419 830 3490 τὸν
851 3423 1146 3513 πόλεμον
1165 3425 1533 3513 ἐφάνησαν,
1575 3427 1687 3494 καὶ
1714 3431 1794 3514 τῇ
1830 3429 2109 3509 ἰατρικῇ,
2155 3418 2246 3499 ὡς
2279 3450 2383 3507 408
