2602 3928
325 221 451 282 369.
487 184 494 189 ⁵
1060 218 1636 277 ΠΛΑΤΩΝΟΣ
2270 226 2341 279 44

326 389 581 469 μᾶλλον
603 376 689 447 ἀν
709 379 917 468 ταύτῃ
937 377 1095 457 στάς
1119 377 1387 456 εἰκότως
1408 376 1821 463 διαπορήσαι.
1860 373 1936 444 τὰ
1959 377 2083 463 μὲν
2103 370 2234 444 οὖν
2254 378 2340 464 δὴ

329 476 487 562 παρ’
524 476 717 566 ἡμῶν
751 480 869 546 ἕνα
905 474 1115 544 αὐτὸν
1146 477 1316 544 κατὰ
1349 474 1471 544 τὸν
1504 475 1726 544 εἰκότα
1754 474 1961 560 λόγον
1993 474 2342 562 πεφυκότα

326 575 567 664 μηνύει
590 574 821 663 [θεός],
847 575 1044 653 ἄλλος
1066 578 1137 641 δὲ
1159 579 1250 653 εἰς
1270 572 1438 641 αλλα
1459 595 1552 660 πῃ
1574 575 1879 660 βλέψας’*
1839 598 2031 658 ετερα
2052 572 2337 655 δοξάσει.

326 678 436 743 καὶ
470 682 714 743 τοῦτον
745 677 869 760 μὲν
901 673 1242 759 μεθετέον,
1276 667 1359 738 τὰ
1390 670 1462 739 δὲ
1501 671 1823 756 γεγονότα
1853 679 1988 738 νῦν
2029 678 2125 760 τῷ
2158 669 2338 759 λόγῳ

324 773 485 866 γένη
509 778 944 858 διανείμωμεν
966 776 1057 849 εἰς
1084 776 1220 855 πῦρ
1240 771 1351 836 καὶ
1371 775 1502 854 γῆν
1530 770 1641 835 καὶ
1660 767 1847 855 ὕδωρ
1881 769 1991 836 καὶ
2023 766 2207 851 ἀέρα.
2248 775 2338 855 γῇ

326 859 447 957 μὲν
483 868 564 957 δὴ
608 871 681 938 τό
726 867 1009 956 κυβικὸν
1042 865 1215 946 εἶδος
1260 872 1514 952 δῶμεν·
1569 864 2002 952 ἀκινητοτάτη
2035 890 2166 952 γαρ
2199 873 2339 934 τῶν

249 976 290 1024 Ε
328 969 659 1055 τεττάρων
680 974 900 1053 γενῶν
917 973 1003 1053 γῆ
1025 966 1135 1034 καὶ
1156 973 1294 1034 τῶν
1317 966 1644 1051 σωμάτων
1664 965 2181 1086 πλαστικωτάτη,
2205 966 2338 1052 μάψ

327 1075 515 1135 λιστα
537 1070 609 1135 δε
634 1063 894 1152 ἀνάγκη
915 1069 1262 1149 γεγονέναι
1279 1071 1590 1132 τοιοῦτον
1619 1062 1695 1131 τὸ
1728 1062 1845 1142 τὰς
1865 1064 2091 1150 βάσεις
2110 1061 2336 1148 ἀσφα-

328 1162 638 1241 λεστάτας
660 1168 844 1248 ἔχον·
887 1159 1080 1249 βάσις
1114 1162 1186 1229 δὲ
1218 1160 1265 1247 ἥ
1297 1185 1370 1228 τε
1400 1168 1538 1229 τῶν
1568 1159 1714 1230 κατ’
1753 1159 1957 1248 ἀρχὰς
1988 1161 2338 1247 τριγώνων

328 1258 793 1328 ὑποτεθέντων
817 1256 1274 1345 ἀσφαλεστέρα
1284 1256 1454 1326 κατὰ
1475 1257 1706 1345 φύσιν,
1726 1256 1770 1346 ἡ
1795 1264 1931 1326 τῶν
1951 1267 2117 1327 ἰσων
2137 1267 2338 1326 πλευ·
2387 1265 2390 1268 ’

330 1364 493 1442 ρῶν,
517 1364 632 1441 τῆς
650 1363 788 1422 τῶν
809 1353 1081 1439 ἀνίσων,
1112 1355 1191 1422 τό
1213 1380 1290 1430 τε
1307 1358 1374 1436 ἐξ
1409 1356 1723 1443 ἑκατέρου
1756 1355 2078 1435 ξυντεθεν
2111 1358 2340 1425 ἐπίπε-

328 1458 452 1520 δον
471 1453 874 1539 ἰσόπλευρον
894 1450 1321 1539 ἰσοπλεύρου,
1349 1453 1767 1538 τετράγωνον
1794 1452 2149 1540 τριγῶνου,
2171 1452 2340 1521 κατά
2582 1528 2583 1533 1

326 1577 398 1618 τε
419 1553 582 1638 μέρη
606 1552 717 1619 καὶ
737 1548 896 1618 καθ’
922 1548 1084 1619 ὅλον
1118 1553 1613 1634 στασιμωτέρως
1645 1552 1712 1630 ἐξ
1746 1547 2043 1636 ἀνάγκης
2075 1552 2335 1638 βέβηκεῖ
2576 1582 2583 1653 η

228 1655 297 1711 66
335 1646 435 1717 διὸ
463 1656 554 1736 γῇ
582 1648 706 1734 μὲν
725 1656 920 1716 τοῦτο
949 1646 1393 1734 ἀπονέμοντες
1410 1645 1532 1715 τὸν
1553 1648 1774 1716 εἰκότα
1794 1648 2001 1734 λόγον
2023 1647 2340 1728 διασῶζο-
2580 1674 2583 1691 ¹

325 1772 470 1833 μεν,
494 1743 690 1813 ὕδατι
713 1743 778 1813 δ’
806 1736 899 1812 αὖ
915 1753 1053 1813 τῶν
1071 1752 1326 1814 λοιπῶν
1344 1747 1420 1812 τὸ
1446 1743 2004 1832 δυσκινητότατον
2030 1745 2223 1832 εἶδος,
2257 1737 2335 1812 τὰ

327 1841 389 1912 δ’
415 1841 922 1930 εὐκινητότατον
941 1850 1125 1928 πυρί,
1158 1841 1233 1910 τὸ
1258 1842 1332 1911 δὲ
1351 1847 1557 1930 μέσον
1576 1840 1748 1930 ἀέρι·
1788 1845 1899 1912 καὶ
1929 1843 2005 1911 τὸ
2038 1844 2164 1930 μὲν
2183 1864 2334 1931 σμυ-

325 1941 655 2027 κρότατον
671 1949 859 2029 σῶμα
879 1947 1061 2029 πυρί,
1084 1938 1159 2010 τό
1179 1939 1235 2008 δ’
1258 1933 1349 2009 αὖ
1371 1943 1680 2028 μέγιστον
1701 1939 1916 2029 ὕδατι,
1940 1939 2014 2011 τὸ
2041 1945 2113 2011 δὲ
2132 1945 2340 2028 μέσον

327 2038 496 2126 ἀέρι·
542 2041 653 2108 καὶ
673 2037 746 2107 τὸ
784 2041 910 2125 μεν
940 2037 1260 2120 ὀξύτατον
1279 2064 1371 2106 αυ
1394 2046 1577 2125 πυρί,
1611 2037 1687 2108 τὰ
1718 2040 1790 2108 δὲ
1822 2039 2141 2124 δεύτερον
2171 2038 2338 2125 ἀέρι,

328 2134 403 2204 τὸ
429 2138 503 2204 δὲ
523 2141 748 2222 τρίτον
768 2135 979 2206 υδατι.
1023 2135 1212 2205 ταυτ’
1239 2162 1368 2205 ουν
1389 2134 1473 2222 δὴ
1498 2138 1738 2222 πάντα,
1773 2135 1850 2205 τὰ
1873 2139 1997 2222 μὲν
2018 2143 2173 2224 ἕχον
2194 2135 2335 2205 621,-

257 2251 297 2301 Β
332 2240 558 2319 γίστας
589 2233 814 2321 βάσεις
846 2231 1353 2321 εὖκινητότατον
1382 2232 1638 2321 ἀνάγκη
1676 2238 2067 2321 πεφυκέναι,
2111 2261 2343 2321 τμητι-

329 2330 631 2399 κωτατόν
662 2356 733 2399 τε
767 2332 878 2399 καὶ
910 2328 1229 2412 ὀξύτατον
1260 2357 1345 2400 ον
1369 2330 1587 2418 πάντη
1620 2330 1916 2416 πάντων,
1951 2339 2045 2401 ἔτι
2077 2358 2165 2401 τε
2182 2334 2338 2400 έλα-

327 2427 681 2515 φρότατον,
705 2431 770 2509 ἐξ
790 2426 1141 2514 όλυγίστων
1161 2427 1473 2510 ξυνεστὸς
1492 2436 1631 2497 τῶν
1650 2426 1874 2497 αὐτῶν
1890 2437 2116 2517 μερῶν
2128 2454 2143 2470 ·
2166 2428 2240 2497 τὸ
2267 2431 2343 2497 δὲ

331 2526 648 2614 δεύτερον
669 2530 992 2612 δευτέρως
1010 2528 1092 2595 τὰ
1125 2524 1293 2596 αὐτὰ
1315 2525 1504 2595 ταῦτ’
1531 2532 1723 2613 ἔχειν,
1748 2533 1982 2614 τρίτως
2002 2526 2077 2595 δὲ
2097 2528 2172 2595 τὸ
2194 2535 2337 2611 τρί-

325 2650 473 2694 τον·
511 2629 676 2692 ἔστω
699 2620 780 2710 δὴ
804 2622 972 2691 κατὰ
993 2621 1113 2692 τὸν
1143 2622 1364 2711 ὀρθὸν
1384 2623 1590 2708 λόγον
1618 2626 1729 2692 καὶ
1761 2621 1927 2692 κατὰ
1961 2621 2082 2692 τὸν
2114 2625 2339 2693 εἰκότα

325 2719 400 2791 τὰ
424 2722 549 2808 μὲν
567 2732 682 2809 τῆς
715 2725 1087 2809 πυραμίδος
1105 2724 1381 2807 στερεὸν
1407 2719 1682 2808 γεγονὸς
1703 2720 1878 2800 εἶδος
1907 2720 2119 2808 πυρὸς
2154 2741 2339 2789 στοι-

326 2827 510 2905 χετον
532 2822 645 2887 καὶ
668 2823 927 2907 σπέρμα
942 2845 957 2862 ·
998 2817 1074 2888 τὰ
1112 2820 1185 2889 δὲ
1217 2817 1532 2906 δεύτερον
1558 2818 1724 2887 κατὰ
1756 2823 2022 2904 γένεσιν
2052 2827 2340 2904 εἴπωμεν

2570 562 2575 599 ἱ

331 2914 545 3001 ἀέρος,
567 2915 640 2986 τὸ
665 2921 738 2986 δὲ
756 2924 980 3004 τρίτον
1007 2915 1264 2998 ὕδατος.
1311 2919 1528 2986 πάντα
1561 2911 1687 2986 οὖν
1720 2916 1798 3004 δὴ
1827 2926 2033 2985 ταῦτα
2058 2922 2164 2986 δεῖ
2190 2922 2337 2986 δια-

262 3023 299 3075 ο
333 3023 637 3082 νοεῖσθαι
659 3013 903 3101 σμικρὰ
927 3012 1159 3100 οὕτως,
1182 3011 1273 3094 ῶς
1299 3009 1464 3090 καθ’
1490 3019 1568 3083 ἓν
1599 3017 1878 3084 ἕκαστον
1910 3015 2035 3101 μὲν
2065 3023 2188 3083 τοῦ
2222 3018 2337 3100 γέ-

330 3135 492 3189 νους
511 3110 793 3178 ἑκάστου
815 3110 923 3177 διὰ
946 3112 1346 3198 σμικρότητα
1381 3111 1581 3182 οὐδὲν
1611 3110 1956 3199 ὁρώμενον
1975 3110 2097 3198 ὑφ’
2123 3110 2337 3200 ἡμῶν,

330 3210 963 3291 ξυναθροισθέντων
977 3208 1049 3277 δὲ
1059 3217 1328 3278 πολλῶν
1337 3206 1497 3289 τοὺς
1517 3208 1762 3294 ὄγκους
1781 3206 2005 3278 αὐτῶν
2024 3206 2336 3296 ὁρᾶσθαι·

330 3305 441 3370 καὶ
462 3302 541 3391 δὴ
565 3307 676 3370 καὶ
695 3330 769 3372 το
792 3314 929 3374 τῶν
948 3304 1326 3393 ἀναλογιῶν
1347 3313 1504 3395 περί
1522 3334 1593 3376 τε
1614 3306 1695 3375 τά
1716 3307 1943 3395 πλήθη
1964 3309 2074 3377 καὶ
2096 3306 2214 3389 τὰς
2234 3335 2341 3377 κι-

333 3401 552 3486 νήσεις
573 3402 682 3469 καὶ
713 3402 831 3482 τάς
851 3403 1053 3484 ἄλλας
1074 3406 1389 3491 δυνάμεις
1408 3403 1846 3494 πανταχῇτὸν
1865 3406 2054 3496 θεόν,
2078 3405 2340 3497 ὅπῃπερ
