2602 3928
874 220 1464 278 ΠΟΛΙΤΕΙΑΣ
1496 210 1560 289 ς’.
2108 217 2234 281 199

211 393 345 460 τοῖς
366 369 728 468 ὁρωμένοις
752 375 836 445 οὐ
858 374 1093 464 μόνον,
1120 375 1324 464 οἶμαι,
1336 404 1460 463 την
1481 384 1604 445 τοῦ
1628 376 1919 462 ὁρᾶσθαι
1942 383 2234 467 δυναμιν

208 482 519 566 παρέχειν
548 477 804 564 φήσεις,
828 470 997 542 ἄλλα
1018 475 1128 542 καὶ
1151 475 1275 561 τὴν
1299 477 1565 562 γένεσιν
1587 478 1695 544 καὶ
1714 473 1922 563 αὔξην
1945 483 2055 547 καὶ
2075 503 2234 562 τρο-

210 577 376 664 φήν,
401 574 484 643 οὐ
505 578 769 660 γένεσιν
793 570 1004 641 αὐτὸν
1026 570 1209 642 ὄντα.
1257 581 1417 651 Πῶς
1448 574 1613 658 γαρ;
1656 577 1789 641 Καὶ
1822 588 1959 653 τοῖς
1991 600 2269 664 γιγνω-

212 677 560 760 σκομένοις
581 678 815 741 τοίνυν
837 669 926 758 μὴ
966 670 1178 757 μόνον
1211 669 1286 741 τὰ
1328 671 1825 758 γιγνώσκεσθαι
1861 670 2071 758 φάναι
2104 670 2235 741 ὑπὸ

210 779 337 839 τοῦ
364 769 639 858 ἀγαθοῦ
660 783 989 875 παρεῖναι,
1014 766 1181 838 ἀλλὰ
1205 774 1318 840 καὶ
1337 768 1411 838 τὸ
1439 767 1614 837 εἷναί
1631 794 1701 836 τε
1723 771 1833 838 καὶ
1853 769 1977 856 τὴν
1998 768 2239 840 οὐσίαν

214 860 333 934 ὕπ’
366 870 629 936 ἐκείνου
653 857 884 945 αὐτοῖς
904 880 1268 954 προσεῖναι,
1295 864 1423 935 οὐκ
1445 864 1676 945 οὐσίας
1699 864 1894 945 ὄντος
1915 876 2037 935 τοῦ
2071 895 2239 954 αγα-

208 975 368 1052 θοῦ,
394 965 543 1036 ἀλλ’
586 971 680 1035 ἔτι
714 968 1017 1035 ἐπέκεινα
1050 973 1166 1052 τῆς
1201 963 1435 1045 οὐσίας
1466 971 1786 1054 πρεσβεία
1822 967 1933 1034 καὶ
1958 966 2242 1055 δυνάμει

210 1063 667 1153 ὑπερέχοντος.

382 1169 511 1232 XX.
552 1164 687 1232 Καὶ
721 1161 757 1231 ὃ
787 1162 1121 1231 Γλαύκων
1151 1162 1329 1249 μάλα
1360 1167 1654 1248 γελοίως,
1681 1160 2038 1249 Ἄπολλον,
2085 1168 2235 1252 ἔφη,
2273 1174 2311 1226 0

214 1266 560 1348 δαιμονίας
598 1257 1018 1348 ὑπερβολῆςί
1060 1257 1171 1329 Σὺ
1197 1261 1348 1346 γάρ,
1387 1253 1474 1347 ἦν
1509 1259 1573 1328 δ’
1600 1261 1751 1346 ἐγώ,
1777 1271 2003 1347 αἴτιος,
2029 1259 2242 1349 ἄναγ-

213 1361 433 1442 κάζων
474 1358 556 1429 τὰ
597 1361 738 1446 ἐμοὶ
779 1364 1112 1428 δοκοῦντα
1147 1361 1297 1444 περὶ
1334 1357 1547 1427 αὐτοῦ
1567 1362 1801 1444 λέγειν.
1859 1356 1987 1429 Καὶ
2000 1366 2242 1449 κμηδα-

212 1468 354 1546 μοῖς
394 1456 485 1545 γ’,
531 1463 679 1545 ἔφη,
724 1457 974 1546 παύσῃ,
1023 1464 1085 1527 εί
1121 1458 1212 1545 μή
1242 1483 1307 1524 τι
1335 1454 1506 1527 ἀλλὰ
1547 1455 1674 1543 τὴν
1706 1462 1856 1542 περὶ
1894 1456 2015 1527 τὸν
2049 1459 2243 1546 ἥλιον

214 1553 572 1644 ὁμοιότητα
593 1547 682 1622 αὖ
707 1556 990 1641 διεξιών,
1009 1564 1074 1624 εἴ
1088 1580 1181 1643 πῃ
1202 1552 1594 1634 ἀπολείπεις.
1631 1551 1827 1636 Ἀλλὰ
1847 1555 2001 1643 μήν,
2031 1555 2238 1644 εἶπον,

217 1653 430 1741 συχνά
463 1679 539 1739 γε
574 1651 931 1721 ἀπολείπω.
996 1652 1195 1741 Μηδὲ
1234 1651 1520 1740 σμικρὸν
1551 1659 1807 1739 τοίνυν,
1843 1659 1996 1740 ἔφη,
2025 1680 2242 1740 παρα-

216 1761 431 1840 λίπῃς.
478 1749 681 1838 Οἶμαι
704 1754 847 1838 με’ν,
883 1743 973 1837 ἦν
1008 1750 1073 1819 δ’
1105 1752 1258 1838 ἐγώ,
1293 1752 1406 1819 καὶ
1438 1748 1645 1819 πολύ·
1686 1749 1867 1840 ὅμως
1899 1756 1990 1839 δέ,
2022 1750 2146 1820 ὅσα
2172 1752 2239 1838 γ’

217 1855 292 1920 ἐν
334 1856 427 1940 τῷ
474 1848 760 1936 παρόντι
801 1849 1113 1936 δυνατόν,
1152 1848 1325 1919 ἑκών
1370 1848 1499 1918 οὐκ
1534 1847 1892 1933 ἀπολείψω.
1935 1848 2058 1938 Μὴ
2087 1850 2240 1937 γάρ,

216 1955 365 2038 ἔφη.
431 1946 711 2035 Νόησον
751 1954 1007 2035 τοίνυν,
1050 1940 1139 2036 ἦν
1182 1947 1247 2017 δ’
1300 1946 1452 2035 ἐγώ,
1482 1947 1708 2038 ὥσπερ
1752 1953 2051 2038 λέγομεν,
2099 1947 2239 2017 δύω
2271 1963 2313 2015 D

215 2044 397 2118 αὐτοὶ
424 2045 609 2130 εἶναι,
650 2046 762 2114 καὶ
794 2045 1175 2133 βασιλεύειν
1207 2045 1282 2115 τὸ
1326 2049 1449 2134 μὲν
1481 2056 1732 2134 νοητοῦ
1762 2049 2001 2134 γένους
2031 2073 2100 2116 τε
2134 2049 2245 2115 καὶ

217 2146 451 2232 τόπου,
470 2142 546 2213 τὰ
575 2141 644 2212 δ’
668 2136 758 2211 αὖ
782 2142 1052 2232 ὁρατοῦ,
1085 2149 1197 2213 ἵνα
1234 2143 1323 2232 μὴ
1357 2142 1658 2231 οὐρανὸν
1687 2144 1892 2216 εἰπών
1928 2147 2100 2227 δόξω
2139 2168 2245 2214 σοι

219 2250 614 2332 σοφίζεσθαι
656 2246 808 2328 περὶ
848 2241 923 2311 τὸ
972 2241 1185 2331 ὄνομα
1204 2269 1218 2285 ·
1265 2239 1415 2311 ἄλλ’
1460 2236 1591 2311 οὖν
1625 2248 1789 2331 ἔχεις
1826 2253 2034 2313 ταῦτα
2059 2242 2243 2312 διττὰ

219 2349 383 2431 εἴδη,
408 2338 687 2427 ὁρατόν,
706 2338 985 2426 νοητόν;
1009 2338 1197 2427 Ἕχω.
1228 2338 1483 2424 Ὥσπερ
1506 2346 1740 2410 τοίνυν
1760 2339 2077 2430 γραμμὴν
2098 2346 2246 2429 δίχα

218 2443 628 2529 τετμημένην
651 2436 880 2526 λαβὼν
906 2437 1104 2508 ἄνισα
1119 2438 1445 2527 τμήματα,
1469 2439 1671 2511 πάλιν
1704 2442 1896 2528 τέμνε
1930 2442 2245 2526 ἑκάτερον

218 2549 439 2629 τμῆμα
468 2537 597 2608 ἀνὰ
624 2537 747 2606 τὸν
769 2533 975 2605 αὐτὸν
998 2535 1225 2622 λόγον,
1256 2536 1334 2604 τό
1365 2563 1436 2606 τε
1470 2546 1595 2606 τοῦ
1627 2534 1976 2625 ὁρωμένου
2007 2543 2247 2624 γένους

219 2640 330 2708 καὶ
352 2635 426 2705 τὸ
448 2643 571 2704 τοῦ
594 2639 993 2723 νοουμένου,
1014 2641 1133 2703 καί
1143 2654 1252 2703 σοι
1277 2640 1458 2704 ἔσται
1481 2641 1809 2725 σαφηνείᾳ
1822 2640 1935 2704 καὶ
1954 2634 2245 2726 ἀσαφείᾳ
2286 2656 2327 2705 Ε

221 2736 389 2859 πρὸς
410 2733 661 2821 ἄλληλα
680 2735 756 2802 ἐν
777 2735 901 2820 μὲν
919 2740 1015 2825 τῷ
1033 2729 1354 2823 ὁρωμένῳ
1386 2733 1462 2804 τὰ
1486 2734 1668 2820 μὲν
1641 2736 1872 2822 ε’τερον
1903 2742 2124 2822 τμῆμα
2150 2740 2245 2803 εί-

221 2836 436 2915 κόνες.
480 2838 651 2920 λε’γω
672 2833 744 2902 δὲ
767 2859 885 2912 τας
910 2831 1172 2912 εἰκόνας
1196 2853 1466 2916 πρωτον
1489 2835 1615 2920 μὲν
1635 2830 1751 2912 vag
1786 2832 1995 2915 σκιάς,
2033 2839 2253 2901 ἔπειτα
2284 2854 2390 2910 510

223 2937 301 3003 τὰ
339 2938 415 3003 ἐν
438 2948 575 3013 τοῖς
608 2930 812 3000 ὕδασι
844 2921 1284 3018 φαντάσματα
1325 2932 1436 2999 καὶ
1474 2932 1548 2999 ἐν
1590 2944 1727 3010 τοῖς
1767 2928 1893 2999 οσα
1919 2932 2144 3000 πυκνά
2177 2958 2249 3001 τε

224 3033 334 3102 καὶ
355 3038 498 3099 λεῖα
520 3034 631 3100 καὶ
653 3027 836 3117 φανὰ
864 3032 1240 3115 ξυνέστηκε,
1261 3032 1374 3097 καὶ
1397 3038 1533 3098 πᾶν
1569 3026 1644 3098 τὸ
1678 3039 2006 3117 τοιοῦτον,
2045 3038 2106 3101 εί
2125 3059 2250 3101 κα-

223 3142 497 3210 τανοεῖς.
538 3125 730 3198 Ἀλλα
752 3135 1079 3198 κατανοῶ.
1121 3126 1211 3195 Τὸ
1234 3130 1529 3197 τοίνυν”
1490 3154 1721 3213 ετερον
1755 3137 1997 3220 τίθει,
1974 3156 2026 3197 ω
2050 3138 2247 3198 τοῦτο

228 3236 419 3315 ἔοικε,
457 3228 540 3298 τά
574 3254 648 3297 τε
674 3226 886 3316 περὶε
851 3255 1022 3316 ημας
1055 3232 1186 3310 ζωα
1214 3229 1328 3295 καὶ
1359 3235 1495 3296 πᾶν
1527 3224 1602 3297 τὸ
1636 3227 1974 3316 φυτευτὸν
2018 3229 2129 3296 καὶ
2171 3226 2244 3294 τὸ

225 3326 600 3399 σκευαστὸν
636 3327 798 3399 ὅλον
832 3331 1042 3416 γένος.
1106 3334 1376 3414 Τίθημι,
1411 3332 1560 3415 ἔφη.
1610 3318 1705 3395 H
1729 3329 1838 3396 καὶ
1872 3327 2127 3404 ἐθέλοις
2162 3350 2250 3392 αν

225 3426 389 3499 αὐτὸ
414 3427 649 3516 φάναι,
672 3419 758 3516 ἦν
780 3425 842 3497 δ’
880 3428 1032 3516 ἐγώ,
1058 3432 1421 3516 ὃιηρῆσθαι
1456 3426 1742 3515 ἀληθεία
1762 3451 1834 3494 τε
1869 3424 1981 3493 καὶ
2013 3423 2125 3511 μή,
2162 3415 2250 3503 ὥς
