<?xml version="1.0" encoding="UTF-8"?>
<!DOCTYPE html PUBLIC "-//W3C//DTD XHTML 1.0 Transitional//EN"
    "http://www.w3.org/TR/xhtml1/DTD/xhtml1-transitional.dtd">
<html xmlns="http://www.w3.org/1999/xhtml" xml:lang="en" lang="en">
 <head>
  <title>
</title>
<meta http-equiv="Content-Type" content="text/html;charset=utf-8" />
  <meta name='ocr-system' content='tesseract 3.04.00' />
  <meta name='ocr-capabilities' content='ocr_page ocr_carea ocr_par ocr_line ocrx_word'/>
</head>
<body>
  <div class='ocr_page' id='page_1' title='image "./dialogisecundum07platgoog_0088.png"; bbox 0 0 2602 3928; ppageno 0'>
   <div class='ocr_carea' id='block_1_1' title="bbox 377 229 1661 295">
    <p class='ocr_par' dir='ltr' id='par_1_1' title="bbox 377 229 1661 295">
     <span class='ocr_line' id='line_1_1' title="bbox 377 229 1661 295; baseline 0.003 -10"><span class='ocrx_word' id='word_1_1' title='bbox 377 229 459 295; x_wconf 80' lang='grc'><em>52</em></span> <span class='ocrx_word' id='word_1_2' title='bbox 1089 231 1661 291; x_wconf 74' lang='grc' dir='ltr'><em>ΠΛΑΤΩΝΟΣ</em></span> 
     </span>
    </p>
   </div>
   <div class='ocr_carea' id='block_1_2' title="bbox 244 383 2461 3515">
    <p class='ocr_par' dir='ltr' id='par_1_2' title="bbox 244 383 2461 3515">
     <span class='ocr_line' id='line_1_2' title="bbox 377 383 2386 480; baseline 0 -21"><span class='ocrx_word' id='word_1_3' title='bbox 377 393 580 480; x_wconf 87' lang='grc' dir='ltr'><em>νήτας</em></span> <span class='ocrx_word' id='word_1_4' title='bbox 601 393 702 460; x_wconf 84' lang='grc' dir='ltr'><em>ἐπὶ</em></span> <span class='ocrx_word' id='word_1_5' title='bbox 737 388 852 471; x_wconf 77' lang='grc' dir='ltr'><em>τὰς</em></span> <span class='ocrx_word' id='word_1_6' title='bbox 887 391 1107 469; x_wconf 88' lang='grc' dir='ltr'><em>πόλεις</em></span> <span class='ocrx_word' id='word_1_7' title='bbox 1138 390 1500 477; x_wconf 82' lang='grc' dir='ltr'><em>ἐμπόρους;</em></span> <span class='ocrx_word' id='word_1_8' title='bbox 1549 391 1746 459; x_wconf 89' lang='grc' dir='ltr'><em>Πάνυ</em></span> <span class='ocrx_word' id='word_1_9' title='bbox 1779 389 1900 476; x_wconf 75' lang='grc' dir='ltr'><em>μὲν</em></span> <span class='ocrx_word' id='word_1_10' title='bbox 1934 383 2079 459; x_wconf 76' lang='grc' dir='ltr'><em>οὖν.</em></span> <span class='ocrx_word' id='word_1_11' title='bbox 2128 390 2266 460; x_wconf 71' lang='grc' dir='ltr'><em>’Έτι</em></span> <span class='ocrx_word' id='word_1_12' title='bbox 2302 394 2386 479; x_wconf 85' lang='grc' dir='ltr'><em>δή</em></span> 
     </span>
     <span class='ocr_line' id='line_1_3' title="bbox 379 481 2384 578; baseline -0.001 -20"><span class='ocrx_word' id='word_1_13' title='bbox 379 516 570 574; x_wconf 87' lang='grc' dir='ltr'><em>τινες,</em></span> <span class='ocrx_word' id='word_1_14' title='bbox 597 488 686 569; x_wconf 79' lang='grc' dir='ltr'><em>ὡς</em></span> <span class='ocrx_word' id='word_1_15' title='bbox 706 481 975 578; x_wconf 73' lang='grc' dir='ltr'><em>ἐγῷμαι,</em></span> <span class='ocrx_word' id='word_1_16' title='bbox 1000 490 1124 557; x_wconf 85' lang='grc' dir='ltr'><em>εἰσὶ</em></span> <span class='ocrx_word' id='word_1_17' title='bbox 1145 490 1255 556; x_wconf 87' lang='grc' dir='ltr'><em>καὶ</em></span> <span class='ocrx_word' id='word_1_18' title='bbox 1275 487 1464 555; x_wconf 78' lang='grc' dir='ltr'><em>ἄλλοι</em></span> <span class='ocrx_word' id='word_1_19' title='bbox 1486 485 1805 573; x_wconf 87' lang='grc' dir='ltr'><em>διάκονοι,</em></span> <span class='ocrx_word' id='word_1_20' title='bbox 1830 493 1898 556; x_wconf 76' lang='grc' dir='ltr'><em>οἳ</em></span> <span class='ocrx_word' id='word_1_21' title='bbox 1915 483 2002 556; x_wconf 68' lang='grc' dir='ltr'><em>ἄν</em></span> <span class='ocrx_word' id='word_1_22' title='bbox 2024 486 2103 555; x_wconf 79' lang='grc' dir='ltr'><em>τά</em></span> <span class='ocrx_word' id='word_1_23' title='bbox 2128 490 2251 576; x_wconf 79' lang='grc' dir='ltr'><em>μὲν</em></span> <span class='ocrx_word' id='word_1_24' title='bbox 2270 497 2384 575; x_wconf 85' lang='grc' dir='ltr'><em>τῆς</em></span> 
     </span>
     <span class='ocr_line' id='line_1_4' title="bbox 306 579 2384 675; baseline -0 -20"><span class='ocrx_word' id='word_1_25' title='bbox 306 601 350 655; x_wconf 72' lang='grc' dir='ltr'><strong><em>Β</em></strong></span> <span class='ocrx_word' id='word_1_26' title='bbox 384 594 677 670; x_wconf 78' lang='grc' dir='ltr'><strong><em>διανοίας</em></strong></span> <span class='ocrx_word' id='word_1_27' title='bbox 711 590 799 675; x_wconf 86' lang='grc' dir='ltr'><em>μὴ</em></span> <span class='ocrx_word' id='word_1_28' title='bbox 833 587 1014 657; x_wconf 91' lang='grc' dir='ltr'><em>πάνυ</em></span> <span class='ocrx_word' id='word_1_29' title='bbox 1049 585 1588 673; x_wconf 76' lang='grc' dir='ltr'><em>ἀξιοκοινώνητοι</em></span> <span class='ocrx_word' id='word_1_30' title='bbox 1611 579 1751 671; x_wconf 69' lang='grc' dir='ltr'><em>οἷσι,</em></span> <span class='ocrx_word' id='word_1_31' title='bbox 1776 588 1900 674; x_wconf 76' lang='grc' dir='ltr'><em>τὴν</em></span> <span class='ocrx_word' id='word_1_32' title='bbox 1921 589 1992 655; x_wconf 72' lang='grc' dir='ltr'><em>δὲ</em></span> <span class='ocrx_word' id='word_1_33' title='bbox 2012 593 2134 655; x_wconf 83' lang='grc' dir='ltr'><em>τοῦ</em></span> <span class='ocrx_word' id='word_1_34' title='bbox 2159 588 2384 673; x_wconf 73' lang='grc' dir='ltr'><em>σώμα-</em></span> 
     </span>
     <span class='ocr_line' id='line_1_5' title="bbox 377 681 2392 772; baseline -0 -18"><span class='ocrx_word' id='word_1_35' title='bbox 377 713 488 766; x_wconf 90' lang='grc' dir='ltr'><em>τος</em></span> <span class='ocrx_word' id='word_1_36' title='bbox 511 684 704 772; x_wconf 76' lang='grc' dir='ltr'><em>ἰσχύν</em></span> <span class='ocrx_word' id='word_1_37' title='bbox 725 682 967 771; x_wconf 76' lang='grc' dir='ltr'><em>ἱκανὴν</em></span> <span class='ocrx_word' id='word_1_38' title='bbox 988 685 1095 752; x_wconf 85' lang='grc' dir='ltr'><em>ἐπὶ</em></span> <span class='ocrx_word' id='word_1_39' title='bbox 1111 681 1270 761; x_wconf 83' lang='grc' dir='ltr'><em>τούς</em></span> <span class='ocrx_word' id='word_1_40' title='bbox 1291 682 1544 762; x_wconf 81' lang='grc' dir='ltr'><em>πόνους</em></span> <span class='ocrx_word' id='word_1_41' title='bbox 1566 688 1806 770; x_wconf 74' lang='grc' dir='ltr'><em>ἔχωσιν</em></span> <span class='ocrx_word' id='word_1_42' title='bbox 1820 710 1833 724; x_wconf 91' lang='grc'><em>·</em></span> <span class='ocrx_word' id='word_1_43' title='bbox 1880 689 1948 752; x_wconf 77' lang='grc' dir='ltr'><em>οἳ</em></span> <span class='ocrx_word' id='word_1_44' title='bbox 1967 683 2047 769; x_wconf 85' lang='grc' dir='ltr'><em>δὴ</em></span> <span class='ocrx_word' id='word_1_45' title='bbox 2071 693 2392 767; x_wconf 49' lang='grc' dir='ltr'><em>πωλοῦνε</em></span> 
     </span>
     <span class='ocr_line' id='line_1_6' title="bbox 377 777 2385 870; baseline -0.001 -19"><span class='ocrx_word' id='word_1_46' title='bbox 377 811 481 863; x_wconf 89' lang='grc' dir='ltr'><em>τες</em></span> <span class='ocrx_word' id='word_1_47' title='bbox 507 782 630 870; x_wconf 83' lang='grc' dir='ltr'><em>τὴν</em></span> <span class='ocrx_word' id='word_1_48' title='bbox 651 791 766 869; x_wconf 83' lang='grc' dir='ltr'><em>τῆς</em></span> <span class='ocrx_word' id='word_1_49' title='bbox 796 783 1022 868; x_wconf 80' lang='grc' dir='ltr'><em>ἰσχύος</em></span> <span class='ocrx_word' id='word_1_50' title='bbox 1043 788 1301 868; x_wconf 85' lang='grc' dir='ltr'><em>χρείαν,</em></span> <span class='ocrx_word' id='word_1_51' title='bbox 1345 777 1468 866; x_wconf 75' lang='grc' dir='ltr'><em>τὴν</em></span> <span class='ocrx_word' id='word_1_52' title='bbox 1502 777 1699 867; x_wconf 86' lang='grc' dir='ltr'><em>τιμὴν</em></span> <span class='ocrx_word' id='word_1_53' title='bbox 1719 780 1968 867; x_wconf 89' lang='grc' dir='ltr'><em>ταύτην</em></span> <span class='ocrx_word' id='word_1_54' title='bbox 1989 780 2239 867; x_wconf 78' lang='grc' dir='ltr'><em>μισθὸν</em></span> <span class='ocrx_word' id='word_1_55' title='bbox 2263 809 2385 849; x_wconf 89' lang='grc' dir='ltr'><em>κα-</em></span> 
     </span>
     <span class='ocr_line' id='line_1_7' title="bbox 377 870 2385 968; baseline -0.001 -20"><span class='ocrx_word' id='word_1_56' title='bbox 377 887 681 966; x_wconf 84' lang='grc' dir='ltr'><em>λοῦντες,</em></span> <span class='ocrx_word' id='word_1_57' title='bbox 708 881 1091 964; x_wconf 79' lang='grc' dir='ltr'><em>κέκληνται,</em></span> <span class='ocrx_word' id='word_1_58' title='bbox 1119 875 1206 957; x_wconf 74' lang='grc' dir='ltr'><em>ὥς</em></span> <span class='ocrx_word' id='word_1_59' title='bbox 1229 870 1507 968; x_wconf 69' lang='grc' dir='ltr'><em>ἐγῷμαι,</em></span> <span class='ocrx_word' id='word_1_60' title='bbox 1531 885 1888 965; x_wconf 79' lang='grc' dir='ltr'><em>μισθωτοί·</em></span> <span class='ocrx_word' id='word_1_61' title='bbox 1912 871 2143 968; x_wconf 75' lang='grc' dir='ltr'><em>ἦγάρ;</em></span> <span class='ocrx_word' id='word_1_62' title='bbox 2188 881 2385 948; x_wconf 89' lang='grc' dir='ltr'><em>Πάνυ</em></span> 
     </span>
     <span class='ocr_line' id='line_1_8' title="bbox 378 972 2385 1066; baseline 0.001 -22"><span class='ocrx_word' id='word_1_63' title='bbox 378 980 500 1063; x_wconf 79' lang='grc' dir='ltr'><em>μὲν</em></span> <span class='ocrx_word' id='word_1_64' title='bbox 525 1003 670 1044; x_wconf 88' lang='grc' dir='ltr'><em>ουν.</em></span> <span class='ocrx_word' id='word_1_65' title='bbox 712 975 1052 1063; x_wconf 85' lang='grc' dir='ltr'><em>Πλήρωμα</em></span> <span class='ocrx_word' id='word_1_66' title='bbox 1076 974 1157 1062; x_wconf 82' lang='grc' dir='ltr'><em>δὴ</em></span> <span class='ocrx_word' id='word_1_67' title='bbox 1180 975 1434 1055; x_wconf 74' lang='grc' dir='ltr'><em>πόλεως</em></span> <span class='ocrx_word' id='word_1_68' title='bbox 1455 981 1641 1060; x_wconf 88' lang='grc' dir='ltr'><em>εἰσιν,</em></span> <span class='ocrx_word' id='word_1_69' title='bbox 1670 972 1760 1055; x_wconf 73' lang='grc' dir='ltr'><em>ὥς</em></span> <span class='ocrx_word' id='word_1_70' title='bbox 1779 981 1972 1062; x_wconf 84' lang='grc' dir='ltr'><em>ἔοικε,</em></span> <span class='ocrx_word' id='word_1_71' title='bbox 1995 981 2101 1055; x_wconf 86' lang='grc' dir='ltr'><em>καὶ</em></span> <span class='ocrx_word' id='word_1_72' title='bbox 2121 988 2385 1066; x_wconf 80' lang='grc' dir='ltr'><em>μισθω-</em></span> 
     </span>
     <span class='ocr_line' id='line_1_9' title="bbox 378 1066 2385 1164; baseline 0 -20"><span class='ocrx_word' id='word_1_73' title='bbox 378 1084 498 1146; x_wconf 88' lang='grc' dir='ltr'><em>τοί.</em></span> <span class='ocrx_word' id='word_1_74' title='bbox 537 1083 746 1144; x_wconf 81' lang='grc' dir='ltr'><em>Δοκεῖ</em></span> <span class='ocrx_word' id='word_1_75' title='bbox 765 1101 894 1162; x_wconf 90' lang='grc' dir='ltr'><em>μοι.</em></span> <span class='ocrx_word' id='word_1_76' title='bbox 931 1067 1068 1161; x_wconf 88' lang='grc' dir='ltr'><em>Αρ’</em></span> <span class='ocrx_word' id='word_1_77' title='bbox 1097 1068 1242 1159; x_wconf 79' lang='grc' dir='ltr'><em>οὖν,</em></span> <span class='ocrx_word' id='word_1_78' title='bbox 1272 1066 1330 1149; x_wconf 70' lang='grc' dir='ltr'><em>αἶ</em></span> <span class='ocrx_word' id='word_1_79' title='bbox 1357 1072 1761 1162; x_wconf 78' lang='grc' dir='ltr'><em>Ἀδειμαντε,</em></span> <span class='ocrx_word' id='word_1_80' title='bbox 1784 1075 1912 1163; x_wconf 81' lang='grc' dir='ltr'><em>ἤδη</em></span> <span class='ocrx_word' id='word_1_81' title='bbox 1934 1075 2092 1164; x_wconf 81' lang='grc' dir='ltr'><em>ἡμῖν</em></span> <span class='ocrx_word' id='word_1_82' title='bbox 2112 1076 2385 1164; x_wconf 84' lang='grc' dir='ltr'><em>ηυξηται</em></span> 
     </span>
     <span class='ocr_line' id='line_1_10' title="bbox 378 1165 2386 1261; baseline 0 -19"><span class='ocrx_word' id='word_1_83' title='bbox 378 1175 420 1261; x_wconf 77' lang='grc' dir='ltr'>ἡ</span> <span class='ocrx_word' id='word_1_84' title='bbox 456 1174 675 1259; x_wconf 83' lang='grc' dir='ltr'><strong><em>πόλις,</em></strong></span> <span class='ocrx_word' id='word_1_85' title='bbox 727 1169 884 1241; x_wconf 89' lang='grc' dir='ltr'><em>ωστ’</em></span> <span class='ocrx_word' id='word_1_86' title='bbox 926 1170 1093 1241; x_wconf 82' lang='grc' dir='ltr'><em>εἶναι</em></span> <span class='ocrx_word' id='word_1_87' title='bbox 1128 1177 1348 1256; x_wconf 68' lang='grc' dir='ltr'><em>τελέας</em></span> <span class='ocrx_word' id='word_1_88' title='bbox 1383 1173 1592 1253; x_wconf 86' lang='grc' dir='ltr'><em>Ἴσως.</em></span> <span class='ocrx_word' id='word_1_89' title='bbox 1655 1181 1808 1242; x_wconf 80' lang='grc' dir='ltr'><em>Ποῦ</em></span> <span class='ocrx_word' id='word_1_90' title='bbox 1841 1165 1969 1242; x_wconf 80' lang='grc' dir='ltr'><em>οὖν</em></span> <span class='ocrx_word' id='word_1_91' title='bbox 2000 1173 2087 1243; x_wconf 77' lang='grc' dir='ltr'><em>ἄν</em></span> <span class='ocrx_word' id='word_1_92' title='bbox 2120 1200 2278 1243; x_wconf 84' lang='grc' dir='ltr'><em>ποτε</em></span> <span class='ocrx_word' id='word_1_93' title='bbox 2312 1178 2386 1242; x_wconf 82' lang='grc' dir='ltr'><em>ἐν</em></span> 
     </span>
     <span class='ocr_line' id='line_1_11' title="bbox 382 1269 2386 1360; baseline 0 -22"><span class='ocrx_word' id='word_1_94' title='bbox 382 1269 550 1359; x_wconf 79' lang='grc' dir='ltr'><em>αὐτῇ</em></span> <span class='ocrx_word' id='word_1_95' title='bbox 575 1281 672 1357; x_wconf 75' lang='grc' dir='ltr'><em>εἴη</em></span> <span class='ocrx_word' id='word_1_96' title='bbox 696 1270 739 1358; x_wconf 97' lang='grc' dir='ltr'><em>ή</em></span> <span class='ocrx_word' id='word_1_97' title='bbox 761 1298 831 1338; x_wconf 88' lang='grc' dir='ltr'><em>τε</em></span> <span class='ocrx_word' id='word_1_98' title='bbox 855 1272 1244 1360; x_wconf 77' lang='grc' dir='ltr'><em>δικαιοσύνη</em></span> <span class='ocrx_word' id='word_1_99' title='bbox 1311 1270 1431 1340; x_wconf 82' lang='lat' dir='ltr'><em>ocl‘</em></span> <span class='ocrx_word' id='word_1_100' title='bbox 1396 1300 1437 1360; x_wconf 94' lang='grc' dir='ltr'><em>η</em></span> <span class='ocrx_word' id='word_1_101' title='bbox 1463 1270 1717 1341; x_wconf 87' lang='grc' dir='ltr'><em>ἀδικία·</em></span> <span class='ocrx_word' id='word_1_102' title='bbox 1699 1321 1717 1353; x_wconf 86' lang='grc'><em>,</em></span> <span class='ocrx_word' id='word_1_103' title='bbox 1764 1274 1874 1341; x_wconf 89' lang='grc' dir='ltr'><em>καὶ</em></span> <span class='ocrx_word' id='word_1_104' title='bbox 1893 1278 2023 1340; x_wconf 86' lang='grc' dir='ltr'><em>τίνι</em></span> <span class='ocrx_word' id='word_1_105' title='bbox 2042 1300 2177 1359; x_wconf 89' lang='grc' dir='ltr'><em>αμα</em></span> <span class='ocrx_word' id='word_1_106' title='bbox 2201 1276 2386 1357; x_wconf 76' lang='grc' dir='ltr'><em>ἐγγε-</em></span> 
     </span>
     <span class='ocr_line' id='line_1_12' title="bbox 244 1298 2387 1460; baseline 0.001 -23"><span class='ocrx_word' id='word_1_107' title='bbox 244 1397 349 1454; x_wconf 72' lang='lat'><em>372</em></span> <span class='ocrx_word' id='word_1_108' title='bbox 381 1371 626 1457; x_wconf 81' lang='grc' dir='ltr'><em>νομένη</em></span> <span class='ocrx_word' id='word_1_109' title='bbox 654 1395 752 1438; x_wconf 89' lang='grc' dir='ltr'><em>ων</em></span> <span class='ocrx_word' id='word_1_110' title='bbox 773 1369 1227 1457; x_wconf 76' lang='grc' dir='ltr'><em>ἐσκέμμεθα;’</em></span> <span class='ocrx_word' id='word_1_111' title='bbox 1162 1298 1373 1456; x_wconf 57' lang='grc' dir='ltr'><em>νηΒζνώ</em></span> <span class='ocrx_word' id='word_1_112' title='bbox 1400 1374 1541 1458; x_wconf 91' lang='grc' dir='ltr'><em>μέν,</em></span> <span class='ocrx_word' id='word_1_113' title='bbox 1566 1378 1717 1458; x_wconf 77' lang='grc' dir='ltr'><em>ἔφη,</em></span> <span class='ocrx_word' id='word_1_114' title='bbox 1743 1370 1866 1440; x_wconf 78' lang='grc' dir='ltr'><em>οὐκ</em></span> <span class='ocrx_word' id='word_1_115' title='bbox 1892 1375 2121 1460; x_wconf 72' lang='grc' dir='ltr'><em>ἐννοῶ,</em></span> <span class='ocrx_word' id='word_1_116' title='bbox 2151 1400 2203 1440; x_wconf 92' lang='grc' dir='ltr'><em>ω</em></span> <span class='ocrx_word' id='word_1_117' title='bbox 2227 1373 2387 1440; x_wconf 74' lang='grc' dir='ltr'><em>Σώ-</em></span> 
     </span>
     <span class='ocr_line' id='line_1_13' title="bbox 379 1467 2386 1560; baseline 0 -22"><span class='ocrx_word' id='word_1_118' title='bbox 379 1494 646 1555; x_wconf 89' lang='grc' dir='ltr'><em>κρατες,</em></span> <span class='ocrx_word' id='word_1_119' title='bbox 693 1474 754 1537; x_wconf 88' lang='grc' dir='ltr'><em>εἰ</em></span> <span class='ocrx_word' id='word_1_120' title='bbox 783 1470 874 1556; x_wconf 90' lang='grc' dir='ltr'><em>μή</em></span> <span class='ocrx_word' id='word_1_121' title='bbox 912 1493 1044 1539; x_wconf 88' lang='grc' dir='ltr'><em>που</em></span> <span class='ocrx_word' id='word_1_122' title='bbox 1079 1473 1152 1539; x_wconf 81' lang='grc' dir='ltr'><em>ἐν</em></span> <span class='ocrx_word' id='word_1_123' title='bbox 1185 1468 1411 1538; x_wconf 77' lang='grc' dir='ltr'><em>αὐτων</em></span> <span class='ocrx_word' id='word_1_124' title='bbox 1445 1469 1699 1538; x_wconf 91' lang='grc' dir='ltr'><em>τούτων</em></span> <span class='ocrx_word' id='word_1_125' title='bbox 1730 1477 1916 1559; x_wconf 77' lang='grc' dir='ltr'><em>χρείᾳ</em></span> <span class='ocrx_word' id='word_1_126' title='bbox 1945 1472 2075 1540; x_wconf 88' lang='grc' dir='ltr'><em>τινὶ</em></span> <span class='ocrx_word' id='word_1_127' title='bbox 2106 1480 2186 1560; x_wconf 82' lang='grc' dir='ltr'><em>τῇ</em></span> <span class='ocrx_word' id='word_1_128' title='bbox 2221 1467 2386 1558; x_wconf 84' lang='grc' dir='ltr'><em>πρὸς</em></span> 
     </span>
     <span class='ocr_line' id='line_1_14' title="bbox 381 1561 2461 1655; baseline 0 -21"><span class='ocrx_word' id='word_1_129' title='bbox 381 1565 721 1653; x_wconf 77' lang='grc' dir='ltr'><em>ἀλλήλους.</em></span> <span class='ocrx_word' id='word_1_130' title='bbox 777 1565 952 1635; x_wconf 82' lang='grc' dir='ltr'><em>Ἀλλ’</em></span> <span class='ocrx_word' id='word_1_131' title='bbox 981 1579 1169 1655; x_wconf 79' lang='grc' dir='ltr'><em>ἴσως,</em></span> <span class='ocrx_word' id='word_1_132' title='bbox 1191 1561 1365 1654; x_wconf 85' lang='grc' dir='ltr'><em>ηνδ’</em></span> <span class='ocrx_word' id='word_1_133' title='bbox 1390 1566 1551 1653; x_wconf 71' lang='grc' dir='ltr'><em>ἐγώ,</em></span> <span class='ocrx_word' id='word_1_134' title='bbox 1578 1575 1795 1646; x_wconf 70' lang='grc' dir='ltr'><em>καλῶς</em></span> <span class='ocrx_word' id='word_1_135' title='bbox 1816 1570 2055 1653; x_wconf 78' lang='grc' dir='ltr'><em>λέγεις·</em></span> <span class='ocrx_word' id='word_1_136' title='bbox 2099 1570 2211 1637; x_wconf 85' lang='grc' dir='ltr'><em>καὶ</em></span> <span class='ocrx_word' id='word_1_137' title='bbox 2231 1588 2383 1636; x_wconf 87' lang='grc' dir='ltr'><em>σκε-</em></span> <span class='ocrx_word' id='word_1_138' title='bbox 2453 1582 2461 1589; x_wconf 86' lang='grc'><strong>’</strong></span> 
     </span>
     <span class='ocr_line' id='line_1_15' title="bbox 382 1658 2383 1752; baseline 0.001 -23"><span class='ocrx_word' id='word_1_139' title='bbox 382 1667 579 1732; x_wconf 89' lang='grc' dir='ltr'><em>πτέον</em></span> <span class='ocrx_word' id='word_1_140' title='bbox 610 1691 686 1750; x_wconf 76' lang='grc' dir='ltr'><em>γε</em></span> <span class='ocrx_word' id='word_1_141' title='bbox 718 1667 829 1733; x_wconf 78' lang='grc' dir='ltr'><em>καὶ</em></span> <span class='ocrx_word' id='word_1_142' title='bbox 865 1663 991 1734; x_wconf 78' lang='grc' dir='ltr'><em>οὐκ</em></span> <span class='ocrx_word' id='word_1_143' title='bbox 1022 1663 1456 1752; x_wconf 83' lang='grc' dir='ltr'><em>ἀποκνητέον.</em></span> <span class='ocrx_word' id='word_1_144' title='bbox 1503 1671 1767 1751; x_wconf 77' lang='grc' dir='ltr'><em>πρῶτον</em></span> <span class='ocrx_word' id='word_1_145' title='bbox 1800 1658 1927 1732; x_wconf 80' lang='grc' dir='ltr'><em>οὖν</em></span> <span class='ocrx_word' id='word_1_146' title='bbox 1961 1666 2383 1752; x_wconf 74' lang='grc' dir='ltr'><em>σκεψώμεθα,</em></span> 
     </span>
     <span class='ocr_line' id='line_1_16' title="bbox 381 1760 2384 1851; baseline 0.001 -23"><span class='ocrx_word' id='word_1_147' title='bbox 381 1765 528 1830; x_wconf 90' lang='grc' dir='ltr'><em>τίνα</em></span> <span class='ocrx_word' id='word_1_148' title='bbox 550 1763 803 1849; x_wconf 78' lang='grc' dir='ltr'><em>τρόπον</em></span> <span class='ocrx_word' id='word_1_149' title='bbox 824 1764 1270 1851; x_wconf 80' lang='grc' dir='ltr'><em>διαιτήσονται</em></span> <span class='ocrx_word' id='word_1_150' title='bbox 1291 1767 1361 1830; x_wconf 81' lang='lat' dir='ltr'><em>oc</em></span> <span class='ocrx_word' id='word_1_151' title='bbox 1374 1762 1552 1830; x_wconf 76' lang='grc' dir='ltr'><em>οὕτω</em></span> <span class='ocrx_word' id='word_1_152' title='bbox 1570 1764 2196 1849; x_wconf 76' lang='grc' dir='ltr'><em>παρεσκευασμένοι.</em></span> <span class='ocrx_word' id='word_1_153' title='bbox 2221 1760 2384 1831; x_wconf 71' lang='grc' dir='ltr'><em>ἄλλο</em></span> 
     </span>
     <span class='ocr_line' id='line_1_17' title="bbox 378 1854 2385 1946; baseline 0.001 -22"><span class='ocrx_word' id='word_1_154' title='bbox 378 1883 442 1924; x_wconf 90' lang='grc' dir='ltr'><em>τι</em></span> <span class='ocrx_word' id='word_1_155' title='bbox 473 1854 518 1944; x_wconf 78' lang='grc' dir='ltr'><strong><em>ἦ</em></strong></span> <span class='ocrx_word' id='word_1_156' title='bbox 551 1860 735 1929; x_wconf 81' lang='grc' dir='ltr'><em>σῖτόν</em></span> <span class='ocrx_word' id='word_1_157' title='bbox 769 1886 841 1927; x_wconf 93' lang='grc' dir='ltr'><em>τε</em></span> <span class='ocrx_word' id='word_1_158' title='bbox 873 1868 1222 1938; x_wconf 77' lang='grc' dir='ltr'><em>ποιοῦντες</em></span> <span class='ocrx_word' id='word_1_159' title='bbox 1251 1862 1364 1929; x_wconf 84' lang='grc' dir='ltr'><em>καὶ</em></span> <span class='ocrx_word' id='word_1_160' title='bbox 1401 1858 1588 1928; x_wconf 86' lang='grc' dir='ltr'><em>οἶνον</em></span> <span class='ocrx_word' id='word_1_161' title='bbox 1623 1861 1732 1926; x_wconf 81' lang='grc' dir='ltr'><em>καὶ</em></span> <span class='ocrx_word' id='word_1_162' title='bbox 1754 1858 1976 1945; x_wconf 69' lang='grc' dir='ltr'><em>ἱμάτια</em></span> <span class='ocrx_word' id='word_1_163' title='bbox 1997 1860 2108 1928; x_wconf 82' lang='grc' dir='ltr'><em>καὶ</em></span> <span class='ocrx_word' id='word_1_164' title='bbox 2133 1856 2385 1946; x_wconf 79' lang='grc' dir='ltr'><em>ὑποδή-</em></span> 
     </span>
     <span class='ocr_line' id='line_1_18' title="bbox 381 1955 2381 2045; baseline 0.003 -22"><span class='ocrx_word' id='word_1_165' title='bbox 381 1982 552 2041; x_wconf 90' lang='grc' dir='ltr'><em>ματα</em></span> <span class='ocrx_word' id='word_1_166' title='bbox 567 2008 583 2040; x_wconf 88' lang='grc'><em>,</em></span> <span class='ocrx_word' id='word_1_167' title='bbox 628 1959 735 2026; x_wconf 83' lang='grc' dir='ltr'><em>καὶ</em></span> <span class='ocrx_word' id='word_1_168' title='bbox 761 1958 1357 2045; x_wconf 73' lang='grc' dir='ltr'><em>οἰκοδομησάμενοι</em></span> <span class='ocrx_word' id='word_1_169' title='bbox 1379 1962 1620 2043; x_wconf 84' lang='grc' dir='ltr'><em>οἰκίας,</em></span> <span class='ocrx_word' id='word_1_170' title='bbox 1656 1961 1904 2044; x_wconf 76' lang='grc' dir='ltr'><em>θέρους</em></span> <span class='ocrx_word' id='word_1_171' title='bbox 1927 1961 2048 2045; x_wconf 75' lang='grc' dir='ltr'><em>μὲν</em></span> <span class='ocrx_word' id='word_1_172' title='bbox 2067 1955 2149 2026; x_wconf 79' lang='grc' dir='ltr'><em>τά</em></span> <span class='ocrx_word' id='word_1_173' title='bbox 2173 1956 2381 2028; x_wconf 79' lang='grc' dir='ltr'><em>πολλὰ</em></span> 
     </span>
     <span class='ocr_line' id='line_1_19' title="bbox 380 2051 2383 2143; baseline 0.003 -24"><span class='ocrx_word' id='word_1_174' title='bbox 380 2061 630 2139; x_wconf 76' lang='grc' dir='ltr'><em>γυμνοί</em></span> <span class='ocrx_word' id='word_1_175' title='bbox 653 2081 723 2122; x_wconf 90' lang='grc' dir='ltr'><em>τε</em></span> <span class='ocrx_word' id='word_1_176' title='bbox 756 2056 865 2123; x_wconf 84' lang='grc' dir='ltr'><em>καὶ</em></span> <span class='ocrx_word' id='word_1_177' title='bbox 891 2051 1301 2142; x_wconf 88' lang='grc' dir='ltr'><em>ἀνυπόδητοι</em></span> <span class='ocrx_word' id='word_1_178' title='bbox 1334 2056 1761 2142; x_wconf 70' lang='grc' dir='ltr'><em>ἐργάσονται,</em></span> <span class='ocrx_word' id='word_1_179' title='bbox 1805 2063 1927 2124; x_wconf 84' lang='grc' dir='ltr'><em>τοῦ</em></span> <span class='ocrx_word' id='word_1_180' title='bbox 1962 2060 2036 2125; x_wconf 76' lang='grc' dir='ltr'><em>δὲ</em></span> <span class='ocrx_word' id='word_1_181' title='bbox 2066 2064 2383 2143; x_wconf 77' lang='grc' dir='ltr'><em>χειμῶνος</em></span> 
     </span>
     <span class='ocr_line' id='line_1_20' title="bbox 304 2148 2383 2240; baseline 0.002 -22"><span class='ocrx_word' id='word_1_182' title='bbox 304 2184 346 2236; x_wconf 89' lang='lat' dir='ltr'><strong>B</strong></span> <span class='ocrx_word' id='word_1_183' title='bbox 381 2148 815 2239; x_wconf 76' lang='grc' dir='ltr'><em>ἠμφιεσμένοι</em></span> <span class='ocrx_word' id='word_1_184' title='bbox 846 2178 916 2220; x_wconf 91' lang='grc' dir='ltr'><em>τε</em></span> <span class='ocrx_word' id='word_1_185' title='bbox 952 2153 1063 2221; x_wconf 82' lang='grc' dir='ltr'><em>καὶ</em></span> <span class='ocrx_word' id='word_1_186' title='bbox 1093 2150 1569 2239; x_wconf 81' lang='grc' dir='ltr'><em>ὑποδεδεμένοι</em></span> <span class='ocrx_word' id='word_1_187' title='bbox 1601 2156 1873 2234; x_wconf 73' lang='grc' dir='ltr'><em>ίκανῶςς</em></span> <span class='ocrx_word' id='word_1_188' title='bbox 1914 2156 2281 2240; x_wconf 80' lang='grc' dir='ltr'><em>θρέψονται</em></span> <span class='ocrx_word' id='word_1_189' title='bbox 2314 2153 2383 2222; x_wconf 74' lang='grc' dir='ltr'><em>δὲ</em></span> 
     </span>
     <span class='ocr_line' id='line_1_21' title="bbox 379 2250 2384 2339; baseline 0.001 -24"><span class='ocrx_word' id='word_1_190' title='bbox 379 2253 450 2316; x_wconf 82' lang='grc' dir='ltr'><em>ἐκ</em></span> <span class='ocrx_word' id='word_1_191' title='bbox 473 2251 596 2335; x_wconf 80' lang='grc' dir='ltr'><em>μὲν</em></span> <span class='ocrx_word' id='word_1_192' title='bbox 615 2257 752 2317; x_wconf 71' lang='grc' dir='ltr'><em>τῶν</em></span> <span class='ocrx_word' id='word_1_193' title='bbox 774 2257 1035 2336; x_wconf 75' lang='grc' dir='ltr'><em>κριθῶν</em></span> <span class='ocrx_word' id='word_1_194' title='bbox 1056 2250 1299 2336; x_wconf 80' lang='grc' dir='ltr'><em>ἄλφιτα</em></span> <span class='ocrx_word' id='word_1_195' title='bbox 1320 2251 1786 2337; x_wconf 80' lang='grc' dir='ltr'><em>σκευαζόμενοι</em></span> <span class='ocrx_word' id='word_1_196' title='bbox 1800 2304 1818 2339; x_wconf 96' lang='grc'><em>,</em></span> <span class='ocrx_word' id='word_1_197' title='bbox 1871 2255 1942 2320; x_wconf 83' lang='grc' dir='ltr'><em>ἐκ</em></span> <span class='ocrx_word' id='word_1_198' title='bbox 1977 2252 2047 2321; x_wconf 75' lang='grc' dir='ltr'><em>δὲ</em></span> <span class='ocrx_word' id='word_1_199' title='bbox 2080 2260 2216 2319; x_wconf 69' lang='grc' dir='ltr'><em>τῶν</em></span> <span class='ocrx_word' id='word_1_200' title='bbox 2254 2277 2384 2317; x_wconf 83' lang='grc' dir='ltr'><em>πυ·-</em></span> 
     </span>
     <span class='ocr_line' id='line_1_22' title="bbox 378 2345 2383 2437; baseline 0.001 -23"><span class='ocrx_word' id='word_1_201' title='bbox 378 2354 519 2431; x_wconf 76' lang='grc' dir='ltr'><em>ρῶν</em></span> <span class='ocrx_word' id='word_1_202' title='bbox 543 2346 812 2431; x_wconf 78' lang='grc' dir='ltr'><em>ἄλευρα,</em></span> <span class='ocrx_word' id='word_1_203' title='bbox 836 2345 913 2414; x_wconf 83' lang='grc' dir='ltr'><em>τά</em></span> <span class='ocrx_word' id='word_1_204' title='bbox 939 2347 1061 2435; x_wconf 76' lang='grc' dir='ltr'><em>μὲν</em></span> <span class='ocrx_word' id='word_1_205' title='bbox 1082 2353 1423 2434; x_wconf 82' lang='grc' dir='ltr'><em>πέψαντες,</em></span> <span class='ocrx_word' id='word_1_206' title='bbox 1445 2347 1526 2418; x_wconf 78' lang='grc' dir='ltr'><em>τὰ</em></span> <span class='ocrx_word' id='word_1_207' title='bbox 1547 2348 1619 2418; x_wconf 71' lang='grc' dir='ltr'><em>δὲ</em></span> <span class='ocrx_word' id='word_1_208' title='bbox 1636 2352 1975 2436; x_wconf 79' lang='grc' dir='ltr'><em>μάξαντες,</em></span> <span class='ocrx_word' id='word_1_209' title='bbox 2002 2351 2206 2437; x_wconf 77' lang='grc' dir='ltr'><em>μάζας</em></span> <span class='ocrx_word' id='word_1_210' title='bbox 2226 2375 2383 2435; x_wconf 71' lang='grc' dir='ltr'><em>γεν-</em></span> 
     </span>
     <span class='ocr_line' id='line_1_23' title="bbox 378 2443 2384 2536; baseline 0.001 -23"><span class='ocrx_word' id='word_1_211' title='bbox 378 2452 568 2525; x_wconf 88' lang='grc' dir='ltr'><em>ναίας</em></span> <span class='ocrx_word' id='word_1_212' title='bbox 600 2447 709 2513; x_wconf 85' lang='grc' dir='ltr'><em>καὶ</em></span> <span class='ocrx_word' id='word_1_213' title='bbox 743 2444 987 2530; x_wconf 73' lang='grc' dir='ltr'><em>ἄρτους</em></span> <span class='ocrx_word' id='word_1_214' title='bbox 1029 2448 1136 2516; x_wconf 81' lang='grc' dir='ltr'><em>ἐπὶ</em></span> <span class='ocrx_word' id='word_1_215' title='bbox 1181 2447 1485 2536; x_wconf 87' lang='grc' dir='ltr'><em>κάλαμόν</em></span> <span class='ocrx_word' id='word_1_216' title='bbox 1526 2474 1677 2516; x_wconf 88' lang='grc' dir='ltr'><em>τινα</em></span> <span class='ocrx_word' id='word_1_217' title='bbox 1719 2447 2297 2535; x_wconf 84' lang='grc' dir='ltr'><em>παραβαλλόμενοι</em></span> <span class='ocrx_word' id='word_1_218' title='bbox 2341 2443 2384 2533; x_wconf 77' lang='grc' dir='ltr'><strong><em>ἦ</em></strong></span> 
     </span>
     <span class='ocr_line' id='line_1_24' title="bbox 383 2542 2385 2634; baseline 0.001 -24"><span class='ocrx_word' id='word_1_219' title='bbox 383 2544 608 2629; x_wconf 91' lang='grc' dir='ltr'><em>φύλλα</em></span> <span class='ocrx_word' id='word_1_220' title='bbox 628 2542 898 2630; x_wconf 80' lang='grc' dir='ltr'><em>καθαρά</em></span> <span class='ocrx_word' id='word_1_221' title='bbox 914 2593 931 2627; x_wconf 91' lang='grc'><em>,</em></span> <span class='ocrx_word' id='word_1_222' title='bbox 955 2549 1453 2626; x_wconf 81' lang='grc' dir='ltr'><em>κατακλινέντες</em></span> <span class='ocrx_word' id='word_1_223' title='bbox 1475 2548 1579 2615; x_wconf 84' lang='grc' dir='ltr'><em>ἐπὶ</em></span> <span class='ocrx_word' id='word_1_224' title='bbox 1599 2546 1935 2632; x_wconf 83' lang='grc' dir='ltr'><em>στιβάδων</em></span> <span class='ocrx_word' id='word_1_225' title='bbox 1957 2548 2385 2634; x_wconf 78' lang='grc' dir='ltr'><em>ἐστρωμένων</em></span> 
     </span>
     <span class='ocr_line' id='line_1_25' title="bbox 379 2641 2387 2730; baseline 0 -20"><span class='ocrx_word' id='word_1_226' title='bbox 379 2648 610 2727; x_wconf 86' lang='grc' dir='ltr'><em>μίλακί</em></span> <span class='ocrx_word' id='word_1_227' title='bbox 623 2668 693 2710; x_wconf 88' lang='grc' dir='ltr'><em>τε</em></span> <span class='ocrx_word' id='word_1_228' title='bbox 713 2644 821 2709; x_wconf 82' lang='grc' dir='ltr'><em>καὶ</em></span> <span class='ocrx_word' id='word_1_229' title='bbox 839 2648 1205 2730; x_wconf 87' lang='grc' dir='ltr'><em>μυρρίναις,</em></span> <span class='ocrx_word' id='word_1_230' title='bbox 1229 2641 1677 2730; x_wconf 75' lang='grc' dir='ltr'><em>εὐωχήσονται</em></span> <span class='ocrx_word' id='word_1_231' title='bbox 1699 2641 1896 2711; x_wconf 82' lang='grc' dir='ltr'><em>αὐτοί</em></span> <span class='ocrx_word' id='word_1_232' title='bbox 1911 2669 1982 2712; x_wconf 93' lang='grc' dir='ltr'><em>τε</em></span> <span class='ocrx_word' id='word_1_233' title='bbox 2001 2642 2206 2714; x_wconf 78' lang='grc' dir='ltr'><em>καὶτὰ</em></span> <span class='ocrx_word' id='word_1_234' title='bbox 2230 2667 2387 2712; x_wconf 89' lang='grc' dir='ltr'><em>παι-</em></span> 
     </span>
     <span class='ocr_line' id='line_1_26' title="bbox 380 2739 2386 2829; baseline 0.001 -24"><span class='ocrx_word' id='word_1_235' title='bbox 380 2743 508 2825; x_wconf 87' lang='grc' dir='ltr'><em>δία,</em></span> <span class='ocrx_word' id='word_1_236' title='bbox 533 2741 941 2819; x_wconf 80' lang='grc' dir='ltr'><em>ἐπιπίνοντες</em></span> <span class='ocrx_word' id='word_1_237' title='bbox 961 2747 1083 2808; x_wconf 83' lang='grc' dir='ltr'><em>τοῦ</em></span> <span class='ocrx_word' id='word_1_238' title='bbox 1107 2751 1319 2829; x_wconf 79' lang='grc' dir='ltr'><em>οἴνου,</em></span> <span class='ocrx_word' id='word_1_239' title='bbox 1343 2744 1871 2828; x_wconf 75' lang='grc' dir='ltr'><em>ἐστεφανωμένοι</em></span> <span class='ocrx_word' id='word_1_240' title='bbox 1889 2744 2000 2809; x_wconf 77' lang='grc' dir='ltr'><em>καὶ.</em></span> <span class='ocrx_word' id='word_1_241' title='bbox 2020 2739 2386 2829; x_wconf 83' lang='grc' dir='ltr'><em>ὑμνοῦντες</em></span> 
     </span>
     <span class='ocr_line' id='line_1_27' title="bbox 378 2832 2387 2925; baseline 0 -21"><span class='ocrx_word' id='word_1_242' title='bbox 378 2836 536 2914; x_wconf 80' lang='grc' dir='ltr'><em>τούς</em></span> <span class='ocrx_word' id='word_1_243' title='bbox 557 2834 793 2921; x_wconf 75' lang='grc' dir='ltr'><em>θεούς,</em></span> <span class='ocrx_word' id='word_1_244' title='bbox 838 2832 1045 2922; x_wconf 83' lang='grc' dir='ltr'><em>ἡδέως</em></span> <span class='ocrx_word' id='word_1_245' title='bbox 1069 2838 1380 2918; x_wconf 81' lang='grc' dir='ltr'><em>ξυνόντες</em></span> <span class='ocrx_word' id='word_1_246' title='bbox 1402 2835 1710 2925; x_wconf 85' lang='grc' dir='ltr'><em>ἀλλήλοις</em></span> <span class='ocrx_word' id='word_1_247' title='bbox 1724 2889 1740 2922; x_wconf 88' lang='grc'><em>,</em></span> <span class='ocrx_word' id='word_1_248' title='bbox 1785 2836 1907 2925; x_wconf 82' lang='grc' dir='ltr'><em>οὐχ</em></span> <span class='ocrx_word' id='word_1_249' title='bbox 1928 2835 2094 2922; x_wconf 72' lang='grc' dir='ltr'><em>ὑπὲρ</em></span> <span class='ocrx_word' id='word_1_250' title='bbox 2116 2837 2242 2924; x_wconf 82' lang='grc' dir='ltr'><em>τήν</em></span> <span class='ocrx_word' id='word_1_251' title='bbox 2264 2835 2387 2906; x_wconf 84' lang='grc' dir='ltr'><em>ού-</em></span> 
     </span>
     <span class='ocr_line' id='line_1_28' title="bbox 306 2930 2386 3023; baseline 0.001 -23"><span class='ocrx_word' id='word_1_252' title='bbox 306 2957 346 3010; x_wconf 81' lang='lat' dir='ltr'><strong>c</strong></span> <span class='ocrx_word' id='word_1_253' title='bbox 382 2940 534 3001; x_wconf 88' lang='grc' dir='ltr'><em>σίαν</em></span> <span class='ocrx_word' id='word_1_254' title='bbox 561 2932 948 3019; x_wconf 82' lang='grc' dir='ltr'><em>ποιούμενοι</em></span> <span class='ocrx_word' id='word_1_255' title='bbox 970 2933 1127 3014; x_wconf 82' lang='grc' dir='ltr'><em>τούς</em></span> <span class='ocrx_word' id='word_1_256' title='bbox 1148 2942 1407 3021; x_wconf 82' lang='grc' dir='ltr'><em>παῖδας,</em></span> <span class='ocrx_word' id='word_1_257' title='bbox 1434 2934 1914 3023; x_wconf 80' lang='grc' dir='ltr'><em>εὐλαβούμενοι</em></span> <span class='ocrx_word' id='word_1_258' title='bbox 1936 2942 2173 3004; x_wconf 89' lang='grc' dir='ltr'><em>πενίαν</em></span> <span class='ocrx_word' id='word_1_259' title='bbox 2194 2930 2239 3022; x_wconf 74' lang='grc' dir='ltr'><strong><em>ἦ</em></strong></span> <span class='ocrx_word' id='word_1_260' title='bbox 2260 2935 2386 3021; x_wconf 48' lang='grc' dir='ltr'><em>πόὴ</em></span> 
     </span>
     <span class='ocr_line' id='line_1_29' title="bbox 380 3040 615 3116; baseline -0.004 -17"><span class='ocrx_word' id='word_1_261' title='bbox 380 3040 615 3116; x_wconf 70' lang='grc' dir='ltr'><em>λεμονς</em></span> 
     </span>
     <span class='ocr_line' id='line_1_30' title="bbox 547 3132 2380 3221; baseline 0.001 -24"><span class='ocrx_word' id='word_1_262' title='bbox 547 3135 704 3198; x_wconf 87' lang='lat' dir='ltr'><strong>XIII.</strong></span> <span class='ocrx_word' id='word_1_263' title='bbox 749 3135 879 3201; x_wconf 85' lang='grc' dir='ltr'><em>Καὶ</em></span> <span class='ocrx_word' id='word_1_264' title='bbox 912 3132 945 3202; x_wconf 90' lang='grc' dir='ltr'>ὁ</span> <span class='ocrx_word' id='word_1_265' title='bbox 984 3136 1314 3203; x_wconf 89' lang='grc' dir='ltr'><em>Γλαύκων</em></span> <span class='ocrx_word' id='word_1_266' title='bbox 1336 3132 1732 3221; x_wconf 76' lang='grc' dir='ltr'><em>ὑπολαβών,</em></span> <span class='ocrx_word' id='word_1_267' title='bbox 1761 3133 1964 3202; x_wconf 75' lang='grc' dir='ltr'><em>’Ἄνευ</em></span> <span class='ocrx_word' id='word_1_268' title='bbox 1986 3133 2193 3218; x_wconf 76' lang='grc' dir='ltr'><em>ὄψου,</em></span> <span class='ocrx_word' id='word_1_269' title='bbox 2233 3138 2380 3219; x_wconf 79' lang='grc' dir='ltr'><em>ἔφη,</em></span> 
     </span>
     <span class='ocr_line' id='line_1_31' title="bbox 382 3224 2377 3319; baseline 0.001 -24"><span class='ocrx_word' id='word_1_270' title='bbox 382 3226 471 3307; x_wconf 77' lang='grc' dir='ltr'><em>ως</em></span> <span class='ocrx_word' id='word_1_271' title='bbox 491 3233 727 3315; x_wconf 75' lang='grc' dir='ltr'><em>ἔοικας,</em></span> <span class='ocrx_word' id='word_1_272' title='bbox 753 3245 956 3310; x_wconf 76' lang='grc' dir='ltr'><em>ποιεῖς</em></span> <span class='ocrx_word' id='word_1_273' title='bbox 971 3229 1127 3310; x_wconf 79' lang='grc' dir='ltr'><em>τούς</em></span> <span class='ocrx_word' id='word_1_274' title='bbox 1149 3231 1397 3316; x_wconf 75' lang='grc' dir='ltr'><em>ἄνδρας</em></span> <span class='ocrx_word' id='word_1_275' title='bbox 1423 3235 1871 3318; x_wconf 79' lang='grc' dir='ltr'><em>ἑστιωμένους.</em></span> <span class='ocrx_word' id='word_1_276' title='bbox 1912 3231 2181 3319; x_wconf 79' lang='grc' dir='ltr'><em>Ἀληθῆ,</em></span> <span class='ocrx_word' id='word_1_277' title='bbox 2206 3224 2293 3317; x_wconf 79' lang='grc' dir='ltr'><em>ἦν</em></span> <span class='ocrx_word' id='word_1_278' title='bbox 2318 3230 2377 3298; x_wconf 90' lang='grc' dir='ltr'><em>δ’</em></span> 
     </span>
     <span class='ocr_line' id='line_1_32' title="bbox 379 3326 2424 3415; baseline 0.001 -22"><span class='ocrx_word' id='word_1_279' title='bbox 379 3326 541 3411; x_wconf 71' lang='grc' dir='ltr'><em>ἐγώ,</em></span> <span class='ocrx_word' id='word_1_280' title='bbox 587 3332 811 3412; x_wconf 77' lang='grc' dir='ltr'><em>λέγεις.</em></span> <span class='ocrx_word' id='word_1_281' title='bbox 854 3330 1279 3415; x_wconf 80' lang='grc' dir='ltr'><em>ἐπελαθόμην</em></span> <span class='ocrx_word' id='word_1_282' title='bbox 1314 3330 1417 3398; x_wconf 80' lang='grc' dir='ltr'><em>ὅτι</em></span> <span class='ocrx_word' id='word_1_283' title='bbox 1448 3333 1561 3398; x_wconf 84' lang='grc' dir='ltr'><em>καὶ</em></span> <span class='ocrx_word' id='word_1_284' title='bbox 1598 3328 1769 3411; x_wconf 72' lang='grc' dir='ltr'><em>ὄψον</em></span> <span class='ocrx_word' id='word_1_285' title='bbox 1792 3334 2082 3411; x_wconf 78' lang='grc' dir='ltr'><em>ἕξουσιν·</em></span> <span class='ocrx_word' id='word_1_286' title='bbox 2131 3329 2293 3408; x_wconf 75' lang='grc' dir='ltr'><em>ἅλας</em></span> <span class='ocrx_word' id='word_1_287' title='bbox 2316 3354 2382 3397; x_wconf 87' lang='grc' dir='ltr'><em>τε</em></span> <span class='ocrx_word' id='word_1_288' title='bbox 2415 3351 2424 3362; x_wconf 83' lang='grc'><em>·</em></span> 
     </span>
     <span class='ocr_line' id='line_1_33' title="bbox 380 3423 2382 3515; baseline 0.001 -23"><span class='ocrx_word' id='word_1_289' title='bbox 380 3429 588 3508; x_wconf 77' lang='grc' dir='ltr'><em>δῆλον</em></span> <span class='ocrx_word' id='word_1_290' title='bbox 621 3423 722 3493; x_wconf 79' lang='grc' dir='ltr'><em>ὅτι</em></span> <span class='ocrx_word' id='word_1_291' title='bbox 753 3428 864 3494; x_wconf 87' lang='grc' dir='ltr'><em>καὶ</em></span> <span class='ocrx_word' id='word_1_292' title='bbox 901 3425 1096 3505; x_wconf 90' lang='grc' dir='ltr'><em>ἐλάας</em></span> <span class='ocrx_word' id='word_1_293' title='bbox 1127 3430 1237 3495; x_wconf 85' lang='grc' dir='ltr'><em>καὶ</em></span> <span class='ocrx_word' id='word_1_294' title='bbox 1259 3427 1500 3513; x_wconf 88' lang='grc' dir='ltr'><em>τυρόν,</em></span> <span class='ocrx_word' id='word_1_295' title='bbox 1543 3429 1652 3498; x_wconf 79' lang='grc' dir='ltr'><em>καὶ</em></span> <span class='ocrx_word' id='word_1_296' title='bbox 1673 3429 1960 3515; x_wconf 79' lang='grc' dir='ltr'><em>βολβοὺς</em></span> <span class='ocrx_word' id='word_1_297' title='bbox 1979 3433 2088 3497; x_wconf 83' lang='grc' dir='ltr'><em>καὶ</em></span> <span class='ocrx_word' id='word_1_298' title='bbox 2110 3426 2382 3514; x_wconf 84' lang='grc' dir='ltr'><em>λάχανα,</em></span> 
     </span>
    </p>
   </div>
  </div>
 </body>
</html>
