2602 3928
897 214 1475 273 ΠΟΛΙΤΕΙΑΣ
1505 206 1579 292 β’.
2164 216 2244 275 45

241 381 373 444 είσί
386 400 456 443 τε
479 376 590 442 καὶ
610 377 1110 459 ἐπιμελοῦνται,
1133 369 1259 439 οὐκ
1282 369 1577 441 ἄλλοθέν
1599 399 1701 443 τοι
1722 370 1969 453 αὐτοὺς
1989 383 2181 463 ἴσμεν
2200 369 2246 460 ἦ

237 471 622 559 ἀκηκόαμεν
649 466 693 558 ἦ
725 474 796 537 ἔκ
829 495 900 538 τε
932 477 1071 538 τῶν
1091 468 1312 554 λόγων
1333 472 1443 538 καὶ
1461 477 1596 538 τῶν
1618 473 2248 558 γενεαλογησάντων

239 579 560 657 ποιητῶν·
586 573 655 638 oc
674 569 745 637 δὲ
772 565 959 636 αύτοὶ
982 558 1168 636 οὗτοι
1178 571 1511 689 λέγουσιν,
1538 566 1625 649 ὥς
1647 570 1815 637 εἰσὶν
1828 564 1958 637 οἷοι
1978 577 2248 650 θυσίαις

239 694 310 735 τε
330 670 442 736 καὶ
463 665 780 753 εὐχωλαῖς
800 663 1088 752 ἀγανῇσι
1107 668 1216 733 καὶ
1232 663 1619 752 ἀναθήμασι
1639 666 2060 754 παράγεσθαι
2081 665 2247 735 ἀνα-

240 763 656 851 πευθόμενοι·
706 756 882 842 οἷς’“
834 789 877 848 η
917 760 1265 848 ἀμφότερα
1297 757 1345 849 ἦ
1378 760 1694 849 οὐδέτερα
1715 767 2017 833 πειστέον
2034 791 2047 805 ·
2092 770 2154 832 εί
2182 770 2244 835 δ’

240 854 369 928 οὖν
410 863 743 943 πειστέον,
787 856 1137 944 ἀδικητέον
1171 860 1282 926 καὶ
1315 861 1566 927 θυτέον
1593 856 1723 930 ἀπὸ
1756 870 1895 929 τῶν
1924 859 2251 950 ἀδικημά-

244 985 395 1047 των.
423 961 664 1025 δίκαιοι
683 956 804 1042 μὲν
827 954 956 1042 γὰρ
979 952 1168 1034 ὄντες
1188 953 1450 1042 ἀζήμιοι
1472 954 1603 1025 ύπό
1624 967 1811 1027 θεῶν
1833 960 2145 1047 ἐσόμεθα,
2167 956 2248 1027 τὰ
2283 977 2383 1032 366

245 1052 312 1122 δ’
347 1057 414 1134 ἐξ
444 1050 703 1141 ἀδικίας
725 1055 927 1137 κέρδη
957 1048 1397 1138 ἀπωσόμεθα·
1444 1052 1661 1127 ἄδικοι
1695 1055 1768 1123 δὲ
1791 1060 2249 1143 κερδανοῦμέν

242 1178 314 1220 τε
336 1153 447 1220 καὶ
469 1151 850 1237 λισσόμενοι
884 1147 1402 1237 ὑπερβαίνοντες
1437 1153 1565 1219 καὶ
1580 1151 2070 1272 ἁμαρτάνοντες
2104 1159 2248 1222 πεί-

246 1260 482 1328 θοντες
505 1245 751 1327 αὐτους
772 1244 1032 1334 ἀζήμιοι
1052 1245 1531 1334 ἀπαλλάξομεν.
1579 1245 1746 1319 ἀλλά
1770 1249 1899 1337 γὰρ
1924 1253 2000 1319 ἐν
2018 1247 2250 1319 ’Ἅιδου

244 1352 440 1434 δίκην
460 1346 762 1432 δωσομεν
790 1371 888 1412 ων
904 1340 994 1412 ἀν
1015 1344 1261 1414 ἐνθάδε
1283 1342 1798 1434 ἀδικήσωμεν,’“
1751 1374 1793 1435 η
1819 1343 2074 1417 cathol*
2028 1375 2070 1434 η
2094 1362 2251 1417 παῖ-

243 1448 353 1524 δες
388 1448 660 1511 παίδων.
706 1438 853 1509 ἀλλ’
892 1438 1358 1529 ὠφελήσουσιν
1388 1441 1855 1530 ἁγνιζομένους
1889 1450 1961 1513 αί
2000 1449 2249 1515 τελεταὶ

246 1543 356 1610 καὶ
388 1545 458 1610 οἱ
484 1538 705 1609 λύσιοι
737 1546 921 1626 θεοί,
969 1566 1059 1619 ως
1094 1545 1168 1608 αἱ
1193 1545 1488 1628 μέγισται
1519 1542 1744 1623 πόλεις
1764 1545 2032 1630 λέγουσι
2050 1548 2161 1613 καὶ
2182 1548 2250 1614 οἰ
2280 1565 2319 1615 Β

245 1645 433 1707 θεῶν
454 1641 709 1721 παῖδες,
733 1639 995 1723 ποιηταὶ
1023 1640 1133 1706 καὶ
1159 1646 1495 1726 προφῆται
1515 1649 1651 1708 τῶν
1673 1648 1859 1709 θεῶν
1878 1642 2247 1728 γενόμενοι,

246 1743 316 1806 οἳ
330 1743 537 1804 ταῦτα
560 1733 771 1812 οὕτως
793 1740 966 1821 ἔχειν
985 1736 1382 1823 μηνύουσιν.

414 1836 514 1899 ΙΧ.
563 1828 750 1899 Κατὰ
773 1838 919 1900 τίνα
939 1825 1070 1901 οὖν
1087 1838 1183 1901 ἔτι
1203 1834 1409 1921 λόγον
1430 1837 1860 1922 δικαιοσύνην
1877 1832 1964 1903 ἀν
1979 1835 2107 1922 πρὸ
2132 1861 2253 1923 με-

242 1936 471 2018 γίστης
493 1926 747 2013 ἀδικίας
776 1929 1109 2018 αἱροίμεθ’
1150 1930 1265 2014 ἄν,
1311 1928 1399 2020 ἢν
1421 1931 1541 2003 ἐὰν
1574 1932 1719 2021 μετ’
1755 1932 2253 2021 εὐσχημοσύνης

244 2027 565 2116 κιβδήλου
585 2026 1005 2114 κτησαίμεθα,
1030 2031 1140 2095 καὶ
1162 2028 1340 2116 παρὰ
1356 2039 1541 2110 θεοῖς
1560 2034 1671 2099 καὶ
1692 2028 1839 2115 παρ’
1864 2028 2253 2116 ἀνθρώποις

245 2125 581 2213 πράξομεν
602 2124 769 2192 κατὰ
792 2132 963 2192 νοῦν
997 2130 1232 2205 ζωντές
1261 2153 1332 2194 τε
1365 2129 1475 2195 καὶ
1509 2128 2047 2215 τελευτήσαντες,
2095 2154 2182 2206 ως
2214 2123 2250 2193 ὁ

245 2250 380 2291 των
402 2228 673 2290 πολλων
693 2246 764 2288 τε
785 2219 961 2289 καῖ’
914 2247 1143 2305 ακρων
1163 2222 1522 2309 λεγόμενος
1542 2224 1754 2310 λόγος.
1778 2228 1850 2293 ἐκ
1873 2223 1953 2313 δὴ
1978 2224 2251 2292 πάντων

243 2326 383 2387 τῶν
426 2321 791 2404 εἰρημένων
833 2324 931 2398 τίς
967 2320 1225 2405 μηχανή
1239 2369 1260 2403 ,
1309 2346 1361 2387 ω
1388 2320 1774 2406 Σωκρατες,
1819 2320 2253 2406 δικαιοσύνην

245 2423 447 2504 τιμᾷν
466 2417 727 2484 ἐθέλειν
742 2466 762 2501 ,
801 2406 856 2507 ᾦ
878 2441 976 2494 τις
997 2415 1335 2503 δύναμις“
1297 2420 1580 2505 υπάρχει
1600 2427 1815 2505 ψυχῆς
1835 2415 1879 2505 ἦ
1900 2418 2253 2505 χρημάτων
2289 2440 2326 2491 c

242 2540 285 2601 η
257 2509 678 2599 ’“σα4ματος’“
632 2541 675 2600 η
699 2516 970 2598 γένους,
1015 2510 1182 2580 ἀλλὰ
1204 2512 1291 2604 μὴ
1319 2523 1525 2603 γελαν
1546 2514 2084 2603 ἐπαινουμένης’
2044 2514 2252 2584 ακού-

247 2638 445 2693 οντας
470 2638 560 2689 ως
584 2611 668 2697 δή
691 2636 794 2678 τοι
817 2620 881 2679 εῖ
899 2636 998 2689 τις
1019 2615 1147 2731 ἔχει
1169 2616 1383 2698 ψευδῆ
1404 2612 1592 2700 ‘dev'
1549 2623 1893 2701 αποφῆναι
1916 2609 1960 2682 ἀ
1987 2614 2255 2699 εἰρήκα-

246 2735 390 2795 μεν,
417 2709 679 2788 ίκανως
698 2708 770 2776 δε
793 2707 1131 2793 ἔγνωκεν’
1105 2707 1209 2776 ότι
1231 2707 1507 2795 αριστον
1528 2710 1917 2798 δικαιοσύνη
1932 2762 1951 2796 ,
1997 2708 2254 2795 πολλήν

246 2831 378 2873 που
400 2805 806 2893 συγγνώμην
828 2812 958 2893 ἔχει
983 2809 1092 2877 καὶ
1116 2807 1241 2875 οὐκ
1264 2807 1586 2894 ὀργίζεται
1605 2825 1739 2888 τοῖς
1772 2807 2055 2891 ἀδίκοις,
2102 2805 2249 2877 ἀλλ’

247 2903 525 2991 οἶδεν,
486 2931 587 2975 οτι
610 2907 789 2993 πλὴν
811 2917 875 2976 εἴ
898 2934 994 2988 τις
1013 2915 1167 2996 θείᾳ
1202 2908 1404 2994 φύσει
1430 2913 1883 2997 δυσχεραίνων
1906 2907 1980 2976 τὸ
2002 2905 2257 2975 ἀδικεῖν

244 3000 289 3091 ἦ
318 3004 683 3092 ἐπιστήμην
704 3008 933 3093 λαβων
954 3004 1257 3093 ἀπέχεται
1279 3004 1509 3091 αὐτοῦ,
1532 3015 1669 3075 τῶν
1688 3032 1764 3092 γε
1786 3004 2011 3074 ἄλλων
2030 3002 2249 3084 οὐδεὶς
2295 3018 2333 3065 D

245 3101 420 3181 έκών
443 3106 727 3190 δίκαιος,
764 3101 912 3173 ἀλλ’
937 3101 1074 3173 ὑπὸ
1101 3098 1529 3190 ἀνανδρίας’“
1483 3131 1526 3208 η
1547 3104 1769 3191 γήρως
1789 3103 1831 3190 ἥ
1852 3128 2035 3181 τινος
2054 3101 2259 3190 άλλης

247 3301 482 3384 δῆλον
529 3294 565 3366 ὁ
600 3265 728 3384 γὰρ
766 3323 1024 3387 πρωτος
1058 3326 1195 3369 των
1226 3299 1551 3368 τοιούτων
1585 3305 1676 3378 εἰς
1713 3298 1999 3385 δύναμιν
2033 3296 2258 3365 έλθων

248 3418 507 3483 πρωτος
531 3396 760 3480 ἀδικεῖ,
783 3395 947 3465 καθ’
973 3397 1140 3468 ὅσον
1162 3424 1251 3465 αν
1271 3394 1495 3477 οἷός’
1431 3424 1468 3465 τ
1518 3388 1583 3485 ᾖ.
1628 3400 1737 3464 καὶ
1759 3395 2016 3463 τούτων
2036 3391 2257 3462 ἁπάν·
