2602 3928
929 237 1510 295 ΠΟΛΙΤΕΙΑΣ
1546 231 1618 316 β.
2192 240 2275 303 43

266 396 494 482 νάμεις
515 401 782 483 ἔχοντας
802 393 1284 482 εὐδαιμονίζειν
1303 397 1416 463 καὶ
1435 405 1638 484 τιμᾷν
1654 395 1941 488 εὐχερῶς
1961 404 2274 471 ἐθέλουσι

265 499 547 582 δημοσίᾳ
574 520 645 562 τε
664 496 776 562 καὶ
799 499 967 583 ἰδίᾳ,
1001 489 1163 572 τούς
1186 493 1263 563 δὲ
1292 491 1632 580 ἀτιμάζειν
1651 494 1825 565 καὶ’
1790 507 2166 587 υπερορᾷν,
2207 505 2278 567 οἳ

260 618 348 658 αν
380 615 475 680 πῃ
514 589 826 671 ἀσθενεῖς
857 618 929 659 τε
960 594 1072 660 καὶ
1094 595 1369 680 πένητες
1390 585 1587 681 ωσιν,
1645 592 2126 682 ὁμολογοῦντες
2145 596 2275 665 αὐ-
2307 611 2347 661 Β

261 714 420 768 τους
454 687 770 775 ἀμείνους
798 688 967 757 εἶναι
1006 697 1147 758 τῶν
1182 691 1441 777 ἑτέρων.
1487 693 1748 762 τούτων
1789 694 1861 762 δὲ
1897 695 2171 763 πάντων
2206 699 2312 762 oc

261 787 411 873 περὶ
437 792 627 854 θεῶν
652 808 724 853 τε
756 786 946 871 λόγοι
977 789 1090 855 καὶ
1120 784 1357 880 ἀρετῆς
1381 789 1924 875 θαυμασιώτατοι
1944 793 2269 876 λέγονται,

262 879 349 963 ὥς
391 882 521 967 ἄρα
563 885 675 951 καὶ
714 885 867 953 θεοὶ
903 891 1172 963 πολλοῖς
1205 884 1330 971 μὲν
1360 883 1640 972 ἀγαθοῖς
1677 892 2029 978 δυστυχίας
2056 913 2127 956 τε
2161 888 2271 954 καὶ

259 986 412 1068 βίον
444 978 660 1049 κακὸν
686 985 989 1068 ἔνειμαν,
1031 995 1169 1061 τοῖς
1209 981 1276 1050 δ’
1312 984 1636 1064 ἐναντίοις
1669 988 1977 1054 ἐναντίαν
2005 1000 2265 1073 μοῖραν.

258 1075 540 1166 ἀγύρται
574 1080 647 1148 δὲ
679 1081 791 1148 καὶ
823 1078 1089 1167 μάντεις
1122 1082 1228 1149 ἐπὶ
1261 1089 1606 1151 πλουσίων
1636 1084 1859 1166 θύρας
1890 1083 2103 1164 ἰόντες
2125 1090 2270 1151 πεί-

257 1187 509 1245 θουσιν
543 1173 632 1256 ῶς
662 1183 800 1246 ἔστι
834 1173 1014 1264 παρά
1050 1182 1241 1263 σφίσι
1261 1178 1549 1264 δύναμις
1569 1182 1642 1246 ἐκ
1663 1187 1851 1248 θεῶν
1871 1181 2266 1268 ποριζομένη

257 1281 529 1354 θυσίαις
550 1299 619 1343 τε
641 1276 753 1342 καὶ
788 1277 1103 1364 ἐπῳδαῖς,
1147 1285 1277 1343 εἴτε
1295 1302 1359 1343 τι
1382 1274 1670 1363 ἀδίκημά
1692 1304 1816 1346 του
1837 1281 2115 1364 γέγονεν
2138 1274 2266 1346 αύ-
2301 1297 2340 1349 c

257 1379 380 1441 τοῦ
416 1367 463 1459 ἦ
491 1371 879 1458 προγόνων,
922 1370 1234 1440 ἀκεῖσθαι
1266 1371 1426 1460 μεθ’
1462 1371 1735 1461 ἡδονῶν
1763 1401 1835 1443 τε
1867 1380 1977 1444 καὶ
2000 1377 2266 1462 ἑορτῶν,

256 1468 378 1536 ἐάν
402 1471 479 1537 τέ
496 1495 645 1537 τινα
674 1468 929 1555 ἐχθρὸν
950 1477 1246 1556 πημκῆναι
1266 1473 1499 1559 ἐθέλῃ,
1545 1469 1706 1559 μετὰ
1731 1481 2029 1560 σμικρῶν
2050 1477 2269 1541 δαπα-

258 1573 403 1633 νῶν
432 1562 675 1652 ὁμοίως
707 1570 968 1635 δίκαιον
1000 1563 1211 1656 ἀδίκω
1234 1567 1553 1653 βλάψειν,
1605 1571 1977 1656 ἐπαγωγαῖς
1997 1571 2129 1638 τισὶ
2158 1571 2269 1638 καὶ

259 1666 693 1750 καταδέσμοις
711 1660 869 1742 τούς
885 1662 1115 1750 θεούς,
1148 1661 1241 1742 ῶς
1261 1683 1445 1750 φασι,
1471 1670 1820 1745 πείθοντές
1839 1686 2071 1752 σφισιν
2089 1691 2270 1785 υπη-

259 1773 491 1887 ρετεῐν.
549 1760 811 1840 τούτοις
851 1761 926 1830 δὲ
962 1767 1127 1829 πᾶσι
1175 1774 1312 1840 τοῖς
1352 1761 1576 1848 λόγοις
1615 1763 1954 1849 μάρτυρας
1993 1764 2267 1851 ποιητάς

272 1857 616 1944 ’πάγονται
630 1910 650 1946 ,
675 1863 745 1929 οἰ
756 1858 878 1946 μὲν
898 1866 1134 1938 κακίας
1153 1862 1308 1944 πέρι
1330 1858 1668 1940 εὐπετείας
1686 1859 1983 1940 διδόντες
1995 1911 2014 1945 ,

430 1969 520 2050 ὥς
540 1969 664 2059 τὴν
689 1971 813 2057 μὲν
832 1971 1160 2058 κακότητα
1181 1974 1292 2041 καὶ
1315 1970 1548 2042 ἰλαδὸν
1570 1975 2042 2042 ἔστιν’ἑλέσθαι

425 2072 723 2156 ῥηϊδίως·
748 2076 888 2157 λεῦη
910 2073 1035 2156 μὲν
1056 2066 1246 2157 ὁδός,
1276 2071 1454 2158 μάλα
1477 2068 1542 2138 δ’
1567 2071 1811 2158 ἐγγύθι
1831 2077 2004 2139 ναίει
2020 2097 2034 2110 ·
2296 2080 2338 2129 D

424 2174 539 2254 τῆς
568 2164 627 2234 δ’
655 2164 890 2254 ἀρετῆς
911 2171 1158 2254 ἱδρῶτα
1178 2171 1330 2237 θεοὶ
1361 2170 1825 2256 προπάροιθεν
1843 2174 2101 2255 ἔθηκαν

254 2299 374 2363 καί
387 2320 535 2361 τινα
558 2289 723 2361 ὁδὸν
742 2294 1011 2380 μακράν
1030 2320 1101 2362 τε
1121 2296 1233 2364 καὶ
1260 2293 1512 2383 ἀνάντη
1530 2320 1544 2335 ·
1589 2300 1657 2363 oc
1689 2293 1760 2363 δὲ
1791 2302 1907 2382 τῆς
1925 2302 2063 2362 τῶν
2080 2300 2267 2362 θεῶν

254 2387 363 2459 ὑπ’
391 2389 780 2480 ἀνθρώπων
802 2398 1202 2479 παραγωγῆς
1222 2389 1649 2480 τὸνὍμηρον
1668 2393 2140 2480 μαρτύρονται,
2166 2388 2268 2458 ὅτι

252 2492 365 2560 καὶ
385 2492 634 2568 ἐκεῖνος
657 2488 794 2557 εἷπε

663 2603 872 2669 λιστοὶ
895 2605 972 2668 δέ
992 2608 1345 2690 [στρεπτοῆ
1369 2628 1439 2671 τε
1462 2606 1574 2671 καὶ
1594 2607 1743 2672 θεοὶ
1765 2600 1987 2687 αὐτοί,

426 2701 539 2769 καὶ
560 2699 720 2780 τούς
740 2697 862 2785 μὲν
882 2705 1188 2769 θυσίαισι
1210 2703 1320 2769 καὶ
1344 2698 1659 2788 εὐχωλαῖς
1685 2699 2037 2786 ἀγαναῖσιν

425 2804 621 2885 λοιβῇ
646 2822 716 2865 τε
738 2804 934 2887 κνίσῃ
950 2824 1020 2865 τε
1049 2797 1538 2884 παρατρωπῶσ’
1567 2797 1920 2884 ἅνθρωποι
2303 2813 2343 2862 Ε

423 2895 841 2982 λισσόμενοι,
863 2892 977 2963 ὅτε
997 2900 1118 2964 κέν
1137 2922 1235 2975 τις
1257 2892 1559 2985 ὑπερβήῃ
1579 2898 1688 2965 καὶ
1710 2893 1989 2984 ἁμάρτῃ.

255 3028 511 3111 βίβλων
549 3023 624 3091 δὲ
665 3017 924 3109 ὅμαδον
960 3024 1359 3111 παρέχονται
1401 3028 1763 3094 Μουσαίου
1805 3023 1916 3091 καὶ
1955 3020 2262 3110 Ὀρφέως,

257 3120 559 3209 Σελήνης
579 3146 650 3190 τε
673 3124 786 3190 καὶ
805 3128 1115 3190 Μουσῶν
1132 3119 1451 3207 ἐγγόνων,
1473 3119 1568 3200 ὅς
1588 3140 1773 3207 φασι,
1798 3118 1960 3189 καθ’
1985 3118 2063 3200 ἃς
2082 3130 2264 3209 θυη-

257 3226 571 3305 πολοῦσι,
617 3223 964 3299 πείθοντες
998 3216 1082 3287 οὐ
1116 3217 1331 3303 μόνον
1364 3216 1628 3296 ἰδιώτας
1657 3214 1827 3287 ἀλλὰ
1862 3220 1976 3287 καὶ
2016 3217 2261 3305 πόλεις,

258 3314 349 3395 ὥς
382 3314 512 3405 ἄρα
541 3315 769 3397 λύσεις
798 3342 872 3385 τε
905 3321 1016 3385 καὶ
1053 3319 1391 3402 καθαρμοὶ
1422 3314 1847 3404 ἀδικημάτων
1869 3313 1977 3383 διὰ
2000 3324 2267 3383 θυσιῶν

255 3414 368 3481 καὶ
388 3416 654 3493 παιδιάς
679 3410 948 3501 ἡδονῶν
982 3414 1106 3482 εἰσὶ
1125 3414 1251 3497 μὲν
1272 3418 1367 3481 ἔτι
1386 3418 1620 3498 ζῶσιν,
1666 3414 1791 3481 εἰσὶ
1814 3412 1885 3480 δὲ
1904 3413 2016 3481 καὶ
2034 3418 2263 3479 τελευ-
2298 3429 2403 3484 365
