2602 3928
881 215 1457 273 ΠΟΛΙΤΕΙΑΣ
1491 206 1576 273 θ’.
2093 215 2218 280 288

217 382 338 443 »ῦν
357 379 420 443 εἰ
435 381 758 442 τοσοῦτον
787 370 999 460 ἡδονῇ
1032 379 1185 459 νικᾷ
1219 369 1255 439 ὁ
1290 369 1551 458 ἀγαθός
1581 399 1668 442 τε·
1686 378 1796 443 καὶ
1827 379 2078 455 δίκαιος
2097 375 2220 445 τὸν

207 472 424 540 κακόν
443 497 514 539 τε
536 473 649 539 καὶ
675 469 931 555 ἄδικον,
956 467 1273 559 ἀμηχάνῳ
1299 468 1382 557 δὴ
1412 469 1551 560 ὅσῳ
1574 480 1805 540 πλεῖον
1830 472 2084 561 νικήσει
2105 471 2221 542 εῦ-

209 568 598 657 σχημοσύνῃ
619 593 689 635 τε
709 574 864 654 βίου
895 569 1006 635 καὶ
1027 567 1253 635 κάλλει
1284 569 1396 635 καὶ
1427 565 1663 657 ἀρετῇ,
1700 566 2038 662 Ἀμηχάνφ
2060 573 2224 656 μέν-

203 690 312 732 τοι
330 665 417 751 νὴ
449 673 605 751 Δία,
630 672 775 751 ἔφη.

378 766 509 830 xn.
554 759 714 830 Εἶεν
735 760 840 848 δή,
862 760 1052 829 εἶπον
1066 787 1080 800 ·
1114 760 1337 847 ἐπειδὴ
1363 764 1659 830 ἐνταῦθα
1695 763 1904 849 λόγου
1937 763 2221 850 γεγόνα-
2244 777 2290 828 Β

209 885 359 946 μεν,
391 856 831 946 ἀναλάβωμεν
857 857 939 927 τὰ
972 866 1202 943 πρῶτα
1241 861 1585 945 λεχθέντα,
1623 858 1710 927 δι’
1755 858 1802 926 ἃ
1832 858 2020 947 δεῦρ’
2058 857 2223 946 ἤκο-

207 981 366 1043 μεν·
407 949 496 1043 ἦν
518 959 595 1024 δέ
611 980 744 1024 που
764 958 1147 1043 λεγόμενον,
1175 964 1543 1025 λυσιτελεῖν
1579 955 1833 1026 άδικεῖν
1863 983 1957 1049 τω
1989 960 2223 1036 τελέως

205 1053 334 1137 μὲν
353 1050 583 1143 άδίκω,
620 1054 1029 1141 δοξαζομένῳ
1066 1051 1138 1120 δὲ
1175 1057 1424 1143 δικαίῳ.
1445 1049 1516 1172 ’ἢ
1554 1049 1675 1138 οὐχ
1712 1051 1924 1134 οὕτως
1955 1055 2220 1140 ἐλέχθη;

215 1147 414 1216 Οὕτω
435 1151 560 1235 μὲν
580 1142 725 1217 οὖν.
764 1155 922 1215 Νῦν
945 1148 1047 1237 δή,
1072 1154 1263 1237 ἔφην,
1288 1146 1472 1218 αύτω
1494 1150 1977 1236 διαλεγώμεθα,
1999 1149 2220 1236 ἐπειδὴ

209 1245 857 1333 διωμολογησάμεθα
888 1245 967 1314 τό
995 1271 1067 1314 τε
1094 1242 1350 1315 ἀδικεῖν
1380 1249 1494 1315 καὶ
1534 1244 1609 1315 τὰ
1648 1251 1868 1316 δίκαια
1911 1246 2224 1332 πράττειν

207 1338 297 1428 ἣν
317 1342 633 1425 ἑκάτερον
653 1347 781 1429 ἔχει
802 1342 1109 1431 δύναμιν.
1155 1351 1340 1424 Πως;
1377 1348 1522 1432 ἔφη.
1568 1346 1825 1418 Εἰκόνα
1859 1345 2228 1422 πλάσαντες

208 1447 326 1525 τῆς
372 1447 586 1527 ψυχῆς
626 1440 827 1530 λόγῳ,
869 1444 983 1509 ἵνα
1030 1445 1171 1529 εἰδῇ
1220 1437 1257 1509 ὁ
1304 1443 1522 1509 ἐκεῖνα
1560 1444 1772 1528 λέγων
1820 1437 1924 1510 οἶα
1978 1447 2219 1526 ἔλεγεν.

215 1544 430 1606 Ποίαν
454 1537 634 1616 τινάς
672 1532 717 1626 ἦ
739 1535 804 1605 δ’
840 1535 937 1618 ὄςι
985 1546 1138 1607 Ταῖν
1157 1539 1482 1608 τοιούτων
1499 1540 1672 1626 τινά,
1694 1533 1781 1627 ἦν
1806 1538 1869 1607 δ’
1909 1539 2060 1625 ἐγώ,
2093 1533 2224 1606 οἷαι
2246 1552 2290 1605 C

216 1641 759 1719 μυθολογοῦνται
789 1638 1060 1705 παλαιαὶ
1098 1638 1416 1721 γενέσθαι
1450 1636 1705 1723 φύσεις,
1730 1635 1776 1723 ἥ
1808 1662 1879 1704 τε
1899 1641 2226 1722 Χιμαίρας

215 1732 326 1797 καὶ
346 1727 388 1816 ἡ
410 1730 720 1819 Σκύλλης
748 1735 860 1802 καὶ
890 1738 1256 1822 Κερβέρου,
1290 1736 1403 1803 καὶ
1436 1733 1629 1803 ἄλλαι
1661 1733 1833 1813 τινες
1859 1734 2093 1819 συχναὶ
2113 1735 2221 1799 λέ·

211 1853 447 1914 γονται
462 1831 954 1915 ξυμπεφυκυῖαι
975 1834 1143 1900 ἰδέαι
1156 1834 1391 1901 πολλαὶ
1411 1836 1504 1912 εἰς
1524 1835 1600 1900 ἓν
1619 1832 1952 1917 γενέσθαι.
1977 1834 2225 1914 Λέγον-

210 1952 316 1995 ται
337 1924 489 2014 γάρ,
514 1930 657 2014 ἔφη.
702 1927 961 1997 Πλάττε
982 1934 1215 1999 τοίνυν
1240 1936 1400 2017 μίαν
1421 1929 1543 2017 μὲν
1577 1933 1761 1999 ἰδέαν
1787 1932 2037 2015 θηρίου
2069 1949 2224 1994 ποι-

214 2031 401 2094 κίλου
420 2026 533 2094 καὶ
551 2027 1046 2113 πολυκεφάλου,
1067 2025 1337 2115 ἡμέρων
1355 2028 1428 2097 δὲ
1446 2033 1710 2115 θηρίων
1730 2031 1993 2113 ἔχοντος
2012 2049 2225 2109 κεφα-

214 2120 331 2200 λὰς
372 2121 598 2211 κύκλῳ
654 2124 767 2191 καὶ
808 2121 1092 2210 ἀγρίων,
1144 2126 1254 2194 καὶ
1298 2130 1594 2194 δυνατοῦ
1635 2127 2069 2211 μεταβάλλειν
2112 2119 2224 2188 καὶ

215 2219 418 2304 φύειν
455 2221 520 2298 ἐξ
554 2217 765 2287 αὑτοῦ
796 2220 1012 2288 πάντα
1042 2228 1270 2290 ταῦτα.
1328 2230 1585 2290 Δεινοῦ
1617 2221 1937 2305 πλάστου,
1961 2225 2109 2306 ἔφη,
2142 2213 2218 2285 τό

210 2321 438 2406 ἔργον·
486 2342 664 2403 ομως
710 2319 803 2404 δέ,
850 2319 1073 2406 ἐπειδὴ
1118 2316 1644 2407 εὐπλαστότερον
1675 2327 1892 2406 κηροῦ
1929 2320 2041 2388 καὶ
2079 2341 2216 2384 των
2247 2332 2297 2382 D

214 2417 536 2486 τοιούτων
555 2414 771 2502 λόγος,
801 2421 1188 2487 πεπλάσθω.
1227 2425 1421 2487 Μίαν
1442 2418 1525 2507 δὴ
1553 2425 1786 2487 τοίνυν
1806 2416 2018 2503 αλλην
2039 2417 2225 2484 ἰδέαν

213 2517 500 2600 λέοντος,
539 2521 697 2600 μίαν
725 2513 799 2582 δὲ
833 2513 1239 2599 ἀνθρώπου·
1286 2514 1462 2585 πολὺ
1494 2516 1565 2584 δὲ
1600 2517 1909 2602 με’γιστον
1945 2518 2108 2582 ἔστω
2148 2537 2223 2579 το

220 2636 486 2698 πρωτον
524 2615 634 2682 καὶ
677 2615 993 2700 δεύτερον
1031 2616 1108 2684 τὸ
1155 2617 1490 2702 δεύτερον.
1563 2622 1810 2699 Ταῦτα,
1851 2617 2001 2700 ἔφη,
2047 2612 2220 2700 ῥᾴω

213 2711 321 2777 καὶ
352 2711 731 2778 πέπλασται.
796 2710 1114 2780 Σύναπτε
1149 2719 1383 2782 τοίνυν
1415 2709 1588 2780 αὐτα
1623 2716 1714 2790 εἰς
1749 2713 1824 2779 ἓν
1857 2714 2005 2791 τρία
2039 2733 2221 2792 οντα,

217 2806 382 2878 ὥστε
403 2830 497 2895 πῃ
517 2812 1015 2893 ξυμπεφυκέναι
1041 2806 1365 2896 ἀλλήλοις.
1412 2814 1782 2894 Συνῆπται,
1808 2811 1953 2892 ἔφη.
2017 2810 2222 2889 Περί-

214 2913 471 2973 πλασον
515 2902 596 2991 δὴ
634 2901 858 2986 αὐτοῖς
886 2911 1137 2986 ἔξωθεν
1183 2904 1331 2987 ἐνὸς
1361 2907 1607 2990 εἰκόνα,
1643 2904 1767 2993 τὴν
1797 2911 1922 2972 τοῦ
1948 2900 2225 2990 ἀνθρώ-

215 3025 368 3089 που,
406 3000 573 3069 ω’στε
605 3010 698 3091 τῷ
733 3030 824 3128 μη
860 3007 1210 3095 δυναμένω
1246 3005 1329 3072 τὰ
1363 3001 1610 3083 ἐντὸς’
1581 3010 1769 3092 ορᾷν,
1789 3000 1957 3070 ἀλλὰ
1989 2999 2064 3069 τὸ
2099 3004 2220 3081 ἔξω
2251 3017 2294 3067 13

216 3102 429 3186 μόνον
470 3104 746 3186 ἔλυτρον
787 3102 1053 3190 ὄρωντι,
1088 3106 1165 3171 ἓν
1195 3107 1369 3184 ζῶον
1410 3108 1792 3198 φαίνεσθαι,
1829 3098 2218 3185 ανθρωπον.

215 3201 760 3286 Περιπέπλασται,
785 3205 931 3286 ἔφη.
977 3204 1294 3286 Λέγωμεν
1317 3199 1399 3288 δὴ
1424 3226 1516 3287 τω
1539 3201 1817 3286 λε’γοντι,
1853 3225 1939 3278 ως
1963 3206 2222 3265 λυσιτε-

219 3302 316 3363 λεῖ
341 3296 555 3364 τούτω
592 3294 849 3366 ἀδικεῖν
883 3305 980 3389 τῷ
1013 3295 1381 3385 α’νθρώπῳ,
1425 3302 1645 3366 δίκαια
1680 3297 1751 3366 δὲ
1794 3295 2103 3382 πράττειν
2137 3289 2222 3361 οὐ

218 3392 636 3480 ξυμφέρει,”
595 3419 700 3482 οτι
746 3393 947 3463 ουδὲν
988 3394 1152 3463 ἄλλο
1187 3398 1393 3484 φησὶν
1433 3392 1478 3481 ἦ
1520 3401 1883 3462 λυσιτελεῖν
1922 3388 2106 3479 αύτω
2143 3388 2220 3458 τὸ
