2602 3928
319 247 450 313 218
1059 250 1628 309 ΠΛΑΤΩΝΟΣ

333 418 524 497 τίμως
563 406 729 477 αύτά
754 414 904 493 ἔχει,
929 405 1235 486 ἀσθενῶς
1268 413 1543 494 ζητεῖται
1567 406 1816 494 χαλεπά
1852 407 2037 495 ὅντα,
2067 413 2335 479 ἐπιστά-

329 532 450 575 του
469 533 540 575 τε
565 510 827 574 δέονται
851 509 921 573 οἱ
938 511 1301 591 ζητοῦντες,
1332 504 1500 574 ἄνευ
1525 497 1611 574 οὗ
1632 502 1758 573 ούκ
1794 499 1881 573 ἄν
1916 504 2179 591 εὕροιεν
2194 533 2208 547 ·
2252 504 2335 574 ὃν

325 611 589 689 πρῶτον
611 607 733 691 μὲν
753 606 1071 688 γενέσθαι
1090 603 1399 688 χαλεπόν,
1425 608 1645 670 ἔπειτα
1676 605 1786 671 καὶ
1819 605 2207 689 γενομένου,
2247 604 2337 683 ῶς

325 709 456 769 νῦν
484 706 631 787 ἔχει,
654 698 780 768 οὐκ
802 695 887 767 ἀν
913 707 1254 768 πείθοιντο
1277 702 1513 788 οἱπερὶ
1542 709 1752 768 ταῦτα
1776 704 2096 786 ζητητικοὶ
2130 726 2337 787 μεγα-

251 815 291 868 0
326 799 876 884 λοφρονούμενοι.
945 802 1006 865 εἰ
1042 797 1114 865 δὲ
1157 798 1349 877 πόλις
1398 796 1520 884 ὅλη
1566 800 2028 877 ξυνεπιστατοτ
2065 801 2336 883 ἐντίμως

327 894 583 981 ἄγουσα
607 892 798 976 αὐτά,
824 886 1018 962 οὗτοί
1032 920 1102 962 τε
1126 892 1212 963 ἀν
1236 901 1580 964 πείθοιντο
1603 897 1715 964 καὶ
1726 899 2012 981 ξυνεχῶς
2030 921 2101 962 τε
2114 891 2203 963 ἂν
2224 897 2334 963 καὶ

326 994 612 1073 ἐντόνως
632 992 996 1078 ζητούμενα
1019 995 1272 1079 ἐκφανῆ
1292 995 1549 1077 γένοιτο
1570 990 1704 1079 ὅπῃ
1732 998 1887 1077 ἔχει·
1916 993 2053 1060 ἐπεὶ
2074 993 2184 1060 καὶ
2204 1001 2336 1060 νῦν

326 1088 458 1159 ὑπὸ
494 1099 632 1159 τῶν
666 1099 932 1158 πολλῶν
966 1086 1403 1176 ἀτιμαζόμενα
1451 1093 1561 1158 καὶ
1598 1090 2033 1176 κολουόμενα,
2084 1087 2215 1156 ὑπὸ
2265 1095 2336 1158 δὲ

323 1195 458 1255 τῶν
502 1188 895 1274 ζητούντων,
933 1186 1135 1272 λόγον
1176 1185 1303 1255 οὐκ
1339 1186 1626 1272 ἐχόντων
1658 1183 1829 1254 καθ’
1857 1185 1896 1253 ὅ
1929 1212 1993 1254 τι
2025 1185 2333 1272 χρήσιμα,

326 1282 502 1370 ὅμως
521 1284 690 1371 πρὸς
721 1283 982 1352 ἅπαντα
1013 1292 1218 1352 ταῦτα
1240 1291 1354 1372 βίᾳ
1377 1283 1510 1352 ὑπὸ
1534 1284 1795 1370 χάριτος
1819 1283 2188 1367 αὐξάνεται,
2224 1287 2336 1352 καὶ

241 1399 284 1450 D
325 1378 525 1450 οὐδὲν
551 1379 949 1468 θαυμαστὸν
971 1379 1138 1449 αὐτὰ
1163 1390 1473 1467 φανῆναι.
1520 1383 1650 1449 Καὶ
1670 1380 1793 1467 μὲν
1822 1380 1926 1467 δή,
1962 1387 2113 1467 ἔφη,
2147 1381 2223 1449 τό
2251 1377 2335 1466 ’γε

324 1483 579 1565 ἐπίχαρι
603 1483 711 1547 καὶ
732 1478 1178 1564 διαφερόντως
1210 1484 1356 1565 ἔχει.
1404 1477 1569 1547 ἀλλά
1606 1506 1719 1566 μοι
1753 1484 2162 1568 σαφέστερον
2196 1478 2335 1546 εἰπὲ

324 1574 367 1644 ὁὶ
392 1586 524 1644 νῦν
544 1577 624 1663 δὴ
649 1584 882 1662 ἔλεγες.
925 1575 1049 1664 τὴν
1079 1576 1203 1663 μὲν
1222 1576 1352 1661 γάρ
1381 1599 1514 1645 που
1532 1583 1655 1644 τοῦ
1683 1578 1996 1645 ἐπιπέδου
2028 1600 2335 1662 πραγμα-

321 1681 503 1743 τείαν
523 1684 927 1762 γεωμετρίαν
949 1668 1190 1761 ἐτίθης.
1233 1679 1391 1759 Ναί,
1434 1666 1521 1759 ἦν
1556 1672 1619 1741 δ’
1671 1673 1817 1760 ἐγώ.
1862 1672 2025 1743 Εἶτά
2065 1672 2156 1760 γ’,
2180 1680 2330 1760 ἔφη,

320 1770 396 1840 τὸ
420 1776 541 1859 μὲν
561 1779 827 1860 πρῶτον
851 1771 1294 1858 ἀστρονομίαν
1316 1770 1479 1859 μετά
1493 1772 1764 1859 ταύτην,
1778 1769 2063 1857 ὕστερον
2087 1769 2150 1839 δ’
2176 1769 2325 1839 ἀνε-

322 1868 641 1957 χῶρησας.
686 1869 1022 1937 Σπεύδων
1062 1869 1215 1955 γάρ,
1262 1875 1455 1955 ἔφην,
1502 1867 1665 1954 ταχὺ
1710 1869 1926 1937 πάντα
1970 1871 2328 1948 διεξελθεῖν

321 1975 579 2053 μᾶλλον
622 1966 938 2053 βραδύνω
956 1991 970 2004 ·
1037 1968 1178 2051 ἑξῆς
1219 1963 1348 2051 γὰρ
1391 1959 1604 2034 οὖσαν
1649 1962 1772 2053 τὴν
1818 1966 2080 2053 βάθους
2130 1966 2330 2053 αὔξης

323 2068 637 2151 μέθοδον,
661 2061 765 2131 ὅτι
783 2072 866 2151 τῇ
895 2063 1150 2151 ζητήσει
1169 2071 1442 2150 γελοίως
1454 2069 1603 2152 ἔχει,
1618 2062 1914 2152 ὑπερβὰς
1938 2062 2147 2150 αὐτὴν
2169 2062 2329 2149 μετά

254 2193 294 2241 E
325 2166 730 2248 γεωμετρίαν
760 2159 1205 2247 ἀστρονομίαν
1243 2169 1493 2250 ἔλεγον,
1536 2161 1760 2249 φορὰν
1793 2155 2009 2232 οὖσαν
2048 2162 2324 2249 βάθους.

315 2257 587 2345 Ὀρθῶς,
613 2262 761 2345 ἔφη,
787 2261 1011 2345 λέγεις.
1063 2264 1393 2348 Τέταρτον
1423 2269 1674 2343 τοίνυν,
1708 2253 1796 2348 ἦν
1829 2258 1894 2329 δ’
1934 2261 2084 2346 ἐγώ,
2122 2267 2330 2328 τιθῶ·-

321 2381 445 2442 μεν
467 2355 750 2443 μάθημα
769 2355 1234 2445 ἀστρονομίαν,
1266 2357 1355 2438 ὡς
1380 2356 1807 2445 ὑπαρχούσης
1825 2366 1939 2444 τῆς
1959 2365 2090 2425 νῦν
2111 2381 2328 2442 παρα-

323 2456 732 2539 λειπομένης,
777 2452 899 2522 ἐάν
940 2452 1152 2542 αὐτὴν
1186 2456 1377 2536 πόλις
1406 2461 1609 2544 μετίῃ.
1657 2455 1879 2541 Εἰκός,
1910 2448 1956 2541 ἦ
1983 2450 2045 2522 δ’
2088 2452 2190 2533 ὅς·
2220 2455 2326 2521 καὶ

319 2549 360 2618 ὅ
381 2577 456 2637 γε
480 2559 610 2618 νῦν
646 2550 727 2636 δή
760 2578 892 2637 μοι,
927 2544 982 2619 ῶ
1015 2551 1391 2637 Σώκρατες,
1434 2557 1793 2640 ἐπέπληξας
1822 2555 1971 2639 περὶ
2006 2551 2332 2639 ἀστρονο-

319 2655 470 2734 μίας
495 2645 584 2728 ῶς
606 2656 939 2734 φορτικῶς
959 2652 1361 2735 ἐπαινοῦντι,
1384 2658 1515 2718 νῦν
1546 2644 1590 2737 ᾗ
1624 2648 1710 2719 σύ
1732 2653 2023 2737 μετέρχει
2056 2653 2325 2718 ἐπαινῶ.

182 2771 285 2827 529
321 2749 517 2815 παντὶ
545 2747 674 2832 γάρ
698 2773 811 2832 μοι
834 2751 1020 2817 δοκεῖ
1036 2753 1261 2834 δῆλον,
1288 2748 1391 2817 ὅτι
1412 2747 1582 2835 αὕτη
1615 2775 1691 2835 γε
1727 2747 2075 2834 ἀναγκάζει
2109 2746 2332 2834 ψυχὴν

323 2850 412 2922 εἰς
434 2842 507 2913 τὸ
529 2844 671 2913 ὅῖνω
700 2842 871 2934 ὁρᾷν
891 2847 1000 2915 καὶ
1035 2844 1165 2914 ἀπό
1190 2855 1327 2917 τῶν
1357 2849 1634 2915 ἐνθένδε
1667 2849 1872 2915 ἐκεῖσε
1905 2845 2066 2932 ἄγει.
2120 2846 2325 2930 Ἴσως,

319 2933 409 3026 ἦν
434 2939 500 3008 δ’
516 2942 665 3028 ἐγώ,
690 2943 885 3009 παντὶ
908 2946 1114 3027 δῆλον
1135 2942 1310 3029 πλὴν
1331 2947 1504 3029 ἐμοί·
1551 2945 1691 3029 ἐμοὶ
1709 2941 1839 3030 γάρ
1874 2942 1957 3011 οὐ
1992 2947 2181 3012 δοκεῖ
2206 2941 2330 3009 01⁴3-

322 3062 465 3119 τως.
503 3036 699 3107 Ἀλλά
723 3046 891 3119 πῶς;
916 3044 1061 3125 ἔφη.
1095 3038 1209 3120 Ὡς
1234 3043 1357 3127 μὲν
1379 3048 1509 3109 νῦν
1532 3038 1746 3127 αὐτὴν
1778 3044 2327 3128 μεταχειρίζονται

320 3137 390 3203 οἱ
406 3141 499 3215 εἰς
520 3142 927 3222 φιλοσοφίαν
948 3136 1332 3224 ἀνάγοντες,
1368 3139 1551 3206 πάνυ
1584 3153 1798 3207 ποιεῖν
1828 3139 2003 3207 κάτω
2037 3140 2325 3225 βλέπειν.

315 3237 494 3319 ΙΙῶς,
519 3238 668 3318 ἔφη,
692 3237 925 3319 λέγεις;
952 3232 1098 3303 Ούκ
1128 3233 1424 3320 ἀγεννῶς
1445 3263 1557 3322 μοι
1578 3239 1811 3322 δοκεῖς,
1833 3227 1919 3321 ἦν
1942 3233 2005 3304 δ’
2031 3235 2183 3323 ἐγώ,
2206 3235 2330 3322 τὴν

317 3329 564 3414 περὶτὰ
588 3329 728 3397 ἄνω
751 3331 1047 3418 μάθησιν
1071 3332 1435 3420 λαμβάνειν
1454 3332 1633 3420 παρὰ
1661 3340 1884 3417 σαυτῶ
1907 3331 1952 3418 ἤ
1975 3335 2108 3402 ἐστι
2123 3357 2140 3374 ·
2183 3360 2330 3408 κιν-

237 3452 277 3500 Β
320 3426 618 3507 δυνεύεις
650 3429 797 3517 γάρ,
825 3433 934 3501 καὶ
973 3441 1039 3500 εἴ
1065 3457 1159 3511 τις
1191 3435 1262 3501 ἐν
1296 3429 1520 3521 ὀροφῇ
1551 3439 1944 3519 ποικίλματα
1987 3429 2328 3521 θεώμενος
