2602 3928
935 245 1523 306 ΠΟΛΙΤΕΙΑΣ
1547 240 1619 322 η’.
2172 246 2295 312 251

285 411 605 489 γαρχικοῦ
641 405 1116 490 δημοκρατικὸς
1147 411 1461 489 γίγνεται.
1507 414 1814 491 φαίνεται
1849 411 1926 477 δέ
1956 436 2069 496 μοι
2103 410 2183 476 τά
2219 435 2296 494 γε

284 500 497 569 πολλὰ
522 493 650 594 ωδε
676 510 1041 585 γίγνεσθαι.
1077 508 1267 581 Πῶςς
1296 500 1501 569 Ὀταν
1533 507 1683 581 νέος
1715 509 2172 591 τεθραμμένος
2207 532 2298 586 ως

284 606 417 667 νῦν
439 596 519 684 δὴ
542 601 876 685 ἐλέγομεν,
899 595 1311 675 ἀπαιδεύτως
1342 623 1413 663 τε
1449 600 1558 666 καὶ
1592 606 1952 686 φειδωλῶς,
1984 603 2296 688 γεύσηται

285 696 610 782 κηφήνων
630 699 889 782 με’λιτος
900 699 1008 763 ’καὶ
1023 699 1416 782 ξυγγένηται
1428 706 1674 765 αἴθωσι
1689 703 1896 786 θηρσὶ
1914 702 2023 767 καὶ
2036 705 2295 785 δεινοῖς,

289 793 714 872 παντοδαπὰς
740 790 988 880 ἡδονὰς
1029 796 1140 862 καὶ
1179 799 1479 874 ποικίλας
1513 798 1625 864 καὶ
1664 802 1992 876 παντοίως
2021 799 2298 883 ἐχούσας

288 894 687 977 δυναμένοις
707 891 1072 977 σκευάζειν,
1097 890 1397 960 ἐνταῦθά
1416 916 1552 973 που
1566 902 1723 961 οἴου
1740 893 1980 962 εἶναι’
1939 896 2148 982 αρχὴν
2169 893 2298 963 αὐ-

282 996 376 1080 τῷ
395 997 762 1109 μεταβολῆς
783 985 1202 1076 ὀλιγαρχικῆς
1219 998 1336 1076 τῆς
1356 991 1488 1056 ἐν
1454 1016 1665 1058 εαυτω
1642 997 1772 1070 εἰς
1789 994 2295 1080 δημοκρατικήν.
2334 1009 2374 1058 Ε

286 1085 512 1173 Πολλὴ
537 1083 820 1173 ἀνάγκη,
841 1093 989 1173 ἔφη.
1029 1080 1170 1172 Αρ’
1212 1080 1363 1170 οὖν,
1399 1084 1622 1169 ωσπερ
1656 1086 1698 1174 ἡ
1727 1088 1917 1168 πόλις
1948 1094 2299 1177 μετέβαλλε

285 1185 718 1271 βοηθησάσης
758 1193 854 1274 τῷ
888 1186 1087 1274 ἑτέρω
1129 1189 1313 1273 μέρει
1354 1189 1714 1272 ξυμμαχίας
1770 1191 2020 1267 ἔξωθεν
2068 1185 2298 1276 ὁμοίας

286 1278 513 1371 ὁμοίω,
537 1282 716 1350 οὕτω
737 1250 901 1351 κάὶ’
872 1310 908 1351 ο
931 1289 1197 1362 νεανίας
1224 1285 1618 1370 μεταβάλλει
1640 1290 2056 1370 βοηθοῦντος
2078 1280 2167 1353 αὖ
2203 1297 2299 1356 εἴ-

291 1383 452 1461 δους
467 1385 843 1468 ἐπνθυμιων
864 1385 1116 1462 ἔξωθεν
1136 1407 1238 1472 τω
1252 1384 1471 1471 ἑτέρῳ
1462 1409 1613 1487 των
1634 1406 1766 1465 παρ
1777 1380 2041 1473 ’ἐκείνω
2065 1390 2302 1472 ξυγγε-

287 1488 452 1558 νοῦς
482 1504 570 1547 τε
584 1484 696 1548 καὶ
725 1477 996 1566 ὁμοίους
1033 1479 1455 1548 Παντάπασι
1476 1476 1599 1566 μὲν
1640 1507 1784 1548 ουν.
1829 1484 1961 1550 Καὶ
2005 1481 2124 1550 ἐαν
2154 1488 2299 1570 μέν,

285 1575 489 1663 οἶμαι,
503 1575 970 1697 ἀντιβοηθήσῃ
972 1604 1071 1665 τις
1088 1605 1180 1646 τω
1204 1582 1279 1646 ἐν
1300 1579 1516 1668 ἕαυτω
1534 1578 1945 1669 όλιγαρχικφ
1953 1585 2300 1668 ξυμμαχία,

287 1675 331 1760 ἤ
351 1684 573 1743 ποθεν
594 1677 773 1760 παρὰ
803 1684 929 1743 τοῦ
948 1674 1194 1759 πατρὸς
1212 1670 1259 1762 ἦ
1280 1678 1391 1765 καὶ
1409 1702 1546 1743 των
1580 1674 1803 1744 άλλων
1837 1683 2102 1745 οἰκείων
2133 1704 2298 1745 νου-
2336 1697 2439 1755 560

288 1773 682 1840 θετούντων
702 1799 773 1841 τε
806 1778 917 1843 καὶ
947 1775 1375 1860 κακιζόντων,
1411 1772 1641 1855 στάσις
1674 1774 1756 1863 δὴ
1789 1779 1896 1844 καὶ
1925 1776 2302 1859 ἀντίστασις

288 1872 400 1940 καὶ
419 1868 608 1956 μάχη
618 1874 693 1939 ἐν
712 1870 894 1962 αὐτῷ
916 1869 1086 1959 πρὸς
1114 1869 1323 1939 αὑτὸν
1342 1872 1493 1939 τότε
1512 1878 1824 1959 γίγνεται.
1876 1879 1958 1941 Τί
1973 1874 2143 1961 μήν;
2167 1875 2301 1942 Καὶ

287 1969 444 2038 ποτὲ
465 1973 609 2055 με’ν,
635 1968 833 2055 οἶμαι,
862 1968 938 2039 τὸ
965 1968 1458 2058 δημοκρατικὸν
1478 1967 1863 2058 ὑπεχώρησε
1896 1979 1992 2062 τῷ
2027 1972 2302 2059 ὀλιγαρ-

287 2076 468 2157 χικῷ,
492 2074 613 2135 καί
629 2093 799 2146 τινες
817 2065 955 2136 ’τοῖν
975 2069 1357 2154 ἐπιθυμιῶν
1381 2072 1453 2135 αἱ
1469 2067 1595 2153 μὲν
1614 2070 2103 2156 διεφθάρησαν,
2139 2075 2212 2138 αί
2232 2073 2304 2139 δὲ

288 2167 398 2232 καὶ
440 2167 769 2250 ἐξέπεσον,
805 2169 1038 2245 αἰδοῦς
1078 2163 1260 2245 τινὸς
1290 2168 1726 2252 ἐγγενομένης
1765 2171 1840 2233 ἐν
1872 2175 1954 2253 τῇ
1984 2174 2108 2235 τοῦ
2141 2172 2302 2236 νέου

294 2271 489 2350 ψυχῇ,
512 2266 622 2331 καὶ
644 2265 1110 2350 κατεκοσμήθη
1134 2264 1358 2331 πάλιν.
1398 2269 1706 2348 Γίγνεται
1726 2262 1856 2349 γὰρ
1889 2259 2116 2351 ἐνίοτε,
2152 2272 2297 2353 ἔφη.

289 2352 511 2441 Αὖθις
533 2364 625 2448 δέ,
649 2360 849 2449 οἶμαι,
874 2387 1012 2430 των
1033 2364 1459 2431 ἐκπεσουσῶν
1489 2364 1865 2448 ε’πνθυμιων
1900 2360 2096 2432 άλλαι
2129 2361 2302 2430 ὑπο-

286 2459 687 2558 τρεφόμεναι
716 2465 1051 2547 ξυγγενεῖς
1084 2458 1169 2528 δι’
1206 2457 1826 2547 ἀνεπιστημοσύνην
1867 2471 2120 2549 τροφῆς
2163 2487 2292 2530 πα·-
2326 2480 2371 2531 Β
2486 2507 2495 2513 -

286 2555 445 2643 τρὸς
487 2547 744 2627 πολλαί
764 2584 836 2626 τε
877 2560 987 2627 καὶ
1029 2560 1291 2645 ἰσχυραὶ
1337 2562 1661 2644 ἐγένοντο.
1700 2566 1888 2628 Φιλει
1917 2567 2108 2644 γοῦν,
2150 2565 2302 2646 ἔφη,

290 2652 466 2722 οὕτω
508 2663 874 2741 γνγνεσθαι.
938 2654 1213 2725 Οὐκοῦν
1256 2657 1573 2725 εἵλκυσάν
1613 2683 1685 2725 τε
1726 2655 1894 2742 πρὸς
1937 2656 2055 2736 τὰς
2097 2654 2304 2735 αὐτὰς

292 2750 569 2841 ὁμιλίας,
606 2757 716 2822 καὶ
748 2753 975 2843 λάθρᾳ
1006 2755 1520 2841 ξυγγιγνόμεναι
1552 2762 1810 2841 πλῆθος
1839 2757 2155 2826 ἐνέτεκον.
2223 2762 2308 2823 Τί

286 2851 451 2939 μήν;
502 2859 917 2921 Τελευταῖσαι
940 2854 1044 2940 δή,
1071 2852 1270 2939 οἶμαι,
1294 2855 1664 2941 κατέλαβον
1682 2850 1808 2939 τῆν
1839 2861 1962 2921 τοῦ
1995 2856 2156 2921 νέου
2188 2862 2306 2940 τῆς

289 2957 503 3037 ψυχῆς
535 2948 924 3037 ἀκρόπολιν,
961 2953 1360 3039 αἰσθόμεναι
1395 2950 1600 3038 κενὴν
1636 2950 2053 3039 μαθημάτων
2079 2979 2149 3021 τε
2191 2955 2301 3020 καὶ

290 3048 827 3134 ἐπιτηδευμάτων
846 3056 1071 3118 καλῶν
1092 3052 1203 3118 καὶ
1235 3051 1460 3136 λόγων
1492 3045 1789 3136 ἀληθῶν,
1826 3056 1894 3118 οἳ
1925 3048 2005 3136 δῆ
2047 3050 2303 3136 ἄριστοι

288 3151 585 3230 φρουροί
598 3172 668 3216 τε
690 3149 802 3215 καὶ
823 3148 1117 3233 φύλακες
1137 3150 1212 3217 ἐν
1234 3146 1508 3233 ἀνδροῖν
1534 3154 1878 3235 θεοφιλοῖν
1903 3149 2025 3216 εἰσὶ
2049 3152 2302 3216 διανοί-
2335 3155 2373 3207 G

289 3268 410 3321 αις.
453 3244 587 3309 Καὶ
620 3244 797 3312 πολύ
831 3242 922 3330 γ’,
957 3250 1104 3332 ἔφη.
1158 3250 1440 3324 Ψευδεῑς
1473 3242 1554 3331 δὴ
1588 3247 1700 3313 καὶ
1734 3244 2068 3331 ἀλαζόνες,
2103 3244 2301 3332 οἶμαι,

289 3340 475 3427 λόγοι
502 3366 573 3408 τε
601 3344 712 3410 καὶ
746 3342 929 3424 δόξαι
953 3341 1113 3412 ἀντ’
1158 3348 1430 3412 ἐκείνων
1465 3340 1963 3429 ἀναδραμόντες
1986 3348 2306 3428 κατέσχον

288 3437 408 3507 τὸν
450 3435 664 3507 αὐτὸν
706 3439 918 3508 τόπον
956 3449 1079 3509 τοῦ
1128 3441 1458 3509 τοιούτου.
1505 3442 1791 3527 Σφόδρα
1836 3437 1926 3524 γ’,
1977 3446 2120 3526 ἔφη.
2159 3432 2297 3525 Ἆρ’
