2602 3928
280 241 379 295 113
1087 236 1251 293 KPI
1266 237 1512 294 ΤΙΑΣ.
2170 237 2295 302 431

276 420 344 461 τε
366 396 515 480 περὶ
546 391 876 482 ἀλλήλους
898 402 1111 462 ποιῶν
1133 396 1435 481 τροχούς,
1473 396 1596 463 δύο
1633 398 1754 482 μὲν
1784 403 1926 482 γῆς,
1960 400 2295 487 θαλάττης

274 496 345 559 δὲ
377 505 550 575 τρεῖς
581 486 726 559 οἷον
757 492 1099 579 τορνεύων
1137 496 1209 561 ἐκ
1245 496 1447 613 μέσης
1478 498 1593 578 τῆς
1623 493 1856 579 νήσου,
1893 496 2108 581 πάντη
2142 507 2294 565 ἴσον

270 588 675 676 ἀφεστῶτας,
724 587 891 657 ὥστε
934 589 1190 678 ἄβατον
1231 588 1624 674 ἀνθρώποις
1666 589 1863 658 εἶναι·
1920 601 2117 660 πλοῖα
2162 622 2290 680 γαρ

268 689 381 756 καὶ
403 685 478 755 τὸ
503 695 695 756 πλεῖν
715 685 905 774 οὔπω
927 686 1065 755 τότ’
1090 680 1196 774 ἦν.
1225 684 1426 768 αὐτὸς
1449 688 1521 757 δὲ
1542 688 1668 774 τήν
1694 714 1766 756 τε
1787 692 1859 757 έν
1883 692 2060 780 μέσῳ
2081 700 2294 778 νῆσον

271 782 377 854 οἷα
406 783 488 872 δὴ
523 784 686 865 θεὸς
720 783 1027 873 εὐμαρῶς
1051 786 1510 873 διεκόσμησεν,
1535 784 1750 855 ὕδατα
1788 785 1911 873 μὲν
1940 787 2121 857 διττὰ
2158 787 2291 858 ὑπὸ

266 891 391 970 γῆς
431 882 585 951 ἇὶνωΔ
613 896 863 970 πηγαῖα
902 888 1199 970 κομίσας,
1235 881 1314 951 τὸ
1353 884 1477 970 μὲν
1504 885 1788 972 θερμόν,
1811 885 2082 973 ψυχρὸν
2113 889 2186 957 δὲ
2218 893 2290 957 ἐκ

267 982 518 1069 κρήνης
541 979 875 1070 ἀπορρέον
897 984 1148 1068 ἕτερον,
1172 982 1435 1070 τροφὴν
1457 986 1531 1051 δὲ
1551 985 1875 1052 παντοίαν
1907 985 2018 1053 καὶ
2050 990 2291 1073 ίκανην

266 1082 340 1148 ἐκ
369 1086 485 1165 τῆς
506 1087 628 1166 γῆς
649 1077 1011 1159 ἀναδιδούς
1025 1106 1038 1119 ·
1085 1085 1344 1149 παίδων
1367 1078 1441 1148 δὲ
1461 1076 1764 1166 ἀρρένων
1785 1084 1979 1150 πέντε
2001 1086 2289 1167 γενέσεις

267 1178 593 1263 διδύμους
645 1177 1142 1264 γεννησάμενος
1196 1182 1549 1265 ἐθρέψατο,
1593 1181 1702 1247 καὶ
1745 1178 1868 1266 τὴν
1905 1179 2123 1267 ’νῆσον
2165 1181 2289 1269 τὴν

257 1271 642 1343 Ἀτλαντίδα
662 1280 889 1344 πᾶσαν
910 1277 1072 1343 δέκα
1092 1276 1256 1362 μέρη
1280 1280 1675 1361 κατανείμας
1697 1284 1837 1344 τῶν
1858 1276 1981 1364 μὲν
2002 1287 2286 1367 πρεσβυ-

269 1372 487 1441 τάτων
507 1380 599 1463 τῷ
622 1376 921 1463 προτέρῳ
943 1376 1283 1462 γενομένῳ
1306 1373 1432 1459 τήν
1454 1398 1524 1440 τε
1543 1372 1857 1464 μητρῴαν
1889 1385 2152 1462 οἴκησιν
2177 1405 2287 1448 και

261 1469 387 1557 τὴν
407 1471 632 1564 κύκλῳ
657 1477 865 1559 λῆξιν,
888 1477 1204 1559 πλείστην
1222 1474 1335 1542 καὶ
1367 1470 1644 1558 ἀρίστην
1680 1466 1914 1562 οὖσαν,
1951 1475 2283 1566 ἀπένειμε,

261 1574 540 1657 βασιλέα
559 1595 631 1637 τε
652 1577 791 1637 τῶν
817 1568 1042 1639 ἄλλων
1065 1576 1442 1657 κατέστησε,
1465 1568 1623 1650 τούς
1648 1571 1719 1640 δὲ
1750 1572 1998 1653 ἄλλους
2039 1574 2285 1663 ἄρχον-

261 1696 399 1754 τας,
427 1667 678 1757 ἑκάστῳ
695 1666 829 1737 δὲ’
788 1669 1001 1756 αρχὴν
1020 1676 1290 1738 πολλῶν
1312 1666 1699 1753 ἀνθρώπων
1720 1674 1832 1739 καὶ
1854 1674 2108 1761 [τόπον]
2132 1683 2285 1743 πολ-

262 1774 382 1851 λῆς
405 1766 623 1852 χώρας
651 1771 917 1836 ἔδωκεν.
963 1765 1257 1853 ὀνόματα
1281 1766 1353 1835 δε
1379 1774 1584 1835 πᾶσιν
1605 1772 1823 1854 ἔθετο,
1855 1795 1948 1859 τῳ
1972 1770 2094 1856 μὲν
2122 1796 2286 1856 πρε-

262 1866 571 1955 σβυτάτῳ
593 1868 703 1934 καὶ
725 1873 990 1952 βασιλεῖ
1003 1873 1224 1951 τοῦτο,
1249 1857 1338 1933 οὗ
1360 1863 1441 1951 δη
1467 1868 1578 1934 καὶ
1599 1874 1778 1934 ποῖσα
1797 1864 1840 1953 ἡ
1866 1875 2070 1954 νῆσος
2100 1871 2180 1938 τό
2212 1897 2284 1938 τε

261 1971 547 2052 πέλαγος
568 1970 757 2052 ἔσχεν
792 1969 1199 2052 ἐπωνυμίαν,
1231 1962 1652 2034 Ἀτλαντικὸν
1687 1968 1949 2052 λεχθέν,
1989 1966 2089 2036 ὅτι
2122 1969 2284 2036 τοῦ-

260 2065 414 2151 νομ’
451 2057 539 2152 ἦν
572 2091 664 2154 τῳ
688 2066 930 2155 πρώτῳ
966 2066 1438 2152 βασιλεύσαντι
1469 2064 1618 2133 τότε
1634 2065 1873 2146 ’Ἀτλας
1890 2094 1904 2108 ·
1943 2093 2035 2157 τῳ
2076 2067 2148 2136 δὲ
2180 2072 2285 2136 δι-

262 2163 452 2253 δύμῳ
476 2161 621 2249 μετ’
648 2163 908 2232 ἐκεῖνόν
931 2189 1003 2231 τε
1022 2165 1385 2251 γενομένῳ,
1403 2168 1589 2249 λῆξιν
1612 2166 1685 2231 δὲ
1704 2163 1915 2249 ἄκρας
1932 2172 2048 2250 τῆς
2068 2166 2283 2253 νήσου

259 2258 430 2346 πρὸς
451 2258 857 2347 Ἡρακλείων
892 2268 1154 2347 στηλῶν
1189 2259 1471 2346 εἰληχότι
1504 2263 1605 2327 ἐπὶ
1638 2258 1712 2328 τὸ
1748 2268 1863 2348 τῆς
1894 2267 2285 2350 Γαδειρικῆς

260 2369 393 2429 νῦν
413 2360 632 2446 χώρας
659 2357 809 2427 κατ’
846 2362 1109 2428 ἐκεῖνον
1130 2354 1250 2425 τὸν
1278 2356 1491 2424 τόπον
1522 2355 2028 2446 ὀνομαζομένης,
2054 2358 2285 2447 Ἑλλη-

260 2463 436 2529 νιστὶ
458 2462 582 2546 μὲν
601 2457 943 2545 Εὔμηλον,
979 2455 1052 2525 τὸ
1090 2454 1153 2525 δ’
1191 2456 1543 2542 ἐπιχώριον
1572 2457 1925 2543 Γάδειρον,
1962 2457 2127 2544 ὅπερ
2162 2457 2286 2546 τὴν

174 2610 183 2615 «
262 2561 537 2645 ἐπίκλην
563 2557 816 2643 ταύτην
838 2555 1052 2641 ὄνομα
1073 2555 1416 2640 παράσχοι.
1459 2569 1603 2624 τοῖν
1631 2555 1703 2624 δὲ
1725 2558 2067 2642 δευτέροιν
2085 2584 2285 2644 γενο-

259 2659 494 2745 μένοιν
514 2653 636 2724 τὸν
657 2656 781 2741 μὲν
805 2652 1130 2742 Ἁμφήρη,
1165 2653 1284 2722 τὸν
1320 2652 1393 2721 δὲ
1426 2650 1773 2740 Εὐαίμονα
1801 2654 2105 2724 ἐκάλεσε·
2138 2662 2287 2741 τρί-

260 2748 399 2835 τοις
432 2759 525 2841 δέ,
550 2757 839 2840 Μνησέα
870 2755 996 2840 μὲν
1027 2765 1120 2844 τῷ
1151 2757 1452 2841 προτέρῳ
1491 2758 1851 2843 γενομένῳ,
1887 2762 1978 2843 τῷ
2016 2753 2087 2822 δὲ
2121 2753 2284 2841 μετὰ

260 2861 505 2953 τοῦτον
557 2850 963 2939 Αὐτόχθονα
977 2879 991 2893 ·
1051 2860 1188 2921 τῶν
1232 2851 1306 2921 δὲ
1348 2851 1682 2936 τετάρτων
1715 2851 2116 2920 Ἐλάσιππον
2161 2853 2285 2939 μὲν

260 2953 383 3023 τόν
404 2942 754 3040 πρότερον,
778 2951 1108 3039 Μήστορα
1130 2951 1202 3020 δὲ
1222 2949 1344 3020 τὸν
1367 2949 1681 3037 ὕστερον·
1727 2952 1830 3018 ἐπὶ
1854 2949 1925 3018 δὲ
1948 2964 2084 3030 τοῖς
2116 2954 2283 3036 πέμ-

262 3077 450 3130 πτοις
468 3077 561 3140 τῳ
590 3078 713 3136 μεν
737 3056 1125 3137 ἔμπροσθεν
1153 3048 1428 3135 Ἀζάης’
1403 3049 1618 3134 όνομα
1640 3051 1856 3135 ἐτέθη,
1880 3054 1975 3137 τῶ
2001 3046 2061 3116 δ’
2085 3045 2284 3115 ’ὑστέ-

156 3216 161 3220 ,
263 3175 361 3238 ρῳ
405 3147 813 3234 Διαπρεπής.
873 3138 1058 3215 οὗτοι
1102 3145 1181 3235 δὴ
1237 3145 1480 3225 πάντες
1528 3143 1725 3214 αὐτοί
1758 3172 1828 3213 τε
1870 3146 1982 3213 καὶ
2020 3150 2283 3229 ἔκγονοι

260 3246 522 3314 τούτων
557 3249 660 3314 ἐπὶ
689 3246 925 3333 γενεὰς
966 3243 1215 3325 πολλὰς
1247 3242 1476 3331 ᾤκουν
1508 3242 1822 3330 άρχοντες
1854 3242 1979 3329 μὲν
2015 3248 2282 3309 πολλῶν

262 3343 490 3413 αλλων
510 3341 680 3411 κατὰ
699 3340 774 3411 τό
799 3346 1080 3429 πέλαγος
1100 3343 1349 3430 νήσων,
1386 3347 1481 3411 ἔτι
1518 3346 1611 3428 δέ,
1644 3339 1864 3425 ῶσπερ
1902 3341 2012 3407 καὶ
2045 3337 2285 3424 πρότε-

263 3467 390 3530 ρον
411 3440 689 3528 ἐρρήθη,
722 3442 909 3529 μέχρι
928 3466 999 3510 τε
1020 3438 1371 3528 Αὐγύπτου
1394 3441 1503 3510 καὶ
1535 3442 1911 3526 Τυρρηνίας
1931 3443 2067 3503 τῶν
2102 3435 2286 3514 ε’ντός

2324 600 2365 649 Ε

2265 1381 2282 1408 “
2323 1380 2418 1434 114
