2602 3928
340 231 468 295 234
1076 231 1647 291 ΠΛΑΤΩΝΟΣ

343 395 655 480 νουμένη,
691 393 1066 476 καλουμένη
1097 387 1161 458 δ’
1208 387 1569 476 ὀλιγαρχία,
1602 397 1869 476 συχνῶν
1900 396 2193 477 γέμουσα
2230 416 2357 459 κα-

342 499 484 561 κῶν
522 495 844 557 πολιτεία·
898 485 942 572 ἦ
974 512 1045 555 τε
1088 488 1298 576 ταύτῃ
1342 488 1661 571 διάφορος
1703 489 1812 556 καὶ
1852 491 2085 574 ἐφεξῆς
2125 514 2349 574 γιγνο-

340 593 505 677 μένη
529 590 955 673 δημοκρατία,
979 588 1089 654 καὶ
1122 583 1165 670 ἡ
1192 592 1466 670 γενναία
1502 584 1580 671 δὴ
1615 588 1926 670 τυραννὶς
1959 588 2068 653 καὶ
2102 583 2190 671 [ἡ]
2224 610 2352 653 πα-

341 692 481 754 σῶν
500 683 757 753 τούτων
782 685 1212 768 διαφέρουσα,
1235 683 1551 767 τέταρτόν
1571 708 1640 749 τε
1659 685 1769 750 καὶ
1791 688 2068 768 ἔσχατον
2100 683 2355 760 πόλεως

268 801 310 851 D
346 784 623 870 νόσημα.
673 780 719 866 ἤ
758 807 904 849 τινα
939 779 1149 867 ἄλλην
1187 786 1348 865 ἔχεις
1378 783 1562 849 ἰδέαν
1585 789 1935 867 πολιτείας,
1965 779 2106 867 ἥτις
2135 784 2246 849 καὶ
2282 785 2355 848 ἐν

346 886 504 951 εἴδει
534 885 847 964 διαφανεῖ
860 881 988 945 τινὶ
1010 892 1251 958 nervam
1286 883 1663 946 δυναστεῖαι
1678 877 1809 964 γάρ
1831 883 1942 948 καὶ
1965 877 2209 965 ὠνηταὶ
2227 886 2355 966 βα·-

343 987 579 1047 σιλεῑαι
598 979 709 1046 καὶ
728 982 1032 1044 τοιαῦταί
1047 1001 1220 1054 τινες
1242 985 1563 1044 πολιτεῖαι
1580 975 1824 1062 μεταξύ
1843 1003 1904 1044 τι
1937 975 2195 1044 τούτων
2216 974 2352 1042 πού

343 1083 532 1160 εἰσιν,
554 1071 741 1155 εὕροι
764 1069 829 1139 δ’
850 1071 938 1140 ἄν
956 1098 1056 1152 τις
1089 1070 1296 1151 αὐτὰς
1321 1070 1447 1140 οὐκ
1485 1075 1796 1152 ἐλάττους
1826 1077 1977 1158 περὶ
2009 1072 2167 1154 τούς
2188 1081 2353 1161 βαρ-

343 1175 597 1263 βάρους
634 1167 680 1257 ἢ
714 1170 873 1249 τοὺς
895 1169 1229 1257 Ἕλληνας.
1286 1175 1539 1240 Πολλαὶ
1570 1180 1744 1256 γοῦν
1764 1174 1872 1239 καὶ
1905 1172 2161 1255 ἄτοποι,
2204 1175 2354 1256 ἔφη,

346 1275 665 1356 λέγονται.
2429 1281 2432 1284 ’

514 1373 587 1436 11.
639 1365 838 1436 olofi'
868 1359 1015 1451 οὖν,
1038 1359 1127 1453 ἦν
1151 1363 1211 1433 δ’
1238 1365 1390 1452 ἐγώ,
1415 1364 1518 1435 ὅτι
1539 1370 1647 1435 καὶ
1675 1365 2061 1453 ἀνθρώπων
2081 1373 2223 1455 εἴδη
2243 1395 2358 1437 το-

349 1475 562 1536 σαῦτα
607 1463 862 1551 ἀνάγκη
909 1464 1176 1549 τρόπων
1218 1462 1406 1549 εἶναι,
1453 1464 1709 1552 ὅσαπερ
1743 1470 1854 1534 καὶ
1895 1475 2272 1545 πολιτειῶν;
2312 1460 2360 1552 ἦ

348 1573 473 1633 οἴει
496 1566 572 1632 ἐκ
596 1562 800 1646 δρυός
833 1570 1052 1629 ποθεν
1068 1556 1113 1646 ἦ
1136 1563 1207 1629 ἐκ
1231 1564 1472 1645 πέτρας
1491 1560 1608 1641 τὰς
1637 1570 1963 1643 πολιτείας
1982 1571 2354 1649 γίγνεσθαι,

269 1675 311 1724 Ε
348 1658 498 1729 ἀλλ’
526 1658 673 1746 οὐχὶ
697 1664 767 1728 ἐκ
793 1667 929 1728 τῶν
947 1658 1144 1746 ἠθῶν
1163 1666 1301 1726 τῶν
1324 1660 1397 1726 ἐν
1430 1674 1572 1739 ταῖς
1602 1660 1897 1745 πόλεσιν,
1933 1659 1978 1728 οἳ
2010 1657 2097 1730 ἀν
2133 1660 2353 1746 ῶσπερ

345 1760 639 1845 ῥέψαντα
660 1749 868 1826 τᾶλλα
891 1756 1360 1842 ἐφελκύσηται;
1403 1753 1729 1843 Οὐδαμῶς
1751 1758 1959 1844 ἔγωγ’,
1983 1763 2131 1845 ἔφη,
2153 1756 2356 1825 ἄλλο·

344 1867 473 1924 θεν
496 1850 541 1941 ἦ
570 1858 909 1924 ἐντεῦθεν.
956 1850 1232 1922 Οὐκοῦν
1254 1859 1318 1922 εἰ
1330 1853 1411 1921 τὰ
1440 1862 1577 1923 τῶν
1597 1857 1859 1924 πόλεων
1893 1858 2107 1941 πέντε,
2143 1858 2253 1923 καὶ
2287 1856 2362 1923 αἱ

343 1960 481 2021 τῶν
525 1957 809 2022 ἰδιωτῶν
851 1954 1249 2020 κατασκευαὶ
1291 1960 1407 2038 τῆς
1448 1962 1660 2040 ψυχῆς
1700 1956 1895 2022 πέντε
1935 1949 2023 2022 ἀν
2066 1951 2217 2021 εἶεν.
2281 1954 2355 2022 Ti

334 2051 513 2136 ,μήνς
566 2047 702 2117 Τὸν
724 2048 847 2133 μὲν
870 2045 949 2135 δὴ
976 2056 1057 2136 τῇ
1092 2047 1563 2140 ἀριστοκρατίᾳ
1598 2049 1835 2137 ὅμοιον
1873 2051 2358 2138 διεληλύθαμεν

213 2172 313 2228 545
348 2147 499 2235 ἤδη,
525 2142 605 2214 ὃν
629 2141 894 2231 ἀγαθόν
910 2171 981 2214 τε
1001 2149 1110 2214 καὶ
1134 2150 1394 2216 δίκαιον
1416 2146 1639 2232 ὀρθῶς
1664 2152 1884 2235 φαμὲν
1905 2149 2092 2220 εἶναι.
2115 2159 2356 2235 Διελη-
2394 2173 2401 2178 ·

341 2245 669 2329 λύθαμεν.
706 2235 845 2328 Ἆρ’
884 2236 1011 2312 οὖν
1045 2243 1119 2313 τὸ
1158 2243 1319 2331 μετὰ
1360 2255 1560 2314 τοῦτο
1603 2251 1845 2315 διιτέον
1875 2247 2035 2327 τοὺς
2076 2255 2356 2334 χείρους,

344 2365 465 2408 τον
507 2338 896 2425 φιλόνεικόν
924 2366 1012 2412 τε.
1034 2342 1144 2409 καὶ
1185 2344 1558 2430 φιλότιμον,
1597 2344 1764 2413 κατὰ
1805 2344 1926 2431 τὴν
1957 2342 2358 2430 Λακωνικὴν

345 2438 593 2505 ἑστῶτα
618 2442 973 2522 πολιτείαν,
1009 2440 1121 2508 καὶ
1149 2437 1578 2526 ὀλιγαρχικὸν
1603 2434 1694 2508 αὖ
1723 2444 1834 2511 καὶ
1867 2441 2359 2529 δημοκρατικὸν

344 2537 452 2601 καὶ
476 2532 598 2603 τὸν
620 2533 1044 2621 τυραννικόν,
1068 2562 1179 2603 ινα
1199 2534 1323 2605 τὸν
1346 2533 1760 2610 ἀδικώτατον
1785 2540 2040 2619 ἰδόντες
2060 2539 2360 2609 ἀντιθῶ-

344 2656 469 2718 μεν
489 2641 586 2720 τῶ
610 2632 997 2723 δικαιοτάτω
1020 2636 1130 2701 καὶ
1150 2631 1308 2753 ἡμῦν
1332 2634 1575 2705 τελέα’
1540 2663 1583 2722 η
1614 2640 1844 2718 σκέψις
1863 2630 1929 2726 ᾖ,
1966 2644 2108 2715 πῶς
2128 2634 2347 2705 ποτὲ’
2313 2665 2354 2723 η

272 2750 311 2799 Β
346 2755 634 2814 ακρατος
669 2730 1058 2818 δικαιοσύνη
1092 2732 1260 2814 πρὸς
1291 2731 1556 2802 ἀδικίαν
1591 2734 1716 2821 τὴν
1755 2761 2048 2820 ακρατον
2080 2740 2211 2821 ἔχει
2243 2731 2358 2802 εὐ-

347 2833 686 2914 δαιμονίας
706 2853 777 2897 τε
799 2830 950 2914 πέρι
969 2837 1092 2897 τοῦ
1120 2835 1383 2915 ἔχοντος
1403 2833 1514 2899 καὶ
1535 2828 2004 2919 ἀθλιότητος,“
1973 2860 2081 2901 ινα
2107 2828 2152 2918 ἦ
2176 2839 2357 2919 Θρα-

346 2926 617 3014 συμάχω
641 2924 1031 3012 πειθόμενοι
1054 2927 1398 3012 διώκωμεν
1418 2924 1739 2996 ἀδικίαν
1708 2927 1752 3014 η’
1768 2935 1864 3018 τῷ
1894 2937 2030 2997 νῦν
2064 2953 2356 3014 προφαι-

343 3023 604 3111 νομένῳ
658 3024 837 3110 λόγῳ
877 3024 1348 3110 δικαιοσύνην;
1397 3026 1791 3094 Παντάπασι
1839 3027 1962 3112 μὲν
2006 3019 2154 3112 οὖν,
2203 3031 2355 3112 ἔφη,

345 3116 521 3186 οὕτω
544 3122 870 3206 ποιητέον.
907 3112 1047 3206 Ἆρ’
1087 3114 1238 3207 οὖν,
1261 3119 1483 3208 ῶσπερ
1515 3121 1860 3210 ἠρξάμεθα
1891 3127 1963 3192 ἐν
1994 3138 2135 3203 ταῖς
2164 3131 2355 3190 πολι-

343 3224 545 3297 τείαις
576 3217 903 3304 πρότερον
937 3235 1213 3289 σκοπεῖν
1252 3220 1334 3288 τά
1376 3221 1514 3308 ἤθη
1557 3218 1603 3308 ἢ
1637 3226 1711 3290 ἐν
1750 3237 1887 3302 τοῖς
1920 3226 2229 3304 ἰδιώταις,
2266 3217 2358 3298 ὡς

344 3319 818 3402 ἐναργέστερον
835 3319 938 3407 ὅν,
976 3323 1087 3390 καὶ
1108 3329 1239 3390 νῦν
1273 3320 1451 3390 οὕτω
1485 3330 1753 3404 πρῶτον
1785 3325 1908 3408 μὲν
1940 3319 2064 3407 τὴν
2099 3318 2357 3406 φιλότι-

343 3438 473 3493 μον
505 3421 824 3485 σκεπτέον
842 3425 1180 3488 πολιτείαν
1196 3445 1209 3460 ·
1258 3419 1473 3504 ὄνομα
1504 3420 1634 3505 γὰρ
1668 3417 1794 3488 οὐκ
1831 3425 1953 3505 ἔχω
1990 3418 2356 3505 λεγόμενον
