<?xml version="1.0" encoding="UTF-8"?>
<!DOCTYPE html PUBLIC "-//W3C//DTD XHTML 1.0 Transitional//EN"
    "http://www.w3.org/TR/xhtml1/DTD/xhtml1-transitional.dtd">
<html xmlns="http://www.w3.org/1999/xhtml" xml:lang="en" lang="en">
 <head>
  <title>
</title>
<meta http-equiv="Content-Type" content="text/html;charset=utf-8" />
  <meta name='ocr-system' content='tesseract 3.04.00' />
  <meta name='ocr-capabilities' content='ocr_page ocr_carea ocr_par ocr_line ocrx_word'/>
</head>
<body>
  <div class='ocr_page' id='page_1' title='image "./dialogisecundum07platgoog_0092.png"; bbox 0 0 2602 3928; ppageno 0'>
   <div class='ocr_carea' id='block_1_1' title="bbox 244 191 1656 257">
    <p class='ocr_par' dir='ltr' id='par_1_1' title="bbox 244 191 1656 257">
     <span class='ocr_line' id='line_1_1' title="bbox 244 191 1656 257; baseline -0.004 0"><span class='ocrx_word' id='word_1_1' title='bbox 244 218 255 221; x_wconf 17' lang='grc' dir='ltr'>ἢ</span> <span class='ocrx_word' id='word_1_2' title='bbox 347 193 431 257; x_wconf 82' lang='grc'><strong><em>56</em></strong></span> <span class='ocrx_word' id='word_1_3' title='bbox 1090 191 1656 252; x_wconf 72' lang='grc' dir='ltr'><em>ΠΛΑΤΩΝΟΣ</em></span> 
     </span>
    </p>
   </div>
   <div class='ocr_carea' id='block_1_2' title="bbox 277 345 2369 1023">
    <p class='ocr_par' dir='ltr' id='par_1_2' title="bbox 349 345 2369 827">
     <span class='ocr_line' id='line_1_2' title="bbox 349 345 2369 436; baseline 0 -14"><span class='ocrx_word' id='word_1_4' title='bbox 349 357 710 422; x_wconf 83' lang='grc' dir='ltr'><strong><em>νεανίσκου</em></strong></span> <span class='ocrx_word' id='word_1_5' title='bbox 737 348 1086 436; x_wconf 78' lang='grc' dir='ltr'><strong><em>εὐγενοῧς;</em></strong></span> <span class='ocrx_word' id='word_1_6' title='bbox 1139 346 1232 418; x_wconf 91' lang='lat' dir='ltr'><strong><em>T6</em></strong></span> <span class='ocrx_word' id='word_1_7' title='bbox 1256 363 1452 418; x_wconf 78' lang='grc' dir='ltr'><strong><em>ποῖον</em></strong></span> <span class='ocrx_word' id='word_1_8' title='bbox 1475 353 1716 435; x_wconf 68' lang='grc' dir='ltr'><strong><em>λέγειςς</em></strong></span> <span class='ocrx_word' id='word_1_9' title='bbox 1763 345 1932 419; x_wconf 82' lang='grc' dir='ltr'><strong><em>Οἷον</em></strong></span> <span class='ocrx_word' id='word_1_10' title='bbox 1953 346 2119 431; x_wconf 80' lang='grc' dir='ltr'><strong><em>όξύν</em></strong></span> <span class='ocrx_word' id='word_1_11' title='bbox 2143 355 2213 422; x_wconf 89' lang='grc' dir='ltr'><strong><em>τε’</em></strong></span> <span class='ocrx_word' id='word_1_12' title='bbox 2230 380 2369 422; x_wconf 83' lang='grc' dir='ltr'><strong><em>που</em></strong></span> 
     </span>
     <span class='ocr_line' id='line_1_3' title="bbox 353 442 2367 537; baseline -0 -17"><span class='ocrx_word' id='word_1_13' title='bbox 353 455 460 520; x_wconf 77' lang='grc' dir='ltr'><strong><em>δεῖ</em></strong></span> <span class='ocrx_word' id='word_1_14' title='bbox 495 446 727 517; x_wconf 80' lang='grc' dir='ltr'><strong><em>αύτοτν</em></strong></span> <span class='ocrx_word' id='word_1_15' title='bbox 769 445 1085 532; x_wconf 81' lang='grc' dir='ltr'><strong><em>ἑκάτερον</em></strong></span> <span class='ocrx_word' id='word_1_16' title='bbox 1127 445 1296 516; x_wconf 82' lang='grc' dir='ltr'><strong><em>εἶναι</em></strong></span> <span class='ocrx_word' id='word_1_17' title='bbox 1342 442 1508 532; x_wconf 78' lang='grc' dir='ltr'><strong><em>πρὸς</em></strong></span> <span class='ocrx_word' id='word_1_18' title='bbox 1556 455 1878 534; x_wconf 75' lang='grc' dir='ltr'><strong><em>αἴσθησιν</em></strong></span> <span class='ocrx_word' id='word_1_19' title='bbox 1915 451 2026 517; x_wconf 85' lang='grc' dir='ltr'><strong><em>καὶ</em></strong></span> <span class='ocrx_word' id='word_1_20' title='bbox 2067 450 2367 537; x_wconf 81' lang='grc' dir='ltr'><strong><em>ἐλαφρὸν</em></strong></span> 
     </span>
     <span class='ocr_line' id='line_1_4' title="bbox 352 538 2366 633; baseline -0 -18"><span class='ocrx_word' id='word_1_21' title='bbox 352 545 523 633; x_wconf 82' lang='grc' dir='ltr'><strong><em>πρὸς</em></strong></span> <span class='ocrx_word' id='word_1_22' title='bbox 564 543 639 613; x_wconf 78' lang='grc' dir='ltr'><strong><em>τὸ</em></strong></span> <span class='ocrx_word' id='word_1_23' title='bbox 674 543 1172 629; x_wconf 76' lang='grc' dir='ltr'><strong><em>αἰσθανόμενον</em></strong></span> <span class='ocrx_word' id='word_1_24' title='bbox 1206 543 1604 630; x_wconf 79' lang='grc' dir='ltr'><em>διωκάθειν,</em></span> <span class='ocrx_word' id='word_1_25' title='bbox 1648 547 1757 612; x_wconf 82' lang='grc' dir='ltr'><strong><em>καὶ</em></strong></span> <span class='ocrx_word' id='word_1_26' title='bbox 1780 544 2059 630; x_wconf 80' lang='grc' dir='ltr'><strong><em>ἰσχυρὸν</em></strong></span> <span class='ocrx_word' id='word_1_27' title='bbox 2078 538 2199 633; x_wconf 84' lang='grc' dir='ltr'><strong><em>αὖ,</em></strong></span> <span class='ocrx_word' id='word_1_28' title='bbox 2241 546 2366 614; x_wconf 77' lang='grc' dir='ltr'><strong><em>ἐὰν</em></strong></span> 
     </span>
     <span class='ocr_line' id='line_1_5' title="bbox 353 634 2360 734; baseline -0.001 -20"><span class='ocrx_word' id='word_1_29' title='bbox 353 647 468 734; x_wconf 72' lang='grc' dir='ltr'><strong><em>δέῃ</em></strong></span> <span class='ocrx_word' id='word_1_30' title='bbox 491 643 722 712; x_wconf 79' lang='grc' dir='ltr'><strong><em>ἑλόντα</em></strong></span> <span class='ocrx_word' id='word_1_31' title='bbox 747 640 1202 729; x_wconf 75' lang='grc' dir='ltr'><strong><em>διαμάχεσθαι.</em></strong></span> <span class='ocrx_word' id='word_1_32' title='bbox 1256 650 1387 709; x_wconf 76' lang='grc' dir='ltr'><strong><em>Δεῖ</em></strong></span> <span class='ocrx_word' id='word_1_33' title='bbox 1404 639 1536 728; x_wconf 72' lang='grc' dir='ltr'><strong><em>γὰρ</em></strong></span> <span class='ocrx_word' id='word_1_34' title='bbox 1558 634 1708 729; x_wconf 80' lang='grc' dir='ltr'><strong><em>οὖν,</em></strong></span> <span class='ocrx_word' id='word_1_35' title='bbox 1731 648 1883 730; x_wconf 79' lang='grc' dir='ltr'><strong><em>ἔφη,</em></strong></span> <span class='ocrx_word' id='word_1_36' title='bbox 1907 643 2177 713; x_wconf 89' lang='grc' dir='ltr'><strong><em>πάντων</em></strong></span> <span class='ocrx_word' id='word_1_37' title='bbox 2198 646 2360 712; x_wconf 83' lang='grc' dir='ltr'><strong><em>τού-</em></strong></span> 
     </span>
     <span class='ocr_line' id='line_1_6' title="bbox 351 732 2362 827; baseline -0.002 -14"><span class='ocrx_word' id='word_1_38' title='bbox 351 770 500 813; x_wconf 89' lang='grc' dir='ltr'><strong><em>των.</em></strong></span> <span class='ocrx_word' id='word_1_39' title='bbox 544 742 680 811; x_wconf 85' lang='grc' dir='ltr'><strong><em>Καὶ</em></strong></span> <span class='ocrx_word' id='word_1_40' title='bbox 701 738 837 827; x_wconf 76' lang='grc' dir='ltr'><strong><em>μὴν</em></strong></span> <span class='ocrx_word' id='word_1_41' title='bbox 857 738 1170 825; x_wconf 75' lang='grc' dir='ltr'><strong><em>ἀνδρεῖόν</em></strong></span> <span class='ocrx_word' id='word_1_42' title='bbox 1186 763 1298 824; x_wconf 77' lang='grc' dir='ltr'><strong><em>γε,</em></strong></span> <span class='ocrx_word' id='word_1_43' title='bbox 1324 747 1506 823; x_wconf 79' lang='grc' dir='ltr'><strong><em>εἰπερ</em></strong></span> <span class='ocrx_word' id='word_1_44' title='bbox 1530 732 1609 806; x_wconf 83' lang='grc' dir='ltr'><strong><em>εὖ</em></strong></span> <span class='ocrx_word' id='word_1_45' title='bbox 1628 752 1941 826; x_wconf 73' lang='grc' dir='ltr'><strong><em>μαχεῖται.</em></strong></span> <span class='ocrx_word' id='word_1_46' title='bbox 1976 749 2134 820; x_wconf 73' lang='grc' dir='ltr'><strong><em>Παῖς</em></strong></span> <span class='ocrx_word' id='word_1_47' title='bbox 2157 738 2221 809; x_wconf 86' lang='grc' dir='ltr'><strong><em>δ’</em></strong></span> <span class='ocrx_word' id='word_1_48' title='bbox 2246 740 2362 819; x_wconf 71' lang='grc' dir='ltr'><strong><em>οὕς</em></strong></span> 
     </span>
    </p>

    <p class='ocr_par' dir='ltr' id='par_1_3' title="bbox 348 829 2361 1023">
     <span class='ocr_line' id='line_1_7' title="bbox 350 829 2361 926; baseline -0.002 -16.994"><span class='ocrx_word' id='word_1_49' title='bbox 350 840 674 926; x_wconf 79' lang='grc' dir='ltr'><strong><em>Ἀνδρεῑος</em></strong></span> <span class='ocrx_word' id='word_1_50' title='bbox 702 838 776 908; x_wconf 77' lang='grc' dir='ltr'><strong><em>δὲ</em></strong></span> <span class='ocrx_word' id='word_1_51' title='bbox 800 829 1029 906; x_wconf 84' lang='grc' dir='ltr'><strong><em>εἶναι</em></strong></span> <span class='ocrx_word' id='word_1_52' title='bbox 986 862 1116 920; x_wconf 90' lang='grc' dir='ltr'><strong><em>αρα</em></strong></span> <span class='ocrx_word' id='word_1_53' title='bbox 1139 834 1497 923; x_wconf 65' lang='grc' dir='ltr'><strong><em>ἐθελήσει“</em></strong></span> <span class='ocrx_word' id='word_1_54' title='bbox 1463 863 1500 904; x_wconf 96' lang='grc' dir='ltr'><strong><em>ο</em></strong></span> <span class='ocrx_word' id='word_1_55' title='bbox 1523 834 1612 923; x_wconf 80' lang='grc' dir='ltr'><strong><em>μὴ</em></strong></span> <span class='ocrx_word' id='word_1_56' title='bbox 1636 836 2001 925; x_wconf 81' lang='grc' dir='ltr'><strong><em>θυμοειδὴς</em></strong></span> <span class='ocrx_word' id='word_1_57' title='bbox 2014 848 2141 907; x_wconf 71' lang='grc' dir='ltr'><strong><em>εἴτε</em></strong></span> <span class='ocrx_word' id='word_1_58' title='bbox 2163 842 2361 917; x_wconf 84' lang='grc' dir='ltr'><strong><em>ἵππος</em></strong></span> 
     </span>
     <span class='ocr_line' id='line_1_8' title="bbox 277 928 2356 1023; baseline -0.001 -15.929"><span class='ocrx_word' id='word_1_59' title='bbox 277 949 478 1013; x_wconf 78' lang='grc' dir='ltr'><strong><em>Βείτε</em></strong></span> <span class='ocrx_word' id='word_1_60' title='bbox 502 937 689 1005; x_wconf 83' lang='grc' dir='ltr'><strong><em>κύων</em></strong></span> <span class='ocrx_word' id='word_1_61' title='bbox 709 931 754 1022; x_wconf 77' lang='grc' dir='ltr'><strong><em>ἦ</em></strong></span> <span class='ocrx_word' id='word_1_62' title='bbox 775 930 983 1003; x_wconf 65' lang='grc' dir='ltr'><strong><em>αλλο’</em></strong></span> <span class='ocrx_word' id='word_1_63' title='bbox 955 940 1182 1002; x_wconf 84' lang='grc' dir='ltr'><strong><em>οτιοῦν</em></strong></span> <span class='ocrx_word' id='word_1_64' title='bbox 1205 939 1404 1014; x_wconf 69' lang='grc' dir='ltr'><strong><em>ζώους</em></strong></span> <span class='ocrx_word' id='word_1_65' title='bbox 1425 928 1469 1022; x_wconf 80' lang='grc' dir='ltr'><strong><em>ἦ</em></strong></span> <span class='ocrx_word' id='word_1_66' title='bbox 1493 931 1617 1002; x_wconf 84' lang='grc' dir='ltr'><strong><em>ούκ</em></strong></span> <span class='ocrx_word' id='word_1_67' title='bbox 1632 935 2048 1023; x_wconf 78' lang='grc' dir='ltr'><strong><em>ἐννενόηκας,</em></strong></span> <span class='ocrx_word' id='word_1_68' title='bbox 2075 933 2164 1016; x_wconf 76' lang='grc' dir='ltr'><strong><em>ὥς</em></strong></span> <span class='ocrx_word' id='word_1_69' title='bbox 2186 963 2356 1023; x_wconf 88' lang='grc' dir='ltr'><strong><em>αμα-</em></strong></span> 
     </span>
    </p>
   </div>
   <div class='ocr_carea' id='block_1_3' title="bbox 350 1023 2384 1121">
    <p class='ocr_par' dir='ltr' id='par_1_4' title="bbox 350 1023 2384 1121">
     <span class='ocr_line' id='line_1_9' title="bbox 350 1023 2384 1121; baseline -0.002 -17"><span class='ocrx_word' id='word_1_70' title='bbox 350 1036 473 1121; x_wconf 85' lang='grc' dir='ltr'><strong><em>χόν</em></strong></span> <span class='ocrx_word' id='word_1_71' title='bbox 494 1061 563 1103; x_wconf 88' lang='grc' dir='ltr'><strong><em>τε</em></strong></span> <span class='ocrx_word' id='word_1_72' title='bbox 587 1037 697 1103; x_wconf 85' lang='grc' dir='ltr'><strong><em>καὶ</em></strong></span> <span class='ocrx_word' id='word_1_73' title='bbox 719 1032 1034 1119; x_wconf 72' lang='grc' dir='ltr'><strong><em>ἀνίκητον</em></strong></span> <span class='ocrx_word' id='word_1_74' title='bbox 1056 1030 1301 1117; x_wconf 88' lang='grc' dir='ltr'><strong><em>θυμός,</em></strong></span> <span class='ocrx_word' id='word_1_75' title='bbox 1328 1023 1415 1099; x_wconf 79' lang='grc' dir='ltr'><strong><em>οὗ</em></strong></span> <span class='ocrx_word' id='word_1_76' title='bbox 1437 1029 1763 1115; x_wconf 87' lang='grc' dir='ltr'><strong><em>παρόντος</em></strong></span> <span class='ocrx_word' id='word_1_77' title='bbox 1787 1031 1960 1119; x_wconf 83' lang='grc' dir='ltr'><strong><em>ψυχὴ</em></strong></span> <span class='ocrx_word' id='word_1_78' title='bbox 1990 1040 2165 1100; x_wconf 92' lang='grc' dir='ltr'><strong><em>πασα</em></strong></span> <span class='ocrx_word' id='word_1_79' title='bbox 2191 1057 2356 1117; x_wconf 88' lang='grc' dir='ltr'><strong><em>προς</em></strong></span> <span class='ocrx_word' id='word_1_80' title='bbox 2377 1082 2384 1088; x_wconf 86' lang='lat'>-</span> 
     </span>
    </p>
   </div>
   <div class='ocr_carea' id='block_1_4' title="bbox 268 1127 2356 3476">
    <p class='ocr_par' dir='ltr' id='par_1_5' title="bbox 346 1127 2354 1711">
     <span class='ocr_line' id='line_1_10' title="bbox 351 1127 2354 1218; baseline -0 -18"><span class='ocrx_word' id='word_1_81' title='bbox 351 1131 566 1200; x_wconf 90' lang='grc' dir='ltr'><strong><em>πάντα</em></strong></span> <span class='ocrx_word' id='word_1_82' title='bbox 588 1129 848 1218; x_wconf 85' lang='grc' dir='ltr'><strong><em>α’φοβός</em></strong></span> <span class='ocrx_word' id='word_1_83' title='bbox 875 1132 951 1197; x_wconf 90' lang='grc' dir='ltr'><strong><em>τε’</em></strong></span> <span class='ocrx_word' id='word_1_84' title='bbox 966 1132 1101 1198; x_wconf 84' lang='grc' dir='ltr'><strong><em>ἐστι</em></strong></span> <span class='ocrx_word' id='word_1_85' title='bbox 1126 1127 1298 1196; x_wconf 87' lang='grc' dir='ltr'><strong><em>καὶ’</em></strong></span> <span class='ocrx_word' id='word_1_86' title='bbox 1259 1128 1604 1215; x_wconf 82' lang='grc' dir='ltr'><strong><em>αήττητος;</em></strong></span> <span class='ocrx_word' id='word_1_87' title='bbox 1629 1127 2039 1217; x_wconf 81' lang='grc' dir='ltr'><strong><em>Ἐννενόηκα.</em></strong></span> <span class='ocrx_word' id='word_1_88' title='bbox 2115 1129 2208 1198; x_wconf 79' lang='lat' dir='ltr'><strong><em>Ta</em></strong></span> <span class='ocrx_word' id='word_1_89' title='bbox 2233 1130 2354 1217; x_wconf 77' lang='grc' dir='ltr'><strong><em>μὲν</em></strong></span> 
     </span>
     <span class='ocr_line' id='line_1_11' title="bbox 348 1221 2350 1316; baseline -0.001 -17"><span class='ocrx_word' id='word_1_90' title='bbox 348 1238 579 1299; x_wconf 84' lang='grc' dir='ltr'><strong><em>τοίνυν</em></strong></span> <span class='ocrx_word' id='word_1_91' title='bbox 620 1236 744 1298; x_wconf 87' lang='grc' dir='ltr'><strong><em>τοῦ</em></strong></span> <span class='ocrx_word' id='word_1_92' title='bbox 787 1228 1086 1314; x_wconf 73' lang='grc' dir='ltr'><strong><em>σώματος</em></strong></span> <span class='ocrx_word' id='word_1_93' title='bbox 1129 1221 1273 1295; x_wconf 86' lang='grc' dir='ltr'><strong><em>οἷον</em></strong></span> <span class='ocrx_word' id='word_1_94' title='bbox 1317 1231 1423 1295; x_wconf 78' lang='grc' dir='ltr'><strong><em>δεῖ</em></strong></span> <span class='ocrx_word' id='word_1_95' title='bbox 1458 1224 1578 1296; x_wconf 80' lang='grc' dir='ltr'><strong><em>τὸν</em></strong></span> <span class='ocrx_word' id='word_1_96' title='bbox 1616 1227 1884 1313; x_wconf 87' lang='grc' dir='ltr'><strong><em>φύλακα</em></strong></span> <span class='ocrx_word' id='word_1_97' title='bbox 1920 1227 2118 1315; x_wconf 85' lang='grc' dir='ltr'><strong><em>εἶναι,</em></strong></span> <span class='ocrx_word' id='word_1_98' title='bbox 2166 1233 2350 1316; x_wconf 80' lang='grc' dir='ltr'><strong><em>δῆλα.</em></strong></span> 
     </span>
     <span class='ocr_line' id='line_1_12' title="bbox 347 1323 2352 1413; baseline -0.001 -16"><span class='ocrx_word' id='word_1_99' title='bbox 347 1334 503 1397; x_wconf 88' lang='grc' dir='ltr'><strong><em>Ναί.</em></strong></span> <span class='ocrx_word' id='word_1_100' title='bbox 569 1329 701 1396; x_wconf 85' lang='grc' dir='ltr'><strong><em>Καὶ</em></strong></span> <span class='ocrx_word' id='word_1_101' title='bbox 729 1323 865 1413; x_wconf 83' lang='grc' dir='ltr'><strong><em>μὴν</em></strong></span> <span class='ocrx_word' id='word_1_102' title='bbox 897 1328 1007 1394; x_wconf 87' lang='grc' dir='ltr'><strong><em>καὶ</em></strong></span> <span class='ocrx_word' id='word_1_103' title='bbox 1029 1352 1109 1392; x_wconf 90' lang='grc' dir='ltr'><strong><em>τα</em></strong></span> <span class='ocrx_word' id='word_1_104' title='bbox 1134 1333 1252 1410; x_wconf 84' lang='grc' dir='ltr'><strong><em>τῆς</em></strong></span> <span class='ocrx_word' id='word_1_105' title='bbox 1271 1334 1518 1412; x_wconf 78' lang='grc' dir='ltr'><strong><em>ψυχῆς,</em></strong></span> <span class='ocrx_word' id='word_1_106' title='bbox 1562 1325 1665 1395; x_wconf 91' lang='grc' dir='ltr'><strong><em>ότι</em></strong></span> <span class='ocrx_word' id='word_1_107' title='bbox 1696 1352 1771 1410; x_wconf 78' lang='grc' dir='ltr'><strong><em>γε</em></strong></span> <span class='ocrx_word' id='word_1_108' title='bbox 1806 1330 2154 1412; x_wconf 78' lang='grc' dir='ltr'><strong><em>θυμοειδῆ.</em></strong></span> <span class='ocrx_word' id='word_1_109' title='bbox 2221 1330 2352 1395; x_wconf 86' lang='grc' dir='ltr'><strong><em>Καὶ</em></strong></span> 
     </span>
     <span class='ocr_line' id='line_1_13' title="bbox 352 1415 2353 1511; baseline -0.001 -17"><span class='ocrx_word' id='word_1_110' title='bbox 352 1433 570 1494; x_wconf 82' lang='grc' dir='ltr'><strong><em>τοῦτο.</em></strong></span> <span class='ocrx_word' id='word_1_111' title='bbox 620 1433 774 1504; x_wconf 88' lang='grc' dir='ltr'><strong><em>Πως</em></strong></span> <span class='ocrx_word' id='word_1_112' title='bbox 806 1416 968 1510; x_wconf 80' lang='grc' dir='ltr'><strong><em>οὖν,</em></strong></span> <span class='ocrx_word' id='word_1_113' title='bbox 990 1415 1079 1511; x_wconf 78' lang='grc' dir='ltr'><strong><em>ἦν</em></strong></span> <span class='ocrx_word' id='word_1_114' title='bbox 1100 1419 1161 1491; x_wconf 83' lang='grc' dir='ltr'><strong><em>δ’</em></strong></span> <span class='ocrx_word' id='word_1_115' title='bbox 1193 1422 1345 1510; x_wconf 73' lang='grc' dir='ltr'><strong><em>ἐγώ,</em></strong></span> <span class='ocrx_word' id='word_1_116' title='bbox 1373 1450 1425 1491; x_wconf 91' lang='grc' dir='ltr'><strong><em>ω</em></strong></span> <span class='ocrx_word' id='word_1_117' title='bbox 1401 1416 1807 1510; x_wconf 80' lang='grc' dir='ltr'><strong><em>Γλαύκων,</em></strong></span> <span class='ocrx_word' id='word_1_118' title='bbox 1843 1420 1969 1492; x_wconf 79' lang='grc' dir='ltr'><strong><em>οὐκ</em></strong></span> <span class='ocrx_word' id='word_1_119' title='bbox 1992 1422 2211 1510; x_wconf 76' lang='grc' dir='ltr'><strong><em>αγρὶοι</em></strong></span> <span class='ocrx_word' id='word_1_120' title='bbox 2234 1423 2353 1492; x_wconf 84' lang='grc' dir='ltr'><strong><em>άλ-</em></strong></span> 
     </span>
     <span class='ocr_line' id='line_1_14' title="bbox 350 1519 2348 1644; baseline -0.002 -52"><span class='ocrx_word' id='word_1_121' title='bbox 350 1524 585 1644; x_wconf 77' lang='grc' dir='ltr'><strong><em>λήλοις</em></strong></span> <span class='ocrx_word' id='word_1_122' title='bbox 608 1528 871 1591; x_wconf 80' lang='grc' dir='ltr'><strong><em>ἔσονται</em></strong></span> <span class='ocrx_word' id='word_1_123' title='bbox 899 1525 1008 1590; x_wconf 87' lang='grc' dir='ltr'><strong><em>καὶ</em></strong></span> <span class='ocrx_word' id='word_1_124' title='bbox 1040 1535 1175 1600; x_wconf 74' lang='grc' dir='ltr'><strong><em>τοῖς</em></strong></span> <span class='ocrx_word' id='word_1_125' title='bbox 1212 1520 1436 1600; x_wconf 88' lang='grc' dir='ltr'><strong><em>αλλοις</em></strong></span> <span class='ocrx_word' id='word_1_126' title='bbox 1467 1528 1790 1608; x_wconf 74' lang='grc' dir='ltr'><strong><em>πολίταις,</em></strong></span> <span class='ocrx_word' id='word_1_127' title='bbox 1838 1519 2025 1601; x_wconf 79' lang='grc' dir='ltr'><strong><em>ὄντες</em></strong></span> <span class='ocrx_word' id='word_1_128' title='bbox 2067 1530 2348 1590; x_wconf 82' lang='grc' dir='ltr'><strong><em>τοιοῦτοι</em></strong></span> 
     </span>
     <span class='ocr_line' id='line_1_15' title="bbox 346 1613 2352 1711; baseline -0.001 -21"><span class='ocrx_word' id='word_1_129' title='bbox 346 1649 467 1702; x_wconf 90' lang='grc' dir='ltr'><strong><em>τας</em></strong></span> <span class='ocrx_word' id='word_1_130' title='bbox 486 1621 748 1708; x_wconf 66' lang='grc' dir='ltr'><strong><em>φύσεις,</em></strong></span> <span class='ocrx_word' id='word_1_131' title='bbox 817 1620 940 1690; x_wconf 79' lang='grc' dir='ltr'><strong><em>Μὰ</em></strong></span> <span class='ocrx_word' id='word_1_132' title='bbox 963 1628 1131 1707; x_wconf 85' lang='grc' dir='ltr'><strong><em>Δία,</em></strong></span> <span class='ocrx_word' id='word_1_133' title='bbox 1180 1647 1221 1707; x_wconf 87' lang='grc' dir='ltr'><strong><em>η</em></strong></span> <span class='ocrx_word' id='word_1_134' title='bbox 1201 1613 1315 1688; x_wconf 83' lang='grc' dir='ltr'><strong><em>δ’</em></strong></span> <span class='ocrx_word' id='word_1_135' title='bbox 1348 1617 1455 1705; x_wconf 83' lang='grc' dir='ltr'><strong><em>ὅς,</em></strong></span> <span class='ocrx_word' id='word_1_136' title='bbox 1493 1619 1576 1689; x_wconf 82' lang='grc' dir='ltr'><strong><em>οὐ</em></strong></span> <span class='ocrx_word' id='word_1_137' title='bbox 1600 1623 1856 1711; x_wconf 74' lang='grc' dir='ltr'><strong><em>ῥαδίως.</em></strong></span> <span class='ocrx_word' id='word_1_138' title='bbox 1915 1618 2105 1690; x_wconf 88' lang='grc' dir='ltr'><strong><em>Ἀλλα</em></strong></span> <span class='ocrx_word' id='word_1_139' title='bbox 2128 1624 2352 1706; x_wconf 82' lang='grc' dir='ltr'><strong><em>μέντοι</em></strong></span> 
     </span>
    </p>

    <p class='ocr_par' dir='ltr' id='par_1_6' title="bbox 274 1714 2354 2295">
     <span class='ocr_line' id='line_1_16' title="bbox 274 1714 2354 1808; baseline -0.002 -18"><span class='ocrx_word' id='word_1_140' title='bbox 274 1743 309 1790; x_wconf 80' lang='lat' dir='ltr'>C</span> <span class='ocrx_word' id='word_1_141' title='bbox 347 1724 453 1788; x_wconf 77' lang='grc' dir='ltr'><strong><em>δεῖ</em></strong></span> <span class='ocrx_word' id='word_1_142' title='bbox 478 1746 551 1805; x_wconf 80' lang='grc' dir='ltr'><strong><em>γε</em></strong></span> <span class='ocrx_word' id='word_1_143' title='bbox 586 1720 755 1808; x_wconf 80' lang='grc' dir='ltr'><strong><em>πρὸς</em></strong></span> <span class='ocrx_word' id='word_1_144' title='bbox 783 1718 907 1807; x_wconf 75' lang='grc' dir='ltr'><strong><em>μὲν</em></strong></span> <span class='ocrx_word' id='word_1_145' title='bbox 927 1719 1084 1798; x_wconf 83' lang='grc' dir='ltr'><strong><em>τοὺς</em></strong></span> <span class='ocrx_word' id='word_1_146' title='bbox 1108 1723 1393 1798; x_wconf 73' lang='grc' dir='ltr'><strong><em>οἰκείους</em></strong></span> <span class='ocrx_word' id='word_1_147' title='bbox 1413 1718 1670 1805; x_wconf 90' lang='grc' dir='ltr'><strong><em>πράους</em></strong></span> <span class='ocrx_word' id='word_1_148' title='bbox 1692 1714 1937 1798; x_wconf 84' lang='grc' dir='ltr'><strong><em>αύτούς</em></strong></span> <span class='ocrx_word' id='word_1_149' title='bbox 1970 1715 2159 1803; x_wconf 85' lang='grc' dir='ltr'><strong><em>εἶναι,</em></strong></span> <span class='ocrx_word' id='word_1_150' title='bbox 2184 1716 2354 1803; x_wconf 81' lang='grc' dir='ltr'><strong><em>πρὸς</em></strong></span> 
     </span>
     <span class='ocr_line' id='line_1_17' title="bbox 350 1812 2354 1904; baseline -0.001 -19"><span class='ocrx_word' id='word_1_151' title='bbox 350 1818 421 1886; x_wconf 74' lang='grc' dir='ltr'><strong><em>δὲ</em></strong></span> <span class='ocrx_word' id='word_1_152' title='bbox 444 1815 601 1897; x_wconf 79' lang='grc' dir='ltr'><strong><em>τούς</em></strong></span> <span class='ocrx_word' id='word_1_153' title='bbox 622 1824 978 1904; x_wconf 90' lang='grc' dir='ltr'><strong><em>πολεμίους</em></strong></span> <span class='ocrx_word' id='word_1_154' title='bbox 996 1814 1353 1904; x_wconf 81' lang='grc' dir='ltr'><strong><em>χαλεπούς·</em></strong></span> <span class='ocrx_word' id='word_1_155' title='bbox 1407 1821 1471 1884; x_wconf 94' lang='grc' dir='ltr'><strong><em>εἰ</em></strong></span> <span class='ocrx_word' id='word_1_156' title='bbox 1503 1816 1573 1885; x_wconf 75' lang='grc' dir='ltr'><strong><em>δὲ</em></strong></span> <span class='ocrx_word' id='word_1_157' title='bbox 1597 1815 1718 1903; x_wconf 86' lang='grc' dir='ltr'><strong><em>μή,</em></strong></span> <span class='ocrx_word' id='word_1_158' title='bbox 1766 1812 1850 1885; x_wconf 86' lang='grc' dir='ltr'><strong><em>ού</em></strong></span> <span class='ocrx_word' id='word_1_159' title='bbox 1884 1822 2354 1902; x_wconf 87' lang='grc' dir='ltr'><strong><em>περιμενοῦσιν</em></strong></span> 
     </span>
     <span class='ocr_line' id='line_1_18' title="bbox 352 1909 2352 2002; baseline -0.002 -19"><span class='ocrx_word' id='word_1_160' title='bbox 352 1914 595 1996; x_wconf 77' lang='grc' dir='ltr'><strong><em>ἄλλους</em></strong></span> <span class='ocrx_word' id='word_1_161' title='bbox 615 1923 793 2002; x_wconf 80' lang='grc' dir='ltr'><strong><em>σφᾶς</em></strong></span> <span class='ocrx_word' id='word_1_162' title='bbox 818 1916 1137 1999; x_wconf 78' lang='grc' dir='ltr'><strong><em>διολέσαι,</em></strong></span> <span class='ocrx_word' id='word_1_163' title='bbox 1178 1909 1330 1981; x_wconf 74' lang='grc' dir='ltr'><strong><em>ἀλλ’</em></strong></span> <span class='ocrx_word' id='word_1_164' title='bbox 1370 1911 1558 1983; x_wconf 81' lang='grc' dir='ltr'><strong><em>αὐτοὶ</em></strong></span> <span class='ocrx_word' id='word_1_165' title='bbox 1592 1913 1971 2001; x_wconf 79' lang='grc' dir='ltr'><strong><em>φθήσονται</em></strong></span> <span class='ocrx_word' id='word_1_166' title='bbox 2000 1910 2163 1983; x_wconf 77' lang='grc' dir='ltr'><strong><em>αὐτὸ</em></strong></span> <span class='ocrx_word' id='word_1_167' title='bbox 2189 1913 2352 1999; x_wconf 88' lang='grc' dir='ltr'><strong><em>δρά-</em></strong></span> 
     </span>
     <span class='ocr_line' id='line_1_19' title="bbox 349 2002 2347 2102; baseline -0.002 -21"><span class='ocrx_word' id='word_1_168' title='bbox 349 2033 599 2091; x_wconf 90' lang='grc' dir='ltr'><strong><em>σαντες.</em></strong></span> <span class='ocrx_word' id='word_1_169' title='bbox 656 2009 939 2098; x_wconf 71' lang='grc' dir='ltr'><strong><em>Ἀληθῆ,</em></strong></span> <span class='ocrx_word' id='word_1_170' title='bbox 985 2017 1132 2098; x_wconf 82' lang='grc' dir='ltr'><strong><em>ἔφη.</em></strong></span> <span class='ocrx_word' id='word_1_171' title='bbox 1225 2017 1308 2078; x_wconf 90' lang='grc' dir='ltr'><strong><em>Τί</em></strong></span> <span class='ocrx_word' id='word_1_172' title='bbox 1326 2002 1486 2096; x_wconf 79' lang='grc' dir='ltr'><strong><em>οὖν,</em></strong></span> <span class='ocrx_word' id='word_1_173' title='bbox 1530 2003 1614 2098; x_wconf 81' lang='grc' dir='ltr'><strong><em>ἦν</em></strong></span> <span class='ocrx_word' id='word_1_174' title='bbox 1648 2009 1713 2079; x_wconf 87' lang='grc' dir='ltr'><strong><em>δ’</em></strong></span> <span class='ocrx_word' id='word_1_175' title='bbox 1749 2011 2347 2102; x_wconf 38' lang='grc' dir='ltr'><strong><em>ἐγαὶλποιήσομενς</em></strong></span> 
     </span>
     <span class='ocr_line' id='line_1_20' title="bbox 349 2105 2346 2199; baseline -0.001 -20"><span class='ocrx_word' id='word_1_176' title='bbox 349 2111 567 2179; x_wconf 89' lang='grc' dir='ltr'><strong><em>πόθεν</em></strong></span> <span class='ocrx_word' id='word_1_177' title='bbox 610 2108 746 2197; x_wconf 77' lang='grc' dir='ltr'><strong><em>ἅμα</em></strong></span> <span class='ocrx_word' id='word_1_178' title='bbox 786 2117 1007 2197; x_wconf 78' lang='grc' dir='ltr'><strong><em>πρᾶον</em></strong></span> <span class='ocrx_word' id='word_1_179' title='bbox 1051 2111 1161 2179; x_wconf 86' lang='grc' dir='ltr'><strong><em>καὶ</em></strong></span> <span class='ocrx_word' id='word_1_180' title='bbox 1200 2110 1681 2198; x_wconf 80' lang='grc' dir='ltr'><strong><em>μεγαλόθυμον</em></strong></span> <span class='ocrx_word' id='word_1_181' title='bbox 1733 2105 1905 2199; x_wconf 84' lang='grc' dir='ltr'><strong><em>ἦθος</em></strong></span> <span class='ocrx_word' id='word_1_182' title='bbox 1946 2109 2346 2198; x_wconf 84' lang='grc' dir='ltr'><strong><em>εὑρήσομεν;</em></strong></span> 
     </span>
     <span class='ocr_line' id='line_1_21' title="bbox 344 2207 2347 2295; baseline -0.001 -18"><span class='ocrx_word' id='word_1_183' title='bbox 344 2212 611 2277; x_wconf 79' lang='grc' dir='ltr'><strong><em>ἐναντία</em></strong></span> <span class='ocrx_word' id='word_1_184' title='bbox 629 2207 760 2294; x_wconf 80' lang='grc' dir='ltr'><strong><em>γάρ</em></strong></span> <span class='ocrx_word' id='word_1_185' title='bbox 780 2230 913 2277; x_wconf 89' lang='grc' dir='ltr'><strong><em>που</em></strong></span> <span class='ocrx_word' id='word_1_186' title='bbox 934 2212 1285 2294; x_wconf 76' lang='grc' dir='ltr'><strong><em>θυμοειδεῖ</em></strong></span> <span class='ocrx_word' id='word_1_187' title='bbox 1300 2222 1537 2292; x_wconf 78' lang='grc' dir='ltr'><strong><em>πραεῖα</em></strong></span> <span class='ocrx_word' id='word_1_188' title='bbox 1562 2210 1779 2295; x_wconf 88' lang='grc' dir='ltr'><strong><em>φύσις.</em></strong></span> <span class='ocrx_word' id='word_1_189' title='bbox 1828 2216 2158 2278; x_wconf 88' lang='grc' dir='ltr'><strong><em>Φαίνεται.</em></strong></span> <span class='ocrx_word' id='word_1_190' title='bbox 2197 2207 2347 2275; x_wconf 78' lang='grc' dir='ltr'><strong><em>Ἀλ-</em></strong></span> 
     </span>
    </p>

    <p class='ocr_par' dir='ltr' id='par_1_7' title="bbox 268 2301 2356 3476">
     <span class='ocr_line' id='line_1_22' title="bbox 316 2301 2350 2394; baseline 0.001 -23"><span class='ocrx_word' id='word_1_191' title='bbox 316 2365 319 2370; x_wconf 91' lang='grc'><em>.</em></span> <span class='ocrx_word' id='word_1_192' title='bbox 346 2306 429 2374; x_wconf 82' lang='grc' dir='ltr'><strong><em>λὰ</em></strong></span> <span class='ocrx_word' id='word_1_193' title='bbox 449 2312 675 2393; x_wconf 80' lang='grc' dir='ltr'><strong><em>μέντοι</em></strong></span> <span class='ocrx_word' id='word_1_194' title='bbox 695 2306 953 2375; x_wconf 89' lang='grc' dir='ltr'><strong><em>τούτων</em></strong></span> <span class='ocrx_word' id='word_1_195' title='bbox 975 2302 1296 2390; x_wconf 80' lang='grc' dir='ltr'><strong><em>ὁποτέρου</em></strong></span> <span class='ocrx_word' id='word_1_196' title='bbox 1329 2301 1417 2374; x_wconf 71' lang='grc' dir='ltr'><strong><em>ἄν</em></strong></span> <span class='ocrx_word' id='word_1_197' title='bbox 1448 2309 1784 2394; x_wconf 78' lang='grc' dir='ltr'><strong><em>στέρηται,</em></strong></span> <span class='ocrx_word' id='word_1_198' title='bbox 1832 2308 2051 2394; x_wconf 80' lang='grc' dir='ltr'><strong><em>φύλαξ</em></strong></span> <span class='ocrx_word' id='word_1_199' title='bbox 2093 2305 2350 2392; x_wconf 76' lang='grc' dir='ltr'><strong><em>ἀγαθος</em></strong></span> 
     </span>
     <span class='ocr_line' id='line_1_23' title="bbox 347 2401 2342 2492; baseline -0.001 -20"><span class='ocrx_word' id='word_1_200' title='bbox 347 2403 430 2473; x_wconf 82' lang='grc' dir='ltr'><strong><em>οὐ</em></strong></span> <span class='ocrx_word' id='word_1_201' title='bbox 476 2403 564 2492; x_wconf 83' lang='grc' dir='ltr'><strong><em>μὴ</em></strong></span> <span class='ocrx_word' id='word_1_202' title='bbox 613 2408 911 2492; x_wconf 73' lang='grc' dir='ltr'><strong><em>γένηται·</em></strong></span> <span class='ocrx_word' id='word_1_203' title='bbox 955 2412 1160 2471; x_wconf 82' lang='grc' dir='ltr'><strong><em>ταῦτα</em></strong></span> <span class='ocrx_word' id='word_1_204' title='bbox 1190 2404 1262 2474; x_wconf 77' lang='grc' dir='ltr'><strong><em>δὲ</em></strong></span> <span class='ocrx_word' id='word_1_205' title='bbox 1276 2402 1630 2484; x_wconf 75' lang='grc' dir='ltr'><strong><em>ἀδυνάτοις</em></strong></span> <span class='ocrx_word' id='word_1_206' title='bbox 1663 2409 1868 2487; x_wconf 83' lang='grc' dir='ltr'><strong><em>ἔοικε,</em></strong></span> <span class='ocrx_word' id='word_1_207' title='bbox 1903 2407 2015 2473; x_wconf 85' lang='grc' dir='ltr'><strong><em>καὶ</em></strong></span> <span class='ocrx_word' id='word_1_208' title='bbox 2049 2404 2225 2472; x_wconf 78' lang='grc' dir='ltr'><strong><em>οὕτω</em></strong></span> <span class='ocrx_word' id='word_1_209' title='bbox 2260 2401 2342 2492; x_wconf 80' lang='grc' dir='ltr'><strong><em>δὴ</em></strong></span> 
     </span>
     <span class='ocr_line' id='line_1_24' title="bbox 268 2500 2351 2592; baseline -0.002 -19"><span class='ocrx_word' id='word_1_210' title='bbox 268 2525 308 2574; x_wconf 88' lang='lat' dir='ltr'>D</span> <span class='ocrx_word' id='word_1_211' title='bbox 346 2509 688 2592; x_wconf 82' lang='grc' dir='ltr'><strong><em>ξυμβαίνει</em></strong></span> <span class='ocrx_word' id='word_1_212' title='bbox 719 2500 985 2588; x_wconf 77' lang='grc' dir='ltr'><strong><em>άγαθόν</em></strong></span> <span class='ocrx_word' id='word_1_213' title='bbox 1018 2502 1284 2588; x_wconf 89' lang='grc' dir='ltr'><strong><em>φύλακα</em></strong></span> <span class='ocrx_word' id='word_1_214' title='bbox 1318 2502 1655 2572; x_wconf 76' lang='grc' dir='ltr'><strong><em>ἀδύνατον</em></strong></span> <span class='ocrx_word' id='word_1_215' title='bbox 1692 2504 2027 2589; x_wconf 76' lang='grc' dir='ltr'><strong><em>γενέσθαι.</em></strong></span> <span class='ocrx_word' id='word_1_216' title='bbox 2093 2505 2351 2570; x_wconf 86' lang='grc' dir='ltr'><strong><em>Κινδυ-</em></strong></span> 
     </span>
     <span class='ocr_line' id='line_1_25' title="bbox 349 2596 2354 2688; baseline -0.001 -17"><span class='ocrx_word' id='word_1_217' title='bbox 349 2603 565 2688; x_wconf 81' lang='grc' dir='ltr'><strong><em>νεύει,</em></strong></span> <span class='ocrx_word' id='word_1_218' title='bbox 602 2609 749 2688; x_wconf 84' lang='grc' dir='ltr'><strong><em>ἔφη.</em></strong></span> <span class='ocrx_word' id='word_1_219' title='bbox 818 2603 928 2668; x_wconf 81' lang='grc' dir='ltr'><strong><em>καὶ</em></strong></span> <span class='ocrx_word' id='word_1_220' title='bbox 961 2599 1090 2687; x_wconf 76' lang='grc' dir='ltr'><strong><em>ἐγω</em></strong></span> <span class='ocrx_word' id='word_1_221' title='bbox 1115 2599 1457 2688; x_wconf 75' lang='grc' dir='ltr'><strong><em>ἀπορήσας</em></strong></span> <span class='ocrx_word' id='word_1_222' title='bbox 1491 2627 1560 2669; x_wconf 90' lang='grc' dir='ltr'><strong><em>τε</em></strong></span> <span class='ocrx_word' id='word_1_223' title='bbox 1594 2603 1704 2669; x_wconf 83' lang='grc' dir='ltr'><strong><em>καὶ</em></strong></span> <span class='ocrx_word' id='word_1_224' title='bbox 1729 2599 2247 2687; x_wconf 79' lang='grc' dir='ltr'><strong><em>ἐπισκεψάμενος</em></strong></span> <span class='ocrx_word' id='word_1_225' title='bbox 2269 2596 2354 2669; x_wconf 72' lang='grc' dir='ltr'><strong><em>τὸ.</em></strong></span> 
     </span>
     <span class='ocr_line' id='line_1_26' title="bbox 349 2690 2347 2787; baseline -0.003 -17"><span class='ocrx_word' id='word_1_226' title='bbox 349 2707 763 2787; x_wconf 82' lang='grc' dir='ltr'><strong><em>ἔμπροσθεν,</em></strong></span> <span class='ocrx_word' id='word_1_227' title='bbox 787 2706 1077 2780; x_wconf 88' lang='grc' dir='ltr'><strong><em>Δικαίως</em></strong></span> <span class='ocrx_word' id='word_1_228' title='bbox 1095 2727 1203 2787; x_wconf 81' lang='grc' dir='ltr'><strong><em>γε,</em></strong></span> <span class='ocrx_word' id='word_1_229' title='bbox 1240 2694 1326 2786; x_wconf 85' lang='grc' dir='ltr'><strong><em>ἦν</em></strong></span> <span class='ocrx_word' id='word_1_230' title='bbox 1349 2695 1415 2767; x_wconf 86' lang='grc' dir='ltr'><strong><em>δ’</em></strong></span> <span class='ocrx_word' id='word_1_231' title='bbox 1442 2699 1572 2785; x_wconf 66' lang='grc' dir='ltr'><strong><em>ἐγώ</em></strong></span> <span class='ocrx_word' id='word_1_232' title='bbox 1585 2749 1605 2786; x_wconf 91' lang='grc'><strong><em>,</em></strong></span> <span class='ocrx_word' id='word_1_233' title='bbox 1631 2690 1690 2766; x_wconf 71' lang='grc' dir='ltr'><strong><em>αἶ</em></strong></span> <span class='ocrx_word' id='word_1_234' title='bbox 1710 2706 1860 2784; x_wconf 84' lang='grc' dir='ltr'><strong><em>φίλε</em></strong></span> <span class='ocrx_word' id='word_1_235' title='bbox 1879 2749 1897 2783; x_wconf 89' lang='grc'><strong><em>,</em></strong></span> <span class='ocrx_word' id='word_1_236' title='bbox 1927 2696 2309 2784; x_wconf 75' lang='grc' dir='ltr'><strong><em>ἀποροῦμεν</em></strong></span> <span class='ocrx_word' id='word_1_237' title='bbox 2330 2722 2347 2738; x_wconf 89' lang='grc'><em>·</em></span> 
     </span>
     <span class='ocr_line' id='line_1_27' title="bbox 343 2790 2356 2885; baseline -0 -21"><span class='ocrx_word' id='word_1_238' title='bbox 343 2790 423 2885; x_wconf 82' lang='grc' dir='ltr'><strong><em>ἧς</em></strong></span> <span class='ocrx_word' id='word_1_239' title='bbox 443 2795 573 2885; x_wconf 77' lang='grc' dir='ltr'><strong><em>γὰρ</em></strong></span> <span class='ocrx_word' id='word_1_240' title='bbox 597 2803 1036 2885; x_wconf 81' lang='grc' dir='ltr'><strong><em>προυθέμεθα</em></strong></span> <span class='ocrx_word' id='word_1_241' title='bbox 1069 2799 1327 2878; x_wconf 81' lang='grc' dir='ltr'><strong><em>εἰκόνος</em></strong></span> <span class='ocrx_word' id='word_1_242' title='bbox 1345 2795 1863 2885; x_wconf 85' lang='grc' dir='ltr'><strong><em>άπελείφθημεν.</em></strong></span> <span class='ocrx_word' id='word_1_243' title='bbox 1931 2803 2086 2876; x_wconf 76' lang='grc' dir='ltr'><strong><em>Παῖς</em></strong></span> <span class='ocrx_word' id='word_1_244' title='bbox 2106 2801 2313 2882; x_wconf 80' lang='grc' dir='ltr'><strong><em>λέγεις</em></strong></span> <span class='ocrx_word' id='word_1_245' title='bbox 2331 2824 2356 2880; x_wconf 79' lang='lat'>3</span> 
     </span>
     <span class='ocr_line' id='line_1_28' title="bbox 350 2890 2348 2983; baseline -0.003 -17"><span class='ocrx_word' id='word_1_246' title='bbox 350 2895 494 2966; x_wconf 80' lang='grc' dir='ltr'><strong><em>Οὐκ</em></strong></span> <span class='ocrx_word' id='word_1_247' title='bbox 517 2895 888 2982; x_wconf 84' lang='grc' dir='ltr'><strong><em>ἐνοήσαμεν</em></strong></span> <span class='ocrx_word' id='word_1_248' title='bbox 900 2946 918 2980; x_wconf 88' lang='grc'><strong><em>,</em></strong></span> <span class='ocrx_word' id='word_1_249' title='bbox 942 2895 1044 2966; x_wconf 82' lang='grc' dir='ltr'><strong><em>ὅτι</em></strong></span> <span class='ocrx_word' id='word_1_250' title='bbox 1065 2899 1231 2967; x_wconf 86' lang='grc' dir='ltr'><strong><em>εἰσὶν</em></strong></span> <span class='ocrx_word' id='word_1_251' title='bbox 1252 2895 1381 2982; x_wconf 74' lang='grc' dir='ltr'><strong><em>ἄρα</em></strong></span> <span class='ocrx_word' id='word_1_252' title='bbox 1401 2896 1669 2982; x_wconf 86' lang='grc' dir='ltr'><strong><em>φύσεις,</em></strong></span> <span class='ocrx_word' id='word_1_253' title='bbox 1696 2898 1837 2975; x_wconf 83' lang='grc' dir='ltr'><strong><em>οἵας</em></strong></span> <span class='ocrx_word' id='word_1_254' title='bbox 1859 2890 2044 2983; x_wconf 69' lang='grc' dir='ltr'><strong><em>ἡμεῖς</em></strong></span> <span class='ocrx_word' id='word_1_255' title='bbox 2063 2891 2187 2962; x_wconf 84' lang='grc' dir='ltr'><strong><em>οὐκ</em></strong></span> <span class='ocrx_word' id='word_1_256' title='bbox 2210 2891 2348 2980; x_wconf 74' lang='grc' dir='ltr'><strong><em>ω’ή-</em></strong></span> 
     </span>
     <span class='ocr_line' id='line_1_29' title="bbox 342 2991 2349 3080; baseline -0.001 -18"><span class='ocrx_word' id='word_1_257' title='bbox 342 3002 595 3080; x_wconf 87' lang='grc' dir='ltr'><strong><em>θημεν,</em></strong></span> <span class='ocrx_word' id='word_1_258' title='bbox 645 2999 910 3078; x_wconf 82' lang='grc' dir='ltr'><strong><em>ἔχουσαι</em></strong></span> <span class='ocrx_word' id='word_1_259' title='bbox 940 2992 1259 3064; x_wconf 84' lang='grc' dir='ltr'><strong><em>τάναντία</em></strong></span> <span class='ocrx_word' id='word_1_260' title='bbox 1300 3001 1527 3062; x_wconf 86' lang='grc' dir='ltr'><strong><em>ταῦτα.</em></strong></span> <span class='ocrx_word' id='word_1_261' title='bbox 1592 3000 1741 3062; x_wconf 82' lang='grc' dir='ltr'><strong><em>Ποῦ</em></strong></span> <span class='ocrx_word' id='word_1_262' title='bbox 1763 2992 1877 3080; x_wconf 81' lang='grc' dir='ltr'><strong><em>δή;</em></strong></span> <span class='ocrx_word' id='word_1_263' title='bbox 1903 2992 2071 3062; x_wconf 86' lang='grc' dir='ltr'><strong><em>Ἴδοι</em></strong></span> <span class='ocrx_word' id='word_1_264' title='bbox 2102 2994 2223 3076; x_wconf 75' lang='grc' dir='ltr'><strong><em>μὲν</em></strong></span> <span class='ocrx_word' id='word_1_265' title='bbox 2259 2991 2349 3060; x_wconf 74' lang='grc' dir='ltr'><strong><em>ἄν</em></strong></span> 
     </span>
     <span class='ocr_line' id='line_1_30' title="bbox 345 3086 2348 3179; baseline -0.002 -18"><span class='ocrx_word' id='word_1_266' title='bbox 345 3119 441 3171; x_wconf 92' lang='grc' dir='ltr'><strong><em>τις</em></strong></span> <span class='ocrx_word' id='word_1_267' title='bbox 474 3094 586 3161; x_wconf 75' lang='grc' dir='ltr'><strong><em>καὶ</em></strong></span> <span class='ocrx_word' id='word_1_268' title='bbox 621 3095 695 3160; x_wconf 77' lang='grc' dir='ltr'><strong><em>ἐν</em></strong></span> <span class='ocrx_word' id='word_1_269' title='bbox 727 3091 954 3174; x_wconf 86' lang='grc' dir='ltr'><strong><em>αλλοις</em></strong></span> <span class='ocrx_word' id='word_1_270' title='bbox 988 3094 1210 3177; x_wconf 72' lang='grc' dir='ltr'><strong><em>ζώοις,</em></strong></span> <span class='ocrx_word' id='word_1_271' title='bbox 1256 3088 1341 3159; x_wconf 87' lang='grc' dir='ltr'><strong><em>ού</em></strong></span> <span class='ocrx_word' id='word_1_272' title='bbox 1370 3088 1557 3178; x_wconf 78' lang='grc' dir='ltr'><strong><em>μέντ’</em></strong></span> <span class='ocrx_word' id='word_1_273' title='bbox 1594 3117 1680 3158; x_wconf 92' lang='grc' dir='ltr'><strong><em>αν</em></strong></span> <span class='ocrx_word' id='word_1_274' title='bbox 1712 3089 1946 3178; x_wconf 80' lang='grc' dir='ltr'><strong><em>ἥκιστα</em></strong></span> <span class='ocrx_word' id='word_1_275' title='bbox 1979 3091 2055 3157; x_wconf 76' lang='grc' dir='ltr'><strong><em>ἐν</em></strong></span> <span class='ocrx_word' id='word_1_276' title='bbox 2087 3115 2138 3179; x_wconf 91' lang='grc' dir='ltr'><strong><em>ω</em></strong></span> <span class='ocrx_word' id='word_1_277' title='bbox 2162 3086 2348 3177; x_wconf 79' lang='grc' dir='ltr'><strong><em>ἡμεῖς</em></strong></span> 
     </span>
     <span class='ocr_line' id='line_1_31' title="bbox 275 3188 2354 3281; baseline -0.002 -23"><span class='ocrx_word' id='word_1_278' title='bbox 275 3218 312 3266; x_wconf 79' lang='lat' dir='ltr'>E</span> <span class='ocrx_word' id='word_1_279' title='bbox 343 3189 845 3278; x_wconf 85' lang='grc' dir='ltr'><strong><em>παρεβάλλομεν</em></strong></span> <span class='ocrx_word' id='word_1_280' title='bbox 877 3199 971 3281; x_wconf 75' lang='grc' dir='ltr'><strong><em>τῷ</em></strong></span> <span class='ocrx_word' id='word_1_281' title='bbox 998 3189 1267 3277; x_wconf 87' lang='grc' dir='ltr'><strong><em>φύλακι.</em></strong></span> <span class='ocrx_word' id='word_1_282' title='bbox 1317 3188 1519 3257; x_wconf 79' lang='grc' dir='ltr'><strong><em>οἶσθα</em></strong></span> <span class='ocrx_word' id='word_1_283' title='bbox 1542 3188 1674 3274; x_wconf 78' lang='grc' dir='ltr'><strong><em>γάρ</em></strong></span> <span class='ocrx_word' id='word_1_284' title='bbox 1699 3210 1832 3254; x_wconf 84' lang='grc' dir='ltr'><strong><em>που</em></strong></span> <span class='ocrx_word' id='word_1_285' title='bbox 1852 3212 1988 3254; x_wconf 91' lang='grc' dir='ltr'><strong><em>των</em></strong></span> <span class='ocrx_word' id='word_1_286' title='bbox 2019 3193 2354 3273; x_wconf 77' lang='grc' dir='ltr'><strong><em>γενναίων</em></strong></span> 
     </span>
     <span class='ocr_line' id='line_1_32' title="bbox 344 3278 2356 3403; baseline -0.004 -47"><span class='ocrx_word' id='word_1_287' title='bbox 344 3314 605 3374; x_wconf 89' lang='grc' dir='ltr'><strong><em>κυνων,</em></strong></span> <span class='ocrx_word' id='word_1_288' title='bbox 652 3287 751 3359; x_wconf 82' lang='grc' dir='ltr'><strong><em>ὅτι</em></strong></span> <span class='ocrx_word' id='word_1_289' title='bbox 789 3297 986 3358; x_wconf 85' lang='grc' dir='ltr'><strong><em>τοῦτο</em></strong></span> <span class='ocrx_word' id='word_1_290' title='bbox 1012 3288 1212 3374; x_wconf 87' lang='grc' dir='ltr'><strong><em>φύσει</em></strong></span> <span class='ocrx_word' id='word_1_291' title='bbox 1232 3284 1460 3355; x_wconf 82' lang='grc' dir='ltr'><strong><em>αὐτων</em></strong></span> <span class='ocrx_word' id='word_1_292' title='bbox 1478 3283 1553 3354; x_wconf 84' lang='grc' dir='ltr'><em>τὸ</em></span> <span class='ocrx_word' id='word_1_293' title='bbox 1576 3278 1781 3373; x_wconf 78' lang='grc' dir='ltr'><strong><em>ἦθος,</em></strong></span> <span class='ocrx_word' id='word_1_294' title='bbox 1826 3282 1995 3403; x_wconf 71' lang='grc' dir='ltr'><strong><em>πρὸς</em></strong></span> <span class='ocrx_word' id='word_1_295' title='bbox 2032 3282 2154 3370; x_wconf 72' lang='grc' dir='ltr'><strong><em>μὲν</em></strong></span> <span class='ocrx_word' id='word_1_296' title='bbox 2187 3279 2356 3364; x_wconf 76' lang='grc' dir='ltr'><strong><em>τοὺς</em></strong></span> 
     </span>
     <span class='ocr_line' id='line_1_33' title="bbox 344 3377 2347 3476; baseline -0.004 -20"><span class='ocrx_word' id='word_1_297' title='bbox 344 3388 664 3476; x_wconf 85' lang='grc' dir='ltr'><strong><em>συνήθεις</em></strong></span> <span class='ocrx_word' id='word_1_298' title='bbox 697 3413 767 3456; x_wconf 92' lang='grc' dir='ltr'><strong><em>τε</em></strong></span> <span class='ocrx_word' id='word_1_299' title='bbox 796 3389 910 3457; x_wconf 85' lang='grc' dir='ltr'><strong><em>καὶ</em></strong></span> <span class='ocrx_word' id='word_1_300' title='bbox 943 3403 1323 3472; x_wconf 75' lang='grc' dir='ltr'><strong><em>γνωρίμους</em></strong></span> <span class='ocrx_word' id='word_1_301' title='bbox 1356 3381 1443 3462; x_wconf 77' lang='grc' dir='ltr'><strong><em>ὡς</em></strong></span> <span class='ocrx_word' id='word_1_302' title='bbox 1465 3378 1610 3452; x_wconf 87' lang='grc' dir='ltr'><strong><em>οἷόν</em></strong></span> <span class='ocrx_word' id='word_1_303' title='bbox 1629 3410 1697 3452; x_wconf 90' lang='grc' dir='ltr'><strong><em>τε</em></strong></span> <span class='ocrx_word' id='word_1_304' title='bbox 1721 3383 2133 3467; x_wconf 90' lang='grc' dir='ltr'><strong><em>πραοτάτους</em></strong></span> <span class='ocrx_word' id='word_1_305' title='bbox 2157 3377 2347 3466; x_wconf 80' lang='grc' dir='ltr'><strong><em>εἶναι,</em></strong></span> 
     </span>
    </p>
   </div>
   <div class='ocr_carea' id='block_1_5' title="bbox 2577 42 2593 245">
    <p class='ocr_par' dir='ltr' id='par_1_8' title="bbox 2577 42 2593 245">
     <span class='ocr_line' id='line_1_34' title="bbox 2577 42 2593 245; baseline 0 -134"><span class='ocrx_word' id='word_1_306' title='bbox 2577 42 2593 245; x_wconf 48' lang='lat'>4</span> 
     </span>
    </p>
   </div>
   <div class='ocr_carea' id='block_1_6' title="bbox 2479 436 2593 547">
    <p class='ocr_par' dir='ltr' id='par_1_9' title="bbox 2479 384 2593 547">
     <span class='ocr_line' id='line_1_35' title="bbox 2479 436 2593 547; baseline 0 0"><span class='ocrx_word' id='word_1_307' title='bbox 2479 436 2483 440; x_wconf 83' lang='grc'><em>·</em></span> <span class='ocrx_word' id='word_1_308' title='bbox 2585 446 2593 547; x_wconf 71' lang='lat' dir='ltr'><em>s</em></span> 
     </span>
    </p>
   </div>
  </div>
 </body>
</html>
