2602 3928
358 196 484 258 212
1095 197 1672 257 ΠΛΑΤΩΝΟΣ

358 364 767 444 σαφέστερον
805 362 1051 444 ἴδωμεν
1093 362 1154 425 εἰ
1192 361 1371 423 ἔστιν
1421 351 1566 425 οἷον
1607 355 2033 445 μαντεύομαι.
2096 365 2372 444 Δείκνυ,

356 460 503 542 ἔφη.
548 464 875 542 Δείκνυμι
903 454 1005 542 δή,
1031 452 1239 538 εἶπον,
1265 459 1328 520 εἰ
1358 462 1680 543 καθορᾷς,
1716 451 1797 521 τὰ
1829 458 1954 540 μὲν
1988 458 2063 522 ἐν
2097 469 2236 534 ταῖς
2271 462 2373 522 αἰ-

276 566 317 615 Β
354 554 679 638 σθήσεσιν
702 552 784 621 ού
808 561 1325 640 παρακαλοῦντα
1347 550 1470 638 τὴν
1504 551 1742 638 νόησιν
1765 557 1857 632 εἰς
1893 555 2255 636 ἐπίσκεψιν,
2287 551 2375 633 ὥς

353 657 598 731 ἱκανοῖς
628 649 758 719 ὑπὸ
796 651 1312 739 τῆςάἰσθήσεως
1347 651 1729 737 κρινόμενα,
1770 649 1849 718 τὰ
1890 649 1963 718 δὲ
1997 651 2376 718 παντάπασι

357 751 875 836 διακελευόμενα
896 753 1157 836 ἐκείνην
1179 751 1686 834 ἐπισκέψασθαι,
1726 745 1815 828 ὡς
1846 755 1960 834 τῆς
1998 748 2373 835 αἰσθήσεως

356 844 557 916 ούδέν
600 845 780 933 ὑγιὲς
824 847 1157 933 ποιούσης.
1231 844 1327 914 To}
1376 847 1757 932 πόρρωθεν,
1807 851 1954 932 ἔφη,
2002 846 2375 931 φαινόμενα

358 953 566 1034 δῆλον
584 947 685 1014 ὅτι
716 949 923 1032 λέγεις
944 947 1053 1013 καὶ
1075 944 1158 1012 τὰ
1182 947 1784 1064 ἐσκιαγραφημένα.
1824 943 1926 1012 Οὐ
1963 944 2163 1030 πάνυ,
2198 936 2288 1030 ἦν
2309 942 2372 1012 δ’

356 1046 508 1132 ἐγώ,
536 1051 756 1131 ἔτυχες
777 1069 861 1113 ου
896 1048 1084 1130 λέγω.
1127 1050 1300 1111 Ποῖα
1339 1043 1491 1129 μήν,
1531 1048 1681 1130 ἔφη,
1721 1044 1955 1128 λέγεις;
2000 1044 2095 1109 Τὰ
2134 1069 2256 1128 μεν
2291 1037 2373 1110 ού

357 1149 897 1228 παρακαλοῦντα,
922 1135 1011 1229 ἦν
1032 1139 1099 1208 δ’
1142 1141 1292 1226 ἐγώ,
1331 1139 1457 1209 ὅσα
1488 1139 1576 1243 μὴ
1613 1145 1902 1228 ἐκβαίνει
1939 1145 2029 1218 εἰς
2066 1143 2374 1209 ἐναντίαν

284 1258 321 1309 C
358 1251 677 1327 αἴσθησιν
708 1239 875 1327 άμα·
918 1238 995 1306 τὰ
1041 1237 1106 1306 δ’
1155 1234 1546 1326 ἐκβαίνοντα
1591 1236 1679 1318 ὡς
1722 1245 2237 1323 παρακαλοῦντα
2275 1242 2376 1305 τί·
2425 1267 2428 1270 ’

355 1348 544 1426 θημι,
570 1336 897 1406 ἐπειδάν’
862 1366 900 1424 η
926 1346 1234 1423 αἴσθησις
1255 1340 1463 1423 μηδὲν
1483 1344 1738 1424 μᾶλλον
1758 1344 1955 1404 τοῦτο
1989 1331 2034 1423 ἦ
2067 1334 2141 1404 τὸ
2178 1338 2375 1402 ἐναν-

356 1443 501 1504 τίον
539 1440 745 1521 δηλοῖ,
784 1432 899 1502 εἰτ’
949 1432 1241 1520 ἐγγύθεν
1280 1440 1782 1521 προσπίπτουσα
1820 1443 1947 1501 εἴτε
1993 1430 2370 1521 πόρρωθεν.

358 1527 487 1603 ὧδε
512 1536 583 1603 δὲ
606 1530 648 1600 ὁὶ
681 1537 851 1618 λέγω
886 1538 1298 1616 σαφέστερον
1327 1542 1505 1600 εἴσει.
1561 1522 1768 1616 οὗτοι,
1806 1535 2044 1618 φαμέν,
2082 1543 2255 1616 τρεῖς
2287 1525 2374 1597 ι’ἱν

358 1630 492 1700 εἶεν
520 1631 854 1715 δάκτυλοι,
884 1629 924 1698 δ’
947 1656 1017 1697 τε
1040 1628 1474 1717 σμικρότατος
1493 1633 1603 1698 καὶ
1636 1626 1672 1697 ὁ
1710 1630 2015 1715 δεύτερος
2036 1630 2150 1698 καὶ
2183 1627 2220 1698 ὁ
2256 1632 2373 1713 με’-

358 1748 489 1809 σος.
517 1729 715 1797 Πάνυ
735 1728 824 1814 γ’,
851 1734 998 1816 ἔφη.
1037 1726 1465 1813 Ὡςέγγύθεν
1485 1734 1718 1796 τοίνυν
1742 1724 2120 1813 ὁρωμένους
2142 1729 2372 1811 λέγον-

354 1828 465 1908 τός
501 1855 633 1915 μου
657 1833 953 1896 διανοοῦ.
999 1825 1167 1895 ἀλλά
1200 1852 1314 1912 μοι
1348 1829 1496 1912 περὶ
1534 1823 1759 1892 αὐτῶν
1792 1825 1942 1893 τόδε
1977 1822 2229 1893 σκόπει.
2279 1821 2368 1891 Τὸ

356 1939 582 2008 ποῖον;
628 1925 977 2002 Δάκτυλος
1007 1922 1131 2009 μὲν
1170 1921 1396 1991 αὐτῶν
1446 1931 1750 2008 φαίνεται
1797 1919 2037 2009 ὁμοίως
2078 1922 2369 2006 ἕκαστος,

278 2047 321 2096 1)
360 2027 472 2090 καὶ
498 2023 704 2109 ταύτῃ
726 2046 799 2106 γε
824 2017 1023 2088 οὐδὲν
1047 2023 1364 2107 διαφέρει,
1389 2022 1512 2088 ἐάν
1531 2047 1602 2088 τε
1623 2024 1698 2089 ἐν
1718 2023 1896 2110 μέσῳ
1920 2017 2153 2105 ὁρᾶται
2175 2019 2295 2087 ἐάν
2318 2015 2370 2085 τ’

358 2122 431 2187 ἐν
453 2119 723 2208 ἐσχάτῳ,
754 2118 870 2186 ἐάν
892 2145 961 2187 τε
983 2117 1218 2199 λευκὸς
1247 2119 1365 2187 ἐάν
1395 2146 1463 2187 τε
1498 2122 1718 2206 μέλας,
1755 2116 1873 2186 ἐάν
1899 2144 1968 2186 τε
2003 2117 2214 2203 παχὺς
2253 2117 2366 2185 ἐάν

356 2244 426 2286 τε
446 2216 702 2302 λεπτός,
725 2217 838 2284 καὶ
858 2223 996 2284 πᾶν
1013 2215 1056 2296 ,ὅ
1078 2241 1140 2283 τι
1159 2225 1487 2287 τοιοῦτον.
1533 2220 1608 2286 ἐν
1629 2222 1791 2284 πᾶσι
1815 2215 1942 2302 γὰρ
1966 2215 2223 2295 τούτοις
2245 2212 2366 2283 οὐκ

358 2312 790 2398 ἀναγκάζεται
811 2321 948 2381 ταῖν
969 2323 1238 2383 πολλῶν
1259 2313 1300 2403 ἡ
1327 2313 1505 2402 ψυχὴ
1528 2312 1654 2402 τὴν
1675 2313 1914 2402 νόησιν
1932 2316 2285 2399 ἐπερέσθαι
2307 2322 2370 2380 τί

356 2410 507 2479 ποτ’
533 2415 667 2480 ἐστὶ
689 2412 1048 2491 δάκτυλος·
1096 2411 1402 2500 οὐδαμοῦ
1422 2412 1616 2501 γὰρὴ
1655 2411 1808 2494 ὄψις
1842 2409 2008 2500 αὐτῇ
2045 2410 2181 2497 ἅμα
2218 2411 2370 2499 ἐσή-

355 2536 526 2597 μηνε
549 2508 667 2578 τὸν
692 2509 1024 2580 δάκτυλον
1044 2511 1445 2581 τούναντίον
1464 2508 1508 2598 ἢ
1533 2511 1864 2580 δάκτυλον
1888 2509 2072 2579 εἶναι.
2118 2508 2220 2579 Ού
2240 2509 2368 2596 γὰρ

356 2601 504 2693 οὖν,
527 2614 671 2694 ἔφη.
701 2607 998 2695 Οὐκοῦν,
1020 2601 1108 2696 ἦν
1132 2607 1195 2677 δ’
1220 2609 1373 2696 ἐγώ,
1399 2609 1667 2689 εἰκότως
1687 2607 1763 2677 τό
1782 2635 1860 2695 γε
1878 2616 2188 2677 τοιοῦτον
2207 2608 2373 2694 νοή-

277 2731 319 2781 Ε
355 2727 521 2786 σεως
544 2704 669 2775 οὐκ
693 2702 780 2773 ἂν
802 2707 1297 2794 παρακλητικὸν
1323 2705 1470 2776 οὐδ’
1516 2704 1853 2794 ἐγερτικὸν
1888 2715 2006 2793 εἴη.
2050 2706 2363 2784 Εἰκότως.

361 2813 446 2874 Τί
463 2803 544 2873 δά
574 2805 659 2891 δή
675 2831 693 2885 ;
737 2801 811 2871 τὸ
848 2808 1132 2889 μέγεθος
1163 2801 1389 2873 αὐτῶν
1414 2807 1523 2872 καὶ
1554 2803 1679 2891 τὴν
1712 2802 2112 2890 σμικρότητα
2139 2798 2180 2891 ἡ
2216 2801 2370 2884 ὄψις

356 2896 484 2989 ἆρα
508 2907 752 2981 ἱκανῶς
793 2899 943 2991 ὁρᾷ,
979 2906 1089 2971 καὶ
1126 2900 1327 2971 οὐδὲν
1357 2901 1527 2990 αὐτῇ
1565 2906 1864 2990 διαφέρει
1897 2905 1972 2971 ἐν
2004 2905 2180 2992 μέσῳ
2219 2901 2368 2970 τινὰ

356 2998 585 3068 αὐτῶν
607 3011 872 3068 κεῖσθαι
892 2996 937 3085 ἢ
957 2998 1063 3067 ἐπ’
1086 3000 1370 3089 ἐσχάτως
1394 3002 1505 3069 καὶ
1530 2999 1848 3081 ὡσαύτως
1881 3000 2089 3087 πάχος
2118 3002 2229 3068 καὶ
2257 3007 2368 3067 λε-

355 3098 643 3185 πτότητα
686 3094 732 3185 ἦ
776 3098 1192 3186 μαλακότητα
1234 3104 1346 3168 καὶ
1390 3100 1803 3187 σκληρότητα
1839 3096 1881 3185 ἡ
1929 3095 2071 3187 ἁφή
2085 3128 2103 3182 3
2145 3101 2257 3167 καὶ
2298 3099 2374 3165 αἱ

354 3197 547 3265 ἄλλαι
570 3195 914 3283 αἰσθήσεις
936 3189 1046 3283 ἆρ’
1073 3196 1197 3265 οὐκ
1232 3202 1474 3277 ἐνδεῶς
1504 3195 1585 3266 τά
1621 3205 1894 3266 τοιαῦτα
1927 3200 2284 3283 δηλοῦσιν;
2323 3191 2369 3282 ἢ

216 3313 319 3370 524
350 3286 479 3362 αἷδε
501 3306 678 3361 ποιεῖ
696 3292 929 3381 ἑκάστη
955 3292 1209 3364 αὐτῶν·
1235 3302 1503 3383 πρῶτον
1526 3291 1708 3382 μὲνὴ
1733 3296 1835 3362 ἐπὶ
1858 3299 1951 3385 τῷ
1974 3299 2236 3383 σκληρῷ
2256 3318 2368 3360 τε-

350 3392 638 3478 ταγμένη
675 3400 982 3481 αἴσθησις
1016 3390 1416 3480 ἠνάγκασται
1457 3396 1566 3461 καὶ
1602 3394 1707 3461 ἐπὶ
1740 3400 1836 3461 τῶ
1866 3398 2146 3482 μαλακῷ
2176 3389 2358 3460 τετά-
