2602 3928
364 246 489 310 286
1096 221 1308 305 ΠΛἈ
1327 242 1667 304 ΤῼΝοΣ

365 434 588 496 μενοι;
627 407 760 476 Καὶ
781 400 1008 490 ὀρθῶς
1040 401 1131 489 γ’,
1168 407 1315 490 ἔφη.
1356 411 1580 487 Δηλοῖ
1605 405 1680 470 δέ
1714 427 1813 487 γε,
1847 395 1934 489 ἦν
1972 408 2015 471 δ
2078 405 2230 490 ἐγώ,
2266 408 2380 474 καὶ

288 518 327 567 Ε
366 505 401 575 ὃ
424 505 646 592 νόμος,
683 499 785 570 ὅτι
807 509 1113 571 τοιοῦτον
1146 501 1556 589 βουλεύεται,
1592 507 1753 567 πᾶσι
1788 514 1924 579 τοῖς
1964 505 2039 570 έν
2070 510 2153 589 τῇ
2187 503 2380 571 πόλει

366 603 700 689 ξύμμαχος
721 598 850 667 α’ίν·
896 600 1009 667 καὶ
1040 595 1083 685 ἡ
1115 605 1253 667 τῶν
1275 602 1533 666 παίδων
1567 595 1756 684 άρχή,
1790 596 1868 666 τὰ
1905 598 1993 685 μὴ
2031 602 2152 690 έᾷν
2184 603 2382 670 ἐλευ-

364 704 613 782 θέρους
633 697 823 783 εἶναι,
850 698 973 776 ἕως
993 691 1080 765 ἂν
1097 699 1171 764 έν
1190 693 1416 776 αὐτοῖς
1451 694 1675 776 ὥσπερ
1707 697 1784 764 έν
1813 696 2013 791 πόλει,
2039 703 2382 765 πολιτείαν

230 811 330 867 591
365 796 899 882 καταστήσωμεν,
921 796 1032 862 καὶ
1052 796 1126 862 τὸ
1149 796 1492 882 βέλτιστον
1521 791 2061 877 θεραπεύσαντες
2094 802 2190 884 τῷ
2211 793 2378 880 παρ’

366 894 524 983 ἡμῖν
546 895 826 984 τοιούτῳ
850 891 1513 978 ἀντικαταστήσωμεν
1539 890 1876 977 φύλακα“
1834 897 2073 977 ομόιον
2107 891 2297 961 καὶ”
2251 918 2381 978 αρ-

365 1019 565 1079 χοντα
598 993 674 1060 έν
710 988 911 1081 αύτω,
947 992 1057 1059 καὶ
1086 989 1238 1058 τότε
1278 988 1361 1076 δὴ
1402 988 1765 1073 ἐλεύθερον
1798 987 2096 1076 ἀφίεμεν.
2165 999 2390 1077 Δηλοῖ

365 1081 582 1177 γάρ,ή
604 1086 665 1155 δ’
694 1113 786 1166 ος.
831 1095 940 1176 Πῇ
963 1085 1044 1174 δὴ
1069 1079 1196 1154 οὖν
1230 1086 1555 1172 φήσομεν,
1595 1111 1647 1152 ω
1680 1085 2031 1169 Γλαύκων,
2067 1088 2178 1154 καὶ
2209 1114 2378 1155 κατα

366 1193 514 1255 τίνα
549 1186 755 1271 λόγον
786 1192 1149 1253 λυσιτελεῖν
1180 1177 1510 1251 docum*
1465 1209 1509 1270 η
1545 1183 2046 1252 α’κολασταίνειν
2079 1183 2126 1271 ἤ
2166 1209 2230 1252 τι
2272 1190 2381 1252 αἰ·-

369 1283 575 1370 σχρόν
595 1296 829 1367 ποιεῖν,
854 1286 920 1361 ἐξ
944 1308 1043 1350 ων
1062 1280 1509 1368 πονηρότερος
1527 1284 1651 1368 μὲν
1670 1288 1871 1367 ἔσται,
1896 1288 2099 1350 πλείω
2122 1282 2196 1352 δὲ
2212 1281 2368 1370 χρή·
2467 1276 2470 1278 V

368 1406 542 1468 ματα
573 1377 618 1466 ἦ
649 1379 861 1466 ἄλλην
900 1377 1049 1448 τινὰ
1089 1379 1381 1466 δύναμιν
1412 1380 1826 1467 κεκτήσεται,
1876 1378 2178 1469 Οὐδαμῇ,
2220 1372 2265 1466 ἦ
2310 1377 2371 1446 δ’

368 1477 462 1557 ὅς.
515 1485 628 1566 Πῇ
667 1475 730 1546 δ’
777 1476 1138 1546 ἀδικοῦντα
1180 1475 1547 1545 λανθάνειν
1593 1478 1705 1546 καὶ
1744 1476 1834 1564 μὴ
1879 1477 2141 1546 διδόναι
2186 1482 2374 1563 δίκην

285 1592 326 1643 Β
367 1584 762 1656 λυσιτελεῑν;
803 1571 849 1663 ἦ
871 1572 1015 1662 οὐχὶ
1046 1573 1082 1643 ὁ
1123 1576 1244 1662 μὲν
1275 1573 1642 1643 λανθάνων
1674 1580 1768 1642 ἔτι
1800 1574 2242 1662 πονηρότερος
2273 1583 2370 1661 γί-

365 1698 612 1760 γνεται,
643 1682 767 1741 τοῦ
800 1672 873 1741 δὲ
905 1673 993 1760 μὴ
1030 1672 1489 1751 λανθάνοντος
1517 1673 1627 1741 καὶ
1659 1676 2104 1759 κολαζομένου
2128 1671 2204 1741 τὰ
2253 1673 2371 1761 μὲν

365 1775 695 1858 θηριῶδες
718 1777 1069 1858 κοιμίζεται
1088 1773 1199 1839 καὶ
1216 1768 1598 1858 ἡμεροῦται,
1623 1768 1697 1838 τὸ
1721 1773 1793 1840 δὲ
1813 1769 2065 1859 ἥμερον
2099 1774 2374 1840 ἐλευθε-

367 1878 621 1957 ροῦται,
644 1873 752 1939 καὶ
780 1870 902 1957 ὅλη
923 1867 965 1956 ἡ
987 1869 1162 1958 ψυχὴ
1187 1877 1280 1950 εἰς
1312 1868 1436 1957 τὴν
1458 1877 1803 1958 βελτίστην
1824 1871 2033 1957 φύσιν
2052 1881 2374 1940 καθιστα-

366 1972 533 2056 μένη
565 1973 957 2055 τιμιωτέραν
989 1970 1125 2050 ἕξιν
1158 1970 1505 2057 λαμβάνει,
1542 1970 1996 2058 σωφροσύνην
2026 1997 2097 2042 τε
2132 1974 2243 2040 καὶ
2274 1975 2377 2038 δι-

366 2065 736 2151 καιοσύνην
748 2066 908 2151 μετὰ
933 2068 1320 2153 φρονήσεως
1341 2071 1664 2155 κτωμένη,
1687 2064 1732 2154 ἢ
1753 2074 1940 2155 σῶμα
1960 2068 2154 2155 ἰσχύν
2173 2094 2244 2137 τε
2266 2070 2375 2137 καὶ

366 2162 608 2239 κάλλος
649 2159 810 2248 μετά
854 2159 1103 2249 ὑγιείας
1140 2165 1505 2252 λαμβάνον,
1548 2164 1845 2252 τοσούτῳ
1889 2164 2154 2254 ὅσῳπερ
2193 2163 2367 2253 ψυχὴ

369 2258 669 2345 σώματος
700 2262 1077 2346 τιμιωτέρας
1128 2261 1526 2330 Παντάπασι
1559 2262 1683 2349 μὲν
1713 2255 1861 2351 οὖν,
1896 2268 2043 2349 ἔφη.
2104 2260 2378 2332 Οὐκοῦν

291 2383 329 2434 c
366 2355 409 2426 δ’
427 2382 507 2442 γε
525 2363 695 2426 νοῦν
718 2362 888 2444 ἔχων
907 2357 1125 2427 πάντα
1145 2358 1227 2426 τά
1249 2356 1464 2428 αὑτοῦ
1495 2364 1587 2438 εἰς
1618 2367 1825 2448 τοῦτοψ
1852 2362 2192 2439 ξυντείνας
2211 2359 2376 2448 βιώ-

370 2474 571 2540 σεται,
594 2464 861 2541 πρῶτον
878 2458 1002 2544 μὲν
1022 2455 1102 2526 τά
1125 2459 1486 2545 μαθήματα
1501 2465 1733 2545 τιμῶν,
1758 2455 1801 2525 ἃ
1828 2459 2147 2546 τοιαύτην
2167 2456 2377 2526 αὐτοῦ

283 2623 292 2632 ,
367 2554 491 2642 τὴν
522 2553 746 2643 ψυχὴν
779 2552 1238 2642 ἀπεργάσεται,
1284 2555 1367 2626 τὰ
1404 2557 1477 2627 δὲ
1519 2554 1666 2625 ἄλλ’
1717 2553 2077 2643 άτιμάζωνς
2119 2564 2373 2643 Δῆλον,

369 2662 516 2742 ἔφη.
542 2652 813 2722 ’Έπειτά
831 2652 925 2740 γ’,
950 2653 1160 2742 εἶπον,
1182 2653 1308 2743 τὴν
1329 2662 1453 2723 τοῦ
1479 2653 1780 2740 σώματος
1808 2656 1943 2734 ἕξιν
1974 2655 2087 2722 καὶ
2117 2653 2376 2741 τροφὴν

368 2750 490 2839 οὐχ
523 2749 702 2832 ὅπως
734 2759 814 2841 τῇ
857 2752 1180 2840 θηριώδει
1220 2754 1332 2821 καὶ
1370 2749 1593 2841 άλόγω
1636 2751 1849 2839 ἡδονῇ
1884 2753 2232 2836 ἐπιτρέψας
2267 2755 2376 2818 έν-
2440 2795 2451 2802 -

365 2858 588 2920 ταῦθα
631 2855 1070 2938 τετραμμένος
1099 2851 1295 2937 ζήσει,
1333 2847 1480 2919 ἀλλ’
1528 2847 1686 2917 οὐδὲ
1728 2848 1893 2935 πρὸς
1932 2847 2189 2934 ὑγίειαν
2222 2851 2378 2936 βλέ-
2436 2885 2450 2899 ·

367 2971 535 3033 πων,
580 2945 739 3017 οὐδὲ
778 2956 976 3018 τοῦτο
1022 2949 1433 3037 πρεσβεύων,
1478 2946 1660 3026 ὅπως
1714 2946 1978 3036 ἰσχυρὸς
2014 2945 2059 3033 ἢ
2099 2943 2290 3033 ὑγιὴς
2332 2941 2378 3034 ἦ

367 3045 568 3125 καλὸς
600 3051 800 3132 ἔσται,
834 3044 954 3115 ἐὰν
979 3047 1067 3134 μὴ
1101 3051 1210 3116 καὶ
1244 3046 1707 3135 σωφρονήσειν
1740 3054 1943 3134 μέλλῃ
1977 3041 2093 3113 ἀπ’
2131 3042 2376 3130 αὐτοῖν,

296 3168 339 3220 1)
373 3139 519 3212 ἀλλ’
566 3141 668 3211 ἀεὶ
705 3141 829 3230 τὴν
872 3147 947 3213 ἐν
987 3153 1081 3235 τῷ
1129 3148 1381 3233 σώματι
1424 3144 1754 3233 ἁρμονίαν
1803 3152 1922 3232 τῆς
1964 3147 2039 3212 ἐν
2079 3151 2162 3231 τῇ
2198 3149 2379 3230 ψυχῇ

366 3242 560 3309 ἕνεκα
601 3247 986 3328 ξυμφωνίας
1020 3241 1507 3331 ἁρμοττόμενος
1543 3248 1922 3330 [φαίνηται].
1980 3240 2381 3309 Παντάπασι

363 3338 485 3423 μὲν
507 3330 654 3424 ουν,
686 3346 835 3429 ἔφη,
873 3341 1116 3429 ἐάνπερ
1153 3346 1374 3464 μέλλῃω
1391 3351 1475 3431 τῇ
1507 3340 1791 3430 άληθεία
1827 3339 2145 3427 μουσικὸς
2186 3336 2374 3406 εἶναι.

369 3433 663 3525 Ούκοῦν,
686 3437 894 3526 εἷπον,
917 3442 1029 3509 καὶ
1049 3441 1174 3527 τὴν
1192 3445 1268 3510 ἐν
1289 3448 1374 3530 τῇ
1398 3468 1535 3510 των
1564 3440 1919 3529 χρημάτων
1954 3436 2177 3526 κτήσει
2211 3437 2373 3518 ξύν·-
