2602 3928
418 224 461 284 2
1145 227 1715 287 ΠΛΑΤΩΝΟΣ

418 393 583 471 οὖν,
630 378 722 505 ᾖν
753 385 817 453 δ’
859 384 1022 471 ἐγώ,
1065 391 1161 454 ἔτι
1202 394 1565 454 έλλείπεται
1609 392 1683 453 τὸ
1730 381 1817 472 ἦν
1859 396 2188 474 πείσωμεν
2236 386 2432 476 ὑμᾶς,

364 525 369 529 ·
419 479 508 563 ὡς
533 481 654 569 χρὴ
676 480 848 569 ἡμᾶς
868 481 1174 568 άφεῖναις
1198 476 1287 552 H
1298 486 1408 551 καὶ
1430 482 1738 551 δύναισθ’
1771 513 1893 572 αν,
1921 515 1963 573 η
1943 479 2055 553 ’δ’
2080 485 2182 572 ὅς,
2212 501 2433 555 πεῖσαι·

417 579 504 669 μὴ
543 579 948 664 ἀκούονταςς
991 580 1354 668 Οὐδαμῶς,
1401 587 1528 668 ἔφη
1571 578 1607 648 6
1635 585 1983 652 Γλαύκων.
2047 584 2164 664 Ὡς
2195 592 2433 653 τοίνυν

417 677 505 765 μὴ
540 676 1047 765 ἀκουσομένων,
1091 676 1269 746 οὕτω
1304 683 1702 745 διανοεῖσθε.
1768 683 1878 748 καὶ
1923 678 1958 748 6
1988 680 2430 804 Ἀδείμαντος,

276 795 384 853 328
414 770 576 863 Αρά
600 803 710 862 γε,
744 771 794 861 ἦ
826 774 891 843 δ’
920 776 1027 862 ὅς,
1070 774 1219 843 οὐδ’
1245 787 1385 845 ἴστε
1418 774 1519 842 ὅτι
1540 775 1800 862 λαμπὰς
1834 783 2015 846 ἔσται
2048 777 2216 863 πρὸς
2238 782 2432 846 ἕσπέ-

420 899 549 957 ραν
570 871 679 959 ἀφ’
703 877 926 940 ἵππων
946 881 1025 962 τῇ
1048 882 1224 963 θεῷ;
1255 870 1388 959 Ἀφ’
1411 877 1669 954 ἴππων;
1700 867 1788 960 ἦν
1811 872 1874 941 δ’
1903 875 2061 961 ἐγώ·
2095 878 2334 944 καινόν
2352 903 2430 962 γε

415 978 636 1041 τοῦτο.
670 970 1009 1055 λαμπάδια
1041 976 1300 1056 ἔχοντες
1330 970 1781 1038 διαδώσουσιν
1808 970 2115 1059 άλλήλοις
2137 973 2432 1059 ἁμιλλώ-

417 1094 610 1155 μενοι.
637 1081 773 1145 τοΐς
793 1071 1045 1147 ἵπποις;
1080 1063 1286 1154 ἦπῶς
1312 1071 1551 1153 Mysum
1575 1067 1839 1153 Οὕτως,
1865 1076 1992 1157 ἔφη
2017 1070 2053 1137 6
2077 1075 2430 1157 Πολέμαρ-

415 1192 529 1252 χος
548 1192 562 1207 ·
594 1167 705 1232 καὶ
735 1166 904 1248 πρός
944 1192 1018 1250 γε
1054 1171 1429 1251 παννυχίδα
1457 1167 1889 1251 ποιήσουσιν,
1930 1166 2018 1254 ἢν
2049 1169 2238 1249 ἄξιον
2257 1168 2430 1237 θεά-

418 1273 685 1331 σασθαι.
726 1266 1308 1351 ἐξαναστησόμεθα
1357 1261 1486 1349 γὰρ
1525 1262 1686 1349 μετὰ
1727 1262 1801 1332 τὰ
1851 1269 2125 1334 δεῖπνον
2165 1269 2274 1334 καὶ
2303 1264 2429 1353 τὴν

417 1365 789 1446 παννυχίδα
830 1362 1222 1448 θεασόμεθα
1260 1364 1370 1430 καὶ
1413 1360 1832 1446 ξυνεσόμεθά
1875 1389 1946 1430 τε
1985 1373 2256 1443 πολλοῖς
2289 1372 2429 1432 τῶν

345 1479 390 1530 Β
416 1463 590 1528 νέων
623 1457 870 1527 αὐτόθι
889 1463 997 1527 καὶ
1022 1461 1478 1546 διαλεξόμεθα.
1516 1458 1684 1528 ἀλλά
1706 1464 1935 1545 μένετε
1957 1463 2064 1528 καὶ
2095 1459 2184 1548 μὴ
2209 1461 2426 1539 ἄλλως

417 1573 679 1627 ποιεῖτε.
730 1561 840 1626 καὶ
875 1556 910 1626 6
954 1560 1317 1644 Γλαύκων,
1348 1557 1642 1640 ’Ἐοικεν,
1688 1564 1847 1644 ἔφη,
1884 1561 2195 1645 μενετέον
2232 1558 2421 1627 εἶναι.

412 1655 577 1725 Ἀλλ’
602 1664 663 1726 εἰ
683 1662 895 1743 δοκεῖ,
924 1650 1015 1745 ἦν
1038 1655 1100 1723 δ’
1132 1658 1263 1742 ἐγώ
1278 1708 1294 1739 ,
1328 1655 1505 1724 οὕτω
1522 1656 1646 1744 χρὴ
1671 1672 1907 1725 ποιεῖν.

587 1762 660 1823 Π.
696 1750 931 1843 Ἦιμεν
960 1749 1089 1824 οὖν
1127 1759 1353 1824 οἴκαδε
1377 1762 1468 1836 εἰς
1489 1763 1611 1823 τοῦ
1644 1754 2116 1842 Πολεμάρχου,
2139 1759 2250 1824 καὶ
2282 1768 2424 1824 Λυ-

417 1865 571 1925 σίαν
604 1883 674 1924 τε
708 1854 950 1924 αὐτόθι
988 1856 1439 1941 κατελάβομεν
1482 1857 1593 1922 καὶ
1623 1852 2071 1939 Εὐθύδημον,
2114 1853 2271 1934 τοὺς
2302 1863 2426 1924 τοῦ

414 1955 855 2040 Πολεμάρχου
876 1950 1210 2038 ἀδελφούς
1223 2005 1242 2036 ,
1266 1955 1377 2021 καὶ
1399 1950 1479 2040 δὴ
1504 1955 1614 2021 καὶ
1634 1953 2082 2039 Θρασύμαχον
2102 1952 2224 2021 τὸν
2241 1959 2418 2024 Χαλ-

302 2085 309 2091 ·
415 2053 738 2140 κηδόνιον
788 2053 896 2119 καὶ
938 2055 1412 2136 Χαρμαντίδην
1451 2048 1572 2116 τὸν
1619 2055 1945 2117 Παιανιέα
1999 2054 2109 2118 καὶ
2151 2058 2425 2119 Κλειτο-

415 2158 648 2236 φῶντα
669 2146 791 2216 τὸν
808 2147 1305 2232 Ἀριστωνύμου
1322 2172 1337 2186 ·
1372 2140 1459 2233 ἦν
1491 2144 1552 2214 δ’
1580 2152 1782 2215 ἔνδον
1801 2149 1912 2215 καὶ
1943 2145 1981 2216 6
2002 2147 2219 2234 πατὴρ
2242 2146 2279 2216 6
2301 2155 2424 2217 τοῦ

413 2246 853 2333 Πολεμάρχου
887 2248 1212 2330 Κέφαλος.
1283 2247 1393 2314 καὶ
1426 2246 1601 2331 μάλα
1640 2246 2016 2332 πρεσβύτης
2047 2272 2159 2331 μοι
2202 2250 2426 2325 ἔδοξεν

349 2374 388 2424 G
430 2344 628 2414 εἶναι·
675 2342 784 2411 διὰ
819 2342 1072 2428 χρόνου
1102 2340 1232 2427 γάρ
1273 2344 1383 2411 καὶ
1412 2343 1669 2429 ἑωράκη
1713 2341 1938 2438 αὐτόν.
2003 2350 2303 2429 καθῆστο
2352 2345 2426 2410 δὲ

415 2443 957 2529 ἐστεφανωμένος
997 2443 1321 2528 ἐπςτινος
1344 2448 1888 2526 προσκεφαλαίου
1909 2467 1978 2509 τε
2013 2443 2119 2507 καὶ
2144 2445 2419 2525 δίφρου·

414 2538 718 2617 τεθυκως
756 2535 890 2623 γὰρ
938 2535 1297 2628 ἐτύγχανεν
1336 2542 1412 2605 ἐν
1443 2547 1524 2626 τῇ
1559 2536 1748 2625 αὐλῇ.
1798 2538 2252 2624 ἐκαθεζόμεθα
2294 2529 2423 2604 ουν

418 2637 579 2722 παρ’
609 2636 847 2704 αὐτόν
871 2641 1121 2704 ἔκειντο
1143 2633 1273 2721 γὰρ
1299 2640 1524 2722 δίφροι
1546 2635 1719 2713 τινες
1739 2633 1984 2702 αὐτόθι
2013 2634 2254 2718 κύκλῳ.
2310 2629 2423 2699 εὐ-

415 2731 551 2813 θυς
583 2761 712 2802 ουν
754 2760 836 2819 με
875 2730 1042 2802 ἰδων
1086 2731 1122 2801 6
1157 2736 1467 2817 Κέφαλος
1497 2730 1823 2818 ἠσπάζετό
1860 2757 1931 2798 τε
1980 2734 2092 2799 καὶ
2143 2730 2325 2798 εἶπεν
2345 2721 2423 2795 Ὦ

416 2832 803 2950 Σώκρατες,
836 2831 994 2900 οὐδὲ
1019 2838 1321 2918 θαμίζεις
1346 2829 1507 2918 ημῖν
1539 2836 1959 2917 καταβαίνων
1994 2835 2085 2907 εἰς
2112 2827 2233 2896 τὸν
2260 2835 2421 2896 Πει-

416 2936 569 3013 ραιᾶ
586 2955 599 2968 ·
635 2937 804 3015 χρῆν
822 2932 1064 3016 μέντοι.
1105 2935 1166 2997 εἰ
1184 2930 1309 3015 μὲν
1342 2954 1470 3013 γαρ
1494 2925 1621 3014 ἐγω
1657 2934 1751 2996 ἔτι
1776 2931 1850 2995 ἐν
1870 2928 2152 3013 δυνάμει
2184 2951 2274 3013 ην
2302 2930 2421 2991 τοῦ

414 3029 659 3114 ῥᾳδίως
680 3027 1088 3109 πορεύεσθαι
1108 3023 1275 3109 πρὸς
1301 3022 1376 3093 τὸ
1401 3024 1603 3111 ἄστυ,
1629 3022 1832 3092 οὐδὲν
1853 3022 1943 3090 ἄν
1970 3043 2046 3090 σε
2068 3025 2198 3090 ἔδει
2222 3027 2420 3104 δεῦρο

415 3126 616 3209 ἰέναι,
658 3121 808 3191 ἀλλ’
852 3121 1039 3210 ἡμεῖς
1070 3119 1160 3191 ἂν
1194 3121 1374 3208 παρὰ
1411 3123 1485 3190 σὲ
1520 3115 1719 3210 ᾖμεν·
1763 3129 1895 3190 νῦν
1929 3123 2008 3189 δέ
2036 3141 2111 3188 σε
2133 3118 2255 3206 χρὴ
2292 3144 2422 3185 πυ-

342 3247 387 3299 1)
420 3219 741 3303 κνότερον
761 3224 962 3303 δεῦρο
986 3223 1154 3289 ἰέναι
1171 3246 1186 3260 ·
1211 3218 1300 3298 ὡς
1323 3213 1402 3287 εὖ
1424 3229 1570 3288 ἴσθι
1594 3218 1697 3287 ὅτι
1712 3225 1953 3305 ἔμοιγε,
1976 3217 2142 3285 ὅσον
2164 3222 2236 3285 αἰ
2255 3213 2418 3285 κατὰ

413 3320 487 3389 τό
523 3329 711 3408 σῶμα
741 3320 976 3408 ἡδοναὶ
1005 3322 1610 3407 ἀπομαραίνονται,
1654 3328 1981 3388 τοσοῦτον
2015 3316 2328 3399 αὔξονται
2355 3321 2422 3386 αἰ

419 3446 567 3506 περι
600 3421 756 3500 τούς
779 3422 1019 3509 λόγους
1050 3425 1398 3506 ἐπιθυμίαι
1419 3447 1490 3489 τε
1519 3423 1631 3489 καὶ
1660 3417 1915 3507 ἡδοναί.
1948 3419 2037 3506 μὴ
2063 3412 2192 3486 οὖν
2213 3417 2423 3497 ἄλλως
