2602 3928
7 216 14 341 ἱ

7 344 14 453 Ι

7 480 14 581 Ι

880 226 943 282 Π
964 225 1465 283 οΛΙΤΕΙΛΣ
1505 220 1574 301 η’.
2093 223 2218 286 243

212 406 365 461 τους
385 385 604 461 ένίους
625 383 750 467 μὲν
771 381 997 450 αὐτῶν
1016 379 1398 467 ἀκέντρους,
1421 386 1640 461 ένίους
1665 385 1734 451 δὲ
1756 387 1945 451 δεινὰ
1976 387 2083 451 κέι
2100 411 2218 472 τρα
2311 452 2317 457 ,
2392 427 2408 471 j'

212 485 507 565 ἔχοντας;
551 482 662 549 καὶ
684 483 757 549 ἐκ
778 483 901 567 μὲν
918 487 1055 548 τῶν
1085 477 1427 565 ἀκέντρων
1447 484 1689 566 πτωχοὶ
1721 480 1890 568 πρὸς
1910 482 1989 549 τὰ
2009 489 2215 568 γῆρας

207 585 641 665 τελευτῶσιν,
678 581 751 646 ἐκ
796 581 870 646 δὲ
898 586 1034 646 τῶν
1071 581 1627 663 κεκεντρωμένων
1658 578 1898 657 πάντες
1932 578 2077 648 ὅσοι
2109 582 2222 648 κέ-
2255 595 2301 645 D

208 685 485 763 κληνται
500 685 894 762 κακοῦργοι;
927 676 1393 764 Ἀληθέστατα,
1417 669 1570 763 ἔφη.4
1609 679 1844 764 Δῆλον
1863 676 2015 762 ἄρα,
2037 671 2126 764 ἦν
2151 675 2212 744 δ’

210 775 371 859 ε’γῶ,
392 778 466 843 ἐν
486 773 699 859 πόλει,
723 766 811 842 οὗ
828 771 916 843 ἄν
937 779 1078 862 ἴδῃς
1098 773 1425 859 πτωχούς,
1451 772 1555 841 ὅτι
1588 780 1715 842 εἰσί
1735 799 1869 842 που
1901 777 1974 842 έν
2003 776 2219 865 τούτῳ

210 878 301 961 τῷ
321 872 507 961 τόπῳ
544 869 1120 958 ἀποκεκρυμμένοι
1153 875 1424 939 κλέπται
1455 897 1526 939 τε
1559 873 1670 939 καὶ
1700 873 2218 958 βαλαντιατόμοι

209 970 318 1036 καὶ
345 969 681 1054 ἱερόσυλοι
700 972 811 1051 καὶ
833 968 1107 1054 πάντων
1129 975 1266 1036 τῶν
1288 968 1609 1036 τοιούτων
1632 976 1858 1036 κακῶν
1892 964 2216 1057 δημιουρ-ὲ

207 1071 329 1151 γοί.
369 1074 620 1153 Δῆλον,
657 1059 823 1154 ἔφη,
856 1073 940 1133 Τί
975 1059 1139 1146 οὖν;
1183 1070 1257 1133 έν
1297 1081 1436 1145 ταῖς
1470 1065 2052 1152 ὀλιγαρχουμέναις
2088 1066 2216 1133 πό-

214 1172 354 1231 λεσι
378 1161 677 1250 πτωχοῦς
699 1162 827 1249 οὐχ
845 1162 1005 1252 ὁρᾷς
1026 1163 1334 1245 ένόντας;
1369 1161 1629 1248 Ὀλίγου
1649 1163 1741 1248 γ’,
1780 1170 1930 1250 ἔφη,
1963 1164 2218 1243 πάντας

212 1263 368 1340 τούς
390 1261 573 1341 ἐκτὸς
605 1269 743 1330 τῶν
774 1259 1136 1348 ἀρχόντων.
1192 1258 1314 1345 Μὴ
1351 1255 1477 1328 οὖν
1510 1261 1812 1347 οἰόμεθα,
1847 1267 2017 1348 ἔφην
2060 1262 2211 1347 ἐγώ,
2249 1280 2290 1330 Ε

207 1360 319 1427 καὶ
340 1358 757 1444 κακούργους
782 1359 1072 1444 πολλοὺς
1093 1361 1167 1425 ἐν
1202 1355 1431 1436 αὐταῖς
1453 1357 1620 1425 εἶναι
1655 1362 1894 1444 κέντρα
1927 1364 2214 1445 ἔχοντας,

207 1453 326 1534 οὓς
345 1459 679 1545 ἐπιμελείᾳ
699 1463 814 1545 βίᾳ
835 1460 1224 1542 κατέχουσιν
1251 1461 1323 1524 αι’
1341 1453 1539 1542 ἀρχαί
1547 1485 1566 1537 3
1602 1457 1900 1542 Οίόμεθα
1923 1458 2044 1543 μὲν
2066 1450 2235 1543 οὖν,

207 1559 355 1640 ἔφη.
385 1546 521 1637 Ἆρ’
548 1547 675 1621 οὖν
710 1552 792 1622 οὐ
827 1551 913 1623 δι’
957 1553 1395 1622 ἀπαιδευσίαν
1427 1556 1535 1620 καὶ
1567 1556 1783 1640 κακὴν
1815 1555 2074 1640 τροφὴν
2107 1558 2218 1623 καὶ

211 1652 615 1719 κατάστασιν
648 1660 763 1739 τῆς
807 1660 1131 1730 πολιτείας
1175 1652 1478 1737 φήσομεν
1524 1650 1684 1732 τοὺς
1716 1654 2061 1732 τοιούτους
2092 1653 2219 1720 αὐ-

212 1744 848 1834 τόθιέγγίγνεσθαις
894 1751 1225 1835 Φήσομεν.
1264 1746 1438 1818 Ἀλλ’
1464 1741 1597 1817 οὖν’
1615 1748 1694 1836 δὴ
1718 1750 1988 1836 τοιαύτη
2022 1755 2106 1837 γέ
2121 1778 2218 1831 τις

205 1872 298 1913 αν
320 1854 418 1932 εἴη
441 1843 482 1932 ἡ
506 1843 1029 1934 ὀλιγαρχουμένη
1063 1846 1278 1926 πόλις
1283 1849 1393 1916 καὶ
1421 1856 1712 1916 τοσαῦτα
1745 1847 1920 1917 κακὰ
1957 1853 2216 1936 ἔχουσα,

205 1954 367 2025 ἴσως
397 1946 471 2014 δὲ
492 1949 597 2015 καὶ
622 1951 844 2015 πλείω.
886 1947 1145 2038 Σχεδόν
1168 1975 1250 2033 τι,
1274 1951 1422 2066 ἔφη.
1461 1944 1917 2033 Ἀπειργάσθω
1953 1946 2091 2034 δὴ“
2055 1962 2216 2034 ημῖν
2249 1966 2350 2020 553

202 2046 313 2111 καὶ
336 2042 525 2130 αὕτη,
549 2037 637 2130 ἦν
660 2042 722 2111 δ’
756 2043 965 2130 ἐγῶ,”
931 2072 973 2132 η
998 2052 1311 2129 πολιτεία,
1344 2042 1434 2129 ἣν
1464 2045 1849 2131 ὀλιγαρχίαν
1869 2052 2213 2131 καλοῦσιν,

202 2144 275 2210 ἐκ
296 2139 679 2227 τιμημάτων
699 2145 939 2226 ἔχουσα
959 2141 1117 2219 τούς
1138 2141 1476 2227 ἄρχοντας.
1521 2139 1642 2209 τὸν
1657 2141 1729 2211 δὲ
1749 2142 1958 2230 ταύτῃ
1980 2168 2216 2229 ομοιον

202 2235 366 2325 μετὰ
389 2245 594 2305 ταῦτα
623 2247 996 2323 σκοπῶμεν,
1034 2236 1124 2316 ῶς
1157 2263 1225 2305 τε
1258 2245 1550 2324 γίγνεται
1584 2234 1721 2318 οἷός
1755 2264 1825 2305 τε
1859 2240 2217 2326 γενόμενος

207 2343 404 2404 ἔστιν.
447 2335 646 2403 Πάνυ
667 2338 791 2421 μὲν
808 2361 975 2457 ουν,
993 2340 1139 2422 ἔφη.

376 2438 527 2500 vm.
579 2425 718 2515 Αρ’
749 2459 879 2501 ουν
921 2424 1051 2500 ῶδε
1079 2431 1360 2519 μάλιστα
1399 2438 1490 2512 είς
1531 2431 1950 2518 ὀλιγαρχικὸν
1986 2436 2057 2501 έκ
2093 2442 2217 2502 τοῦ

195 2539 671 2617 τιμοκρατικοῦ
692 2533 953 2599 ἐκείνου
964 2531 1387 2617 μεταβάλλει·
1371 2580 1388 2611 ,
1413 2537 1601 2608 Πῶς·
1585 2579 1603 2611 ,
1622 2528 1826 2598 Ὅταν
1838 2527 2047 2598 αὐτοῦ
2063 2544 2217 2609 παῖς

200 2628 558 2716 γενόμενος
576 2626 653 2696 τὸ
677 2630 801 2714 μὲν
829 2636 1099 2715 πρῶτον
1118 2633 1301 2714 ζηλοῖ
1315 2653 1387 2696 τε
1407 2625 1527 2695 τὸν
1555 2629 1801 2708 πατέρα
1821 2629 1930 2695 καὶ
1951 2626 2031 2695 τὰ
2055 2630 2212 2718 ἐκεί·

149 2745 154 2748 ’
200 2752 329 2796 νου
370 2736 516 2812 ἴχνη
560 2725 792 2814 διώκῃ,
834 2732 1054 2795 ἔπειτα
1093 2722 1304 2793 αὐτὸν
1347 2729 1458 2812 ἴδῃ
1499 2728 1806 2812 ἐξαίφνης
1847 2733 2211 2794 πταίσαντα

200 2823 421 2908 ὥσπερ
444 2822 612 2908 πρὸς
633 2825 861 2910 ἕρματι
892 2822 1058 2907 πρὸς
1084 2832 1166 2911 τῇ
1182 2823 1391 2909 πόλει,
1416 2824 1531 2898 καὶ
1553 2825 1862 2908 ἐκχέαντα
1882 2822 1963 2891 τά
1984 2848 2055 2908 τε
2082 2820 2221 2908 αὖε
2244 2849 2284 2899 Β

197 2927 322 2988 τοῦ
352 2922 460 2987 καὶ
482 2922 739 3007 ἑαυτόν,
775 2918 821 3007 ἦ
855 2924 1401 3008 στρατηγήσαντα
1428 2919 1474 3007 ἤ
1502 2918 1632 2989 τιν’
1674 2919 1884 3007 ἄλλην
1918 2921 2214 3008 μεγάλην

196 3016 412 3105 ἀρχὴν
430 3018 740 3105 ἄρξαντα,
765 3019 902 3089 εἶτα
925 3027 1017 3110 είς
1049 3023 1479 3110 δικαστήριον
1507 3023 1898 3108 ἐμπεσόντα,
1920 3024 2214 3111 βλαπτό-

197 3144 407 3205 μενον
442 3116 573 3188 ὗπό
611 3130 1075 3207 συκοφαντῶν,
1120 3115 1165 3208 ἦ
1207 3121 1644 3191 ἀποθανόντα
1682 3114 1728 3207 ἦ
1770 3121 2131 3189 ἐκπεσόντα
2165 3114 2214 3207 ἦ

197 3215 616 3303 ἀτιμωθέντα
647 3221 758 3286 καὶ
790 3217 914 3304 τὴν
937 3217 1176 3287 οὐσίαν
1204 3219 1472 3287 ἅπασαν
1505 3217 1946 3304 ἀποβαλόντα.
2013 3220 2214 3297 Εἰκός

195 3310 290 3398 γ’,
317 3318 461 3400 ἔφη.
501 3312 687 3382 Ἰδῶν
715 3318 789 3382 δέ
813 3319 919 3400 γε,
938 3308 990 3382 ῶ
1011 3323 1182 3402 φίλε,
1212 3324 1417 3384 ταῦτα
1441 3318 1550 3383 καὶ
1569 3315 1812 3383 παθῶν
1835 3320 1946 3384 καὶ
1966 3315 2196 3385 ἀπολέ-

198 3431 317 3491 σας
337 3412 417 3480 τὰ
441 3411 601 3481 ὅντα
626 3417 865 3497 δείσας,
889 3412 1089 3500 οἶμαι,
1114 3412 1327 3495 εὐθὺς
1349 3417 1453 3483 ἐπὶ
1472 3414 1776 3500 κεφαλὴν
1800 3411 1970 3544 ῶῗεῖ
1992 3416 2064 3482 ἐκ
2087 3421 2215 3482 τοῦ

1771 3512 1837 3564 16
