2602 3928
233 160 238 167 ’
303 183 430 248 222
1036 186 1248 243 ΠΛΑ
1270 183 1612 243 ΤΩΝΟΣ

223 371 265 422 ιι
301 351 583 415 δοκοῦσι’
607 349 688 429 γέ
727 363 832 412 σοι
867 347 937 409 οἰ
962 346 1173 410 ταῦτα
1196 345 1403 411 δεινοὶ
1425 348 1813 412 διαλεκτικοὶ
1850 343 2036 412 εἶναι.
2086 339 2191 411 Οὔ
2225 341 2317 429 μὰ

297 442 415 511 τόν
441 438 554 510 Δί’
559 448 753 527 ,ἔφη,
784 446 845 509 εί
874 437 963 527 μὴ
985 441 1164 527 μάλα
1196 444 1278 526 γε’
1309 467 1481 520 τινες
1516 439 1729 525 ὀλίγοι
1753 430 1849 508 ῶν
1883 438 2014 526 έγῶ
2047 441 2316 509 ἐντετύο

295 567 481 628 χηκα.
521 536 693 608 Ἀλλ’
719 538 867 625 ἤδη,
893 537 1101 625 εἷπον,
1141 537 1231 626 μὴ
1254 544 1533 607 δυνατοί
1561 565 1735 618 τινες
1765 539 1953 619 όντες
1977 544 2224 607 δοῦναί
2247 564 2318 606 τε

300 641 411 708 καὶ
453 631 908 718 ἀποδέξασθαι
946 636 1153 725 λόγον
1175 647 1478 707 εἴσεσθαι
1511 642 1676 706 ποτέ
1696 664 1759 705 τι
1795 631 1891 706 ῶν
1924 636 2145 724 φαμὲν
2178 641 2316 705 δεῖν

158 750 261 805 532
305 741 583 818 εἰδέναι,
649 733 816 806 Οὐδ’
873 729 984 822 αὖ,
1044 741 1192 823 ἔφη,
1229 735 1428 805 τοῦτό
1480 761 1574 821 γε.
1663 732 1955 820 Οὐκοῦν,
2001 733 2211 820 εἷπον,
2265 761 2317 801 ω

299 837 652 922 Γλαύκων,
676 828 871 915 οὗτος
891 835 1020 923 ἤδη
1044 834 1247 915 αὐτός
1269 831 1502 903 ἐστιν’
1467 861 1504 901 ο
1530 832 1756 919 νόμος,
1792 830 1875 900 ὃν
1906 830 1979 900 τὰ
2023 833 2318 916 διαλέγε-

299 945 463 1005 σθαι
484 930 857 1022 περαίνεις
834 959 916 1001 ον
938 933 1110 1002 καὶ”
1072 959 1234 1001 οντα
1256 929 1505 1018 νοητὸν
1525 928 1774 1018 μιμοῖτ’
1797 927 1884 1000 ἀν
1903 928 1946 1018 ἡ
1968 939 2082 1018 τῆς
2104 929 2321 1011 ὅψεως

298 1036 601 1123 δύναμις,
637 1030 723 1119 ἣν
755 1034 1067 1118 ἐλέγομεν
1100 1029 1268 1114 πρὸς
1301 1028 1471 1098 αὐτὰ
1505 1028 1630 1116 ἤδη
1675 1027 1756 1097 τά
1801 1035 1934 1110 ζῶα
1975 1030 2320 1114 ἐπιχειρεῖν

300 1131 704 1220 ἀποβλέπειν
739 1132 849 1200 καὶ
888 1130 1055 1218 πρὸς
1093 1127 1263 1198 αὐτά
1307 1128 1518 1211 ἄστρα
1550 1154 1622 1196 τε
1661 1131 1773 1197 καὶ
1816 1136 2194 1196 τελευταῖον
2236 1127 2316 1212 δὴ

301 1231 469 1315 πρὸς
491 1226 701 1298 αὐτὸν
721 1226 843 1296 τὸν
865 1227 1075 1314 ἥλιον.
1120 1225 1294 1295 οὕτω
1317 1224 1489 1294 καὶ““’
1450 1252 1613 1295 οταν
1646 1253 1741 1306 τις
1763 1233 1855 1294 τῶ
1892 1227 2318 1311 διαλέγεσθαι

300 1331 611 1446 ἐπιχειρῇ,
648 1351 816 1394 ανευ
837 1333 1073 1394 πασῶν
1102 1333 1241 1394 τῶν
1270 1325 1652 1410 αἰσθήσεων
1689 1323 1796 1392 διά
1831 1331 1954 1392 τοῦ
1973 1324 2181 1408 λόγου
2206 1319 2316 1391 ἐπ’

299 1422 461 1492 αὐτὸ
487 1420 523 1492 ὃ
511 1422 725 1492 ἔστιν
742 1424 1023 1491 ἕκαστον
1058 1420 1257 1510 ὁρμᾷ,
1292 1415 1424 1488 κάν
1445 1418 1532 1507 μὴ
1562 1418 1841 1509 ἀποστῇ,
1864 1416 2089 1509 πρὶν“
2045 1449 2133 1489 αν
2155 1418 2315 1489 αὐτὸ

224 1541 264 1592 Β
299 1521 340 1591 ὸ
363 1528 541 1591 ἔστιν
564 1518 834 1607 ἀγαθὰν
860 1518 1035 1610 αὐτῇ
1056 1519 1283 1608 νοήσει
1316 1495 1506 1607 λάβῃ,
1545 1518 1650 1615 ἐπ’
1687 1515 1870 1610 αυτῷ
1900 1528 2195 1605 γίγνεται
2225 1529 2315 1588 τῶ

298 1629 422 1690 τοῦ
444 1647 692 1708 νοητου
667 1622 901 1705 τέλει,
927 1617 1149 1707 ῶσπερ
1172 1623 1420 1697 ἐκεῖνος
1439 1618 1589 1686 τότε
1621 1620 1725 1687 ἐπὶ
1762 1626 1857 1709 τῷ
1890 1626 2013 1686 τοῦ
2047 1616 2316 1707 ὁρατοῦ.

296 1720 695 1787 Παντάπασι
725 1717 849 1806 μὲν
881 1744 1030 1804 ουν,
1070 1723 1216 1805 ἔφη.
1270 1723 1354 1784 Τί
1380 1741 1538 1796 ουν;
1590 1742 1674 1783 ου
1706 1714 2122 1804 διαλεκτικὴν
2150 1716 2314 1784 ταύ-

297 1845 423 1906 την
452 1816 578 1905 τὴν
622 1824 899 1936 πορείαν
937 1825 1192 1897 nal-&tm
1242 1822 1326 1883 Τί
1363 1814 1532 1902 μήν;
1564 1811 1652 1881 Ἡ
1685 1815 1773 1881 δέ
1786 1840 1882 1901 γε,
1926 1807 2013 1901 ἦν
2057 1812 2120 1882 δ’
2167 1814 2318 1900 ἐγω,

300 1915 491 1994 λύσις
510 1939 581 1984 τε
614 1911 744 1982 ἀπὸ
768 1919 907 1982 τῶν
932 1917 1197 1999 δεσμῶν
1218 1914 1328 1982 καὶ
1352 1909 1772 2001 μεταστροφὴ
1796 1911 1927 1980 ἀπὸ
1949 1918 2087 1981 τῶν
2112 1919 2319 1982 σκιῶν

305 2016 410 2082 ἐπὶ
450 2010 532 2081 τὰ
567 2017 806 2081 εἴδωλα
830 2014 939 2079 καὶ
978 2008 1054 2079 τὸ
1093 2018 1238 2097 φῶς
1268 2013 1381 2080 καὶ
1411 2014 1485 2079 ἐκ
1522 2017 1646 2079 τοῦ
1679 2017 2034 2097 καταγείου
2070 2017 2161 2090 είς
2199 2011 2320 2080 τὸν

302 2108 498 2197 ἥλιον
530 2110 877 2194 ἐπάνοδος,
901 2110 1012 2177 καὶ
1032 2111 1170 2176 ἐκεῖ
1184 2106 1351 2194 πρὸς
1369 2108 1491 2195 μὲν
1513 2107 1592 2178 τὰ
1615 2110 1749 2189 ζῶά
1783 2136 1854 2178 τε
1873 2112 1985 2178 καὶ
2006 2107 2184 2196 φυτὰ
2207 2113 2318 2177 καὶ

224 2232 264 2283 c
300 2206 374 2278 τὸ
411 2216 535 2277 τοῦ
573 2204 769 2294 ἡλίου
813 2214 957 2294 φῶς
998 2205 1088 2275 ἔτ’
1134 2205 1468 2295 ἀδυναμία
1501 2212 1786 2295 βλέπειν,
1824 2206 1991 2292 πρὸς
2023 2211 2095 2276 δὲ
2127 2207 2208 2275 τὰ
2243 2212 2318 2276 ἐν

299 2304 502 2373 ὕδασι
545 2305 981 2392 φαντάσματα
1021 2314 1174 2374 θεῖα
1210 2307 1319 2373 καὶ
1341 2303 1530 2384 σκιάς
1560 2312 1696 2373 τῶν
1729 2304 1970 2391 ὄντων,
2006 2303 2156 2373 ἀλλ’
2193 2302 2319 2373 οὐκ

307 2402 602 2472 είδῶλων
625 2401 813 2483 σκιὰς
835 2400 925 2470 δι’
963 2403 1192 2490 ἑτέρου
1225 2404 1534 2471 τοιούτου
1556 2401 1779 2489 φωτὸς
1813 2400 1900 2482 ὥς
1929 2400 2096 2488 πρὸς
2128 2402 2321 2490 ἥλιον

304 2506 559 2585 κρίνειν
603 2497 1184 2588 ἀποσκιαζομένας,
1221 2507 1401 2569 πᾶσα
1443 2499 1609 2587 αὕτη
1652 2498 1694 2587 ἡ
1733 2509 2141 2588 πραγματεία
2183 2509 2322 2569 τῶν

302 2605 575 2685 τεχνῶν,
601 2596 680 2678 ἃς
702 2598 1089 2686 διήλθομεν,
1111 2599 1364 2686 ταύτην
1387 2605 1514 2686 ἔχει
1535 2597 1659 2686 τὴν
1673 2599 1963 2685 δύναμιν
1984 2601 2094 2667 καὶ
2117 2601 2321 2667 ἐπαν-

306 2694 576 2783 αγωγὴν
608 2703 732 2764 τοῦ
763 2704 1106 2784 βελτίστου
1140 2701 1213 2766 έν
1252 2705 1432 2786 ψυχῇ
1470 2695 1636 2784 πρὸς
1656 2696 1780 2783 τὴν
1800 2706 1923 2765 τοῦ
1945 2695 2221 2783 ἀρίστου
2244 2700 2320 2765 ἐν

304 2810 436 2874 τοῖς
471 2788 624 2863 οὖσι
655 2798 849 2881 θέαν,
888 2794 1112 2880 ῶσπερ
1156 2798 1304 2866 τότε
1344 2803 1467 2864 τοῦ
1505 2795 1925 2882 σαφεστάτου
1964 2799 2038 2862 ἐν
2069 2795 2322 2881 σώματι

221 2908 261 2957 D
302 2894 466 2977 πρὸς
479 2890 612 2979 ’τὴν
634 2900 756 2961 τοῦ
779 2895 1162 2980 φανοτάτου
1183 2899 1257 2964 ἐν
1279 2902 1376 2985 τῷ
1394 2897 1826 2980 σωματοειδεῖ
1850 2918 1922 2961 τε
1957 2896 2068 2961 καὶ
2102 2891 2321 2979 ὁρατῷ

301 2989 503 3080 τόπῳ.
546 2988 707 3075 Ἐγώ
743 2994 885 3076 μέν,
915 2995 1064 3079 ἔφη,
1099 2989 1502 3078 ἀποδέχομαι
1538 2990 1733 3059 οὕτω.
1790 2997 1908 3059 καί
1935 3016 2038 3059 τοι
2066 2989 2321 3058 παντά-

307 3094 475 3155 πασί
489 3090 568 3171 γέ
586 3113 700 3174 μοι
722 3091 909 3156 δοκεῖ
918 3088 1167 3176 χαλεποὶ
1189 3095 1314 3178 μὲν
1335 3087 1783 3175 ἀποδέχεσθαι
1806 3087 1993 3174 εἶναι,
2019 3087 2227 3156 ἄλλον
2251 3084 2318 3155 δ’

307 3179 397 3255 αὖ
418 3183 672 3269 τρόπον
692 3184 942 3271 χαλεπὰ
964 3184 1053 3274 μὴ
1076 3184 1538 3273 ἀποδέχεσθαι.
1586 3184 1766 3273 ὅμως
1789 3190 1868 3255 δέ
1881 3226 1969 3239 --
1990 3184 2074 3254 οὐ
2094 3184 2224 3272 γάρ
2251 3189 2320 3252 έν

303 3293 397 3373 τῷ
415 3289 551 3351 νῦν
571 3284 855 3371 παρόντι
875 3284 1089 3373 μόνον
1112 3284 1462 3369 ἀκουστέα,
1498 3281 1665 3353 ἀλλὰ
1702 3286 1813 3353 καὶ
1834 3277 2038 3364 αὖθις
2071 3282 2322 3351 πολλά-

305 3408 406 3463 κις
433 3383 778 3451 ἐπανιτέον
799 3423 885 3441 --
903 3390 1115 3453 ταῦτα
1145 3388 1380 3464 θέντες
1413 3388 1583 3471 ἔχειν
1620 3380 1706 3463 ὥς
1742 3390 1875 3451 νῦν
1905 3384 2181 3467 λέγεται,
2213 3381 2321 3447 ἐπ’
