2602 3928
910 239 1581 325 HOAITEIASy'.
2181 244 2260 310 77

257 406 414 476 οὐδέ
434 432 535 475 τοι
555 401 903 490 ὑποκριταὶ
929 408 1269 494 κωμφδοτς
1300 429 1372 472 τε
1406 407 1518 472 καὶ
1550 411 1909 492 τραγῳδοῖς
1940 410 2010 476 οἱ
2034 403 2254 476 αὐτοί·
2293 439 2333 489 B

256 507 471 574 πάντα
494 507 572 571 δέ
602 508 808 571 ταῦτα
842 499 1197 588 μιμήματα.
1261 497 1307 586 ἦ·
1349 500 1436 569 οὔ
1447 530 1468 583 3
1526 504 1914 591 Μιμήματα.
2002 507 2134 573 Καὶ
2165 509 2262 573 ἔτι

256 630 332 688 γε
373 603 664 687 τούτων,
713 592 767 668 αἶ
798 598 1200 686 Ἀδείμαντε,
1238 604 1558 682 φαίνεταί
1590 625 1705 686 μοι
1739 606 1829 679 είς
1862 600 2259 686 σμικρότερα

257 695 997 786 κατακεκερματίσθαιὴ
1019 703 1141 765 τοῦ
1162 693 1535 782 ἀνθρώπου
1557 697 1791 783 φύσις,
1816 696 1977 767 ὥστ’
2008 696 2262 767 άδυνα-

258 825 368 877 τος
388 797 559 866 εἶναι
578 794 787 865 πολλὰ
810 803 1027 875 καλῶς
1048 803 1409 880 μιμεῖσθαι,
1432 793 1478 880 ἢ
1497 794 1665 863 αὐτὰ
1687 799 1906 866 ἐκεῖνα
1926 796 2258 883 πράττειν,

260 889 359 1018 (ἓν
382 895 463 981 δὴ
484 893 692 964 καὶτὰ
712 893 1050 980 μιμήματά
1072 895 1250 959 ἐστιν
1271 889 1767 981 ἆφομοιῶματα.
1801 892 2257 980 Ἀληθέστατα,

256 1021 297 1081 η
335 991 401 1060 δ’
438 993 526 1070 δ’ς.

423 1095 578 1159 vlu.
664 1094 751 1159 Εἰ
770 1086 901 1171 ἄρα
921 1085 1042 1154 τὸν
1071 1094 1337 1170 πρῶτον
1372 1086 1579 1171 λόγον
1610 1089 2063 1177 διασώσομεν,
2106 1088 2264 1168 τοὺς

254 1189 559 1275 φύλακας
575 1186 732 1274 ἡμῖν
752 1193 887 1253 τῶν
906 1183 1127 1255 ἄλλων
1147 1192 1382 1255 πασῶν
1401 1189 1851 1273 δημιουργιῶν
1863 1187 2263 1276 ἀφειμένους

260 1293 397 1355 δεῖν
419 1285 588 1356 εἶναι
605 1281 1045 1371 δημιουργούς
1060 1286 1443 1371 ἐλευθερίας
1456 1291 1573 1370 τῆς
1589 1285 1845 1366 πόλεως
1866 1287 2047 1356 πάνυ
2069 1285 2260 1372 α’κρι-
2297 1310 2336 1363 c

257 1392 392 1472 βεῑς
402 1387 513 1453 καὶ
526 1385 733 1471 μηδὲν
746 1381 908 1450 ἄλλο
925 1379 1351 1467 ἐπιτηδεύειν,
1367 1380 1409 1448 δ’
1420 1408 1486 1450 τι
1502 1382 1594 1469 μὴ
1609 1388 1914 1463 είςτοῦτο
1928 1387 2135 1473 φέρει,
2150 1381 2260 1452 ού-

258 1482 371 1551 obv
385 1481 465 1568 δὴ
487 1475 680 1555 δέοι
636 1505 722 1547 αν
733 1474 981 1557 αὐτοὺς
996 1476 1158 1547 αλλο
1171 1478 1482 1563 πράττειν
1495 1476 1653 1549 οὐδὲ
1667 1492 2038 1602 μιμεῖσθαι
2054 1482 2175 1550 ἐὰν
2188 1481 2261 1549 δὲ

256 1587 582 1666 μιμῶνται
598 1627 617 1662 ,
672 1586 1016 1663 μιμεῖσθαι
1057 1573 1138 1643 τὰ
1187 1576 1446 1655 τούτοις
1481 1577 1903 1663 προσήκοντα
1943 1575 2154 1657 εὐθὺς
2187 1582 2261 1647 ἐκ

260 1680 547 1759 παίδων,
591 1671 964 1760 ἀνδρείους,
999 1671 1386 1760 σώφρονας,
1411 1669 1671 1760 ὁσίους,
1694 1678 2122 1762 ἐλευθέρους,
2151 1678 2263 1744 καὶ

260 1773 341 1839 τὰ
387 1780 655 1839 τοιαῦτα
695 1771 939 1855 πάντα,
991 1768 1073 1837 τοὶ
1111 1769 1182 1838 δὲ
1216 1766 1631 1854 ανελεύθερα
1667 1771 1831 1858 μήτε
1865 1785 2079 1841 ποιεῢν
2099 1773 2263 1860 μήτε

259 1867 522 1947 δεινοὺς
542 1867 710 1936 εἶναι
729 1868 1174 1954 μιμήσασθαι,
1198 1871 1363 1954 μηδὲ
1383 1865 1546 1937 αλλο
1569 1873 1775 1957 μηδὲν
1795 1879 1932 1937 τῶν
1952 1875 2260 1957 αἰσχρῶν,

254 1974 368 2038 ἵνα
398 1967 487 2055 μὴ
519 1971 592 2036 ἐκ
625 1974 741 2054 τῆς
777 1964 1105 2054 μιμήσεως
1150 1975 1274 2034 τοῦ
1318 1964 1486 2036 εἶναι
1531 1962 2017 2038 ἀπολαύσωσιν.
2060 1963 2105 2055 ἢ
2138 1962 2263 2036 οὐκ

254 2066 580 2156 ᾔσθησαι,
626 2063 729 2132 ὅτι
750 2068 825 2132 αἰ
837 2064 1166 2150 μιμήσεις,
1199 2064 1320 2132 ἐὰν
1339 2069 1412 2133 ἐκ
1437 2070 1612 2133 νέων
1631 2066 1863 2152 πόρρω
1878 2070 2263 2135 διατελέσω-
2300 2089 2342 2138 D

255 2185 395 2251 σιν,
426 2169 518 2242 εἰς
548 2167 675 2248 ἔθη
693 2187 765 2229 τε
790 2163 901 2230 καὶ
921 2164 1132 2247 φύσιν
1149 2170 1587 2230 καθίστανται
1605 2163 1901 2232 καὶκατὰ
1930 2170 2121 2248 σῶμα
2152 2164 2265 2231 καὶ

258 2259 489 2348 φωνὰς
510 2262 622 2328 καὶ
643 2257 807 2327 κατὰ
833 2260 955 2344 τὴν
980 2260 1319 2342 διάνοιαν;
1355 2261 1488 2329 Καὶ
1507 2260 1717 2346 μάλα,
1741 2253 1786 2346 ἦ
1807 2259 1872 2327 δ’
1896 2259 1988 2338 ὅς.
2055 2257 2159 2327 Οὐ
2180 2257 2261 2347 δὴ

257 2363 726 2445 ἐπιτρέψομεν,
777 2351 868 2445 ἦν
910 2359 972 2425 δ’
1010 2360 1140 2444 ἐγώ
1155 2411 1173 2444 ,
1218 2350 1317 2427 ῶν
1348 2361 1568 2446 φαμὲν
1600 2359 1926 2446 κήδεσθαι
1968 2362 2080 2428 καὶ
2125 2364 2265 2429 δεῖν

259 2456 507 2537 αὐτοὺς
549 2457 799 2539 ἄνδρας
840 2453 1142 2541 ἀγαθοὺς
1183 2462 1532 2542 γενέσθαι,
1585 2472 1868 2542 γυναῖκα
1921 2467 2265 2545 μιμεῖσθαι

262 2558 510 2644 ἄνδρας
537 2555 766 2640 ὄντας,
806 2550 849 2641 ἢ
872 2556 1034 2623 νέαν
1054 2550 1097 2640 ἢ
1118 2557 1610 2643 πρεσβυτέραν,
1634 2551 1679 2641 ἢ
1698 2555 1892 2642 ἀνδρὶ
1912 2560 2264 2643 λοιδορου-

140 2685 147 2692 ²
258 2660 470 2744 μένην
487 2650 532 2742 ἦ
552 2652 717 2737 πρὸς
735 2652 943 2731 θεοὺς
974 2653 1323 2737 ἐρίζουσάν
1355 2680 1425 2723 τε
1465 2656 1576 2723 καὶ
1616 2657 2263 2741 μεγαλαυχουμένην,

258 2757 572 2839 οἰομένην
593 2748 956 2838 εὐδαίμονα
977 2749 1175 2836 εἶναι,
1200 2745 1246 2838 ἦ
1266 2754 1342 2819 ἐν
1366 2755 1731 2838 ξυμφοραῖς
1749 2778 1821 2819 τε
1853 2753 1963 2820 καὶ
1983 2754 2265 2820 πένθεσι

261 2854 369 2920 καὶ
386 2851 667 2936 θρήνοις
688 2851 1010 2936 ἐχομένην
1024 2873 1039 2889 ·
1062 2850 1455 2935 κάμνουσαν
1475 2848 1547 2918 δὲ
1567 2844 1613 2936 ἦ
1633 2853 1894 2937 ἐρῶσαν
1912 2843 1959 2934 ἦ
1978 2845 2263 2916 ῶδίνου·
2300 2871 2341 2921 Ε

260 2969 387 3017 σαν
410 2954 664 3016 πολλοῦ
683 2948 795 3015 καὶ
819 2947 1160 3033 δεήσομεν.
1246 2947 1637 3016 Παντάπασι
1659 2947 1782 3033 μὲν
1806 2939 1967 3032 οὖν,
2010 2938 2056 3033 ἦ
2078 2943 2145 3014 δ’
2167 2943 2260 3025 ὅς.

266 3046 446 3115 Οὐδέ
463 3071 539 3130 γε
560 3046 805 3124 δούλας
823 3070 895 3113 τε
928 3048 1040 3113 καὶ
1076 3047 1361 3125 δούλους
1382 3047 1790 3131 πράττοντας
1820 3046 1947 3114 ὅσα
1980 3043 2260 3114 δούλων.

266 3142 443 3213 Οὐδὲ
464 3150 679 3211 τοῦτο.
774 3139 959 3210 Οὐδέ
974 3169 1050 3228 γε
1072 3142 1321 3228 ἄνδρας
1343 3143 1622 3228 κακούς,
1659 3139 1747 3220 ῶς
1765 3146 1938 3211 ἔοικε
1952 3192 1972 3228 ,
2008 3142 2266 3221 δειλούς

262 3268 331 3311 τε
355 3241 465 3310 καὶ
484 3239 565 3307 τὰ
588 3243 854 3307 ἐναντία
874 3238 1284 3324 πράττοντας
1305 3231 1403 3308 ῶν
1423 3247 1555 3308 νῦν
1590 3237 1670 3326 δὴ
1710 3248 2014 3326 εἴπομεν,
2058 3266 2265 3325 κακη-

260 3335 631 3426 γοροῦντάς
650 3362 721 3404 τε
752 3338 863 3404 καὶ
896 3343 1385 3459 κωμῳδοῦντας
1416 3335 1745 3424 ἀλλήλους
1773 3339 1885 3405 καὶ
1918 3343 2268 3422 αἰσχρολο-

263 3446 581 3523 γοῦντας,
617 3435 994 3520 μεθύοντας
1014 3462 1055 3522 η
1029 3426 1189 3505 ”uod
1210 3436 1579 3524 νήφοντας,
1620 3430 1667 3522 ἦ
1699 3437 1808 3502 καὶ
1841 3435 2009 3502 ἄλλα
2042 3432 2163 3501 ὅσα
2201 3438 2271 3501 oc
2297 3450 2399 3507 396
