2602 3928
344 221 467 285 190
1098 222 1668 281 HAATszNOZ

344 377 676 468 ἐμποιοῖεν
689 380 1167 467 ξυμμιγνύντες
1187 406 1258 447 τε
1281 384 1391 448 καὶ
1413 381 1856 465 κεραννύντες
1879 385 1952 450 ἐκ
1973 392 2111 452 τῶν
2133 387 2356 472 ἐπιτη-

345 481 689 567 δευμάτων
723 478 798 547 τὸ
834 476 1283 562 ἀνδρείκελον,
1319 474 1438 545 ἀπ’
1474 482 1734 547 ἐκείνου
1765 480 2290 569 τεκμαιρόμενοι,
2316 480 2355 549 ὅ

342 577 421 666 δὴ
446 576 592 647 καὶ“
580 587 843 665 Ομηρος
865 579 1174 645 ἐκάλεσεν
1205 579 1280 644 ἐν
1311 589 1447 655 τοϊς
1470 574 1861 660 ἀνθρώποις
1880 578 2356 699 ἐγγιγνόμενον

340 680 633 756 θεοειδές
655 701 727 744 τε
748 677 857 744 καὶ
878 680 1275 744 θεοείκελον.
1314 673 1585 759 Ὀρθῶς,
1613 678 1760 759 ἔφη.
1807 676 1939 742 Καὶ
1971 673 2045 741 τὰ
2084 674 2288 761 μὲν”’
2241 703 2351 761 αν,

274 793 311 845 G
348 774 547 862 οἶμαι,
570 777 994 858 ἐξαλείφοιεν,
1016 769 1091 838 τὸ
1124 771 1196 839 δὲ
1226 770 1429 838 πάλιν
1447 770 1944 856 ἐγγράφοιεν,”
1906 796 2027 850 εως
2058 771 2099 839 ό
2133 799 2196 840 τι
2228 773 2354 859 μά·-

342 881 531 942 λιστα
553 871 946 956 ’ἀνθρωπεια
978 869 1118 956 ἤθη
1155 873 1246 946 είς
1280 868 1448 936 ὅσον
1480 871 1807 954 ἐνδέχεται
1835 878 2127 956 θεοφιλῆ
2159 871 2353 956 ποιή-

345 991 547 1039 σειαν.
572 975 904 1054 Καλλίστη
928 975 1099 1052 γοῦν
1118 993 1227 1054 αν,
1252 964 1450 1052 ἔφη,’
1417 993 1456 1052 η
1478 964 1705 1053 γραφὴ
1729 971 2002 1052 γένοιτο.
2041 960 2177 1053 Αρ’
2203 961 2352 1054 οὖν,

341 1063 428 1157 ἦν
458 1067 519 1138 δ’
549 1068 700 1154 ε’γω,
725 1072 1050 1151 πείθομέν
1078 1090 1172 1154 πῃ
1198 1069 1518 1150 ἐκείνους,
1554 1063 1673 1145 οὓς
1706 1068 2209 1153 διατεταμένους
2234 1063 2350 1153 ἐφ’

338 1166 508 1255 ἡμᾶς
536 1173 805 1252 ἔφησθα
827 1166 1015 1250 ἰέναι,
1030 1161 1117 1242 ὡς
1136 1162 1435 1242 τοιοῦτός
1456 1168 1591 1233 ἐστι
1607 1171 1962 1235 πολιτειῶν
1983 1163 2350 1251 ζωγράφος,

341 1263 425 1334 ὃν
443 1261 579 1333 τότ’
604 1266 982 1350 ἐπῃνοῦμεν
1017 1258 1184 1345 πρὸς
1217 1259 1486 1345 αὐτούς,
1514 1258 1605 1328 δι’
1639 1258 1722 1329 ὂν
1751 1265 1993 1328 ἐκεῖνοι
2011 1263 2355 1347 ἐχαλέπαι·

341 1387 485 1447 νον,
512 1358 614 1429 ὅτι
636 1362 751 1438 τὰς
772 1358 995 1438 πόλεις
1014 1356 1197 1450 αὐτῷ
1219 1362 1682 1446 παρεδίδομεν,
1701 1364 1820 1426 καί
1832 1385 1895 1425 τι
1911 1365 2167 1444 μᾶλλον
2190 1356 2351 1425 αὐτὸ

342 1467 474 1527 νῦν
500 1455 859 1538 ἀκούοντες
884 1458 1331 1545 πραΰνονται;
1373 1459 1504 1525 Καὶ
1525 1457 1700 1525 πολύ
1729 1482 1825 1544 γε,
1847 1450 1893 1544 ἦ
1914 1454 1978 1524 δ’
2003 1454 2097 1541 ὅς,
2138 1462 2200 1525 εί
2218 1476 2343 1524 0·oe-

277 1586 315 1635 D
344 1564 733 1644 φρονοῦσιν.
773 1562 887 1643 Πῇ
919 1555 1049 1640 γάρ
1090 1554 1171 1642 δὴ
1204 1557 1471 1636 ἕξουσιν
1506 1553 2033 1642 ἀμφισβητῆσαι;
2071 1552 2350 1641 πότερον

340 1653 429 1741 μὴ
451 1662 573 1722 τοῦ
594 1652 784 1732 ὄντος
805 1679 875 1721 τε
898 1656 1007 1723 καὶ
1027 1652 1345 1741 ἀληθείας
1364 1650 1644 1739 ἐραστὰς
1679 1652 1849 1722 εἶναι
1879 1652 2037 1733 τούς
2072 1653 2351 1740 φιλοσό-

340 1780 545 1840 φους;
574 1751 863 1821 ’Ἄτοπον
900 1752 1081 1838 μέντ’
1123 1753 1229 1837 ἄν,
1274 1758 1427 1838 ἔφη,
1464 1760 1584 1837 εἴη.
1634 1749 1826 1819 Ἀλλὰ
1859 1749 1949 1838 μὴ
1981 1749 2106 1838 τὴν
2143 1752 2354 1838 φύσιν

342 1849 567 1920 αὐτων
610 1855 861 1920 οἰκείαν
902 1847 1069 1918 εἶναι
1110 1857 1231 1919 τοῦ
1275 1848 1571 1937 ἀρίστου,
1612 1845 1699 1938 ἢν
1737 1847 1925 1935 ἡμεῖς
1955 1849 2350 1937 διήλθομεν;

345 1947 523 2020 Ούδὲ
541 1956 758 2019 τοῦτο.
809 1953 894 2016 Τί
912 1951 1016 2027 δές
1058 1946 1183 2035 τὴν
1215 1949 1533 2035 τοιαύτην
1565 1955 1902 2034 τυχοῦσαν
1933 1954 2072 2015 των
2101 1969 2354 2034 προση-

340 2047 603 2115 κόντων
640 2045 1173 2131 ἐπιτηδευμάτων
1206 2043 1333 2113 ούκ
1366 2044 1635 2133 ἀγαθὴν
1665 2048 1900 2124 τελέως
1937 2049 2211 2115 ἔσεσθαι
2245 2047 2354 2113 καὶ

341 2144 719 2231 φιλόσοφον
741 2151 924 2226 εἴπερ
956 2139 1104 2209 τινὰ
1128 2139 1370 2228 ἅλληνς
1414 2139 1457 2229 ἦ
1486 2146 1783 2222 ἐκείνους
1805 2143 2048 2230 φήσειν
2073 2150 2348 2228 μᾶλλον,

273 2264 313 2313 Ε
339 2241 459 2322 οὒς
488 2240 671 2329 ἡμεῖς
691 2239 1157 2329 ἀφωρίσαμεν,
1208 2241 1312 2311 Οὐ
1349 2244 1583 2330 δήπου.
1618 2242 1759 2311 ”En
1793 2236 1922 2312 οῦν
1955 2239 2354 2329 ἀγριανοῦσι

339 2340 675 2425 λεγόντων
693 2338 904 2427 ἡμῶν,
931 2336 1050 2427 ὅτι,
1076 2343 1233 2429 πρὶν
1253 2336 1341 2409 άν
1362 2341 1615 2422 πόλεως
1649 2340 1723 2410 τὰ
1750 2340 2131 2428 φιλόσοφον
2162 2342 2354 2426 γένος
2414 2345 2425 2354 ’

340 2437 644 2524 ἐγκρατὲς
665 2440 957 2524 γένηται,
982 2438 1136 2507 οῦτε
1171 2440 1362 2508 πόλει
1384 2437 1540 2509 οῦτε
1557 2445 1851 2518 πολίταις
1873 2447 2099 2508 κακῶν
2125 2444 2348 2506 παῦλα

340 2543 540 2622 ἔσται,
558 2532 764 2604 οὐδὲρ
730 2563 773 2622 η
796 2534 1157 2623 πολιτεία,
1126 2563 1213 2624 ην
1225 2545 1745 2625 μυθολογοῦμεν
1760 2539 1961 2627 λόγω,
1984 2541 2155 2626 ἔργφ
2167 2537 2354 2615 τέλος

341 2635 647 2722 λήψεται;
675 2633 884 2720 Ἴσως,
890 2640 1064 2756 ἐφη,
1098 2627 1316 2721 ἦττον.
1369 2638 1615 2705 Βούλει
1654 2629 1803 2721 οῦν,
1838 2629 1923 2722 ἦν
1958 2633 2019 2703 δ’
2068 2634 2221 2732 ἐγω,
2256 2633 2346 2719 μὴ

336 2727 536 2820 ἦττον
558 2759 793 2821 φωμεν
824 2729 1070 2812 αὐτοὺς
1101 2733 1268 2802 ἀλλὰ
1306 2735 1683 2804 παντάπασι
1717 2735 1974 2822 πράους
2007 2727 2354 2819 γεγονέναι

204 2866 303 2920 502
343 2834 454 2903 καὶ
474 2841 850 2915 πεπεῖσθαι,
884 2833 997 2898 ινα
1020 2837 1081 2899 εἰ
1110 2830 1203 2917 μή
1222 2858 1286 2900 τι
1316 2830 1484 2902 ἀλλὰ
1518 2836 1988 2920 αἰσχυνθέντες
2020 2828 2352 2918 ὁμολογή-

339 2948 574 3009 σωσιν;
613 2928 813 2997 Πάνυ
834 2926 955 3013 μὲν
978 2920 1125 3015 οὖν,
1152 2934 1296 3016 ἔφη.

502 3030 654 3094 XIV.
703 3015 909 3093 Οὗτοι
928 3028 1050 3112 μὲν
1080 3033 1333 3114 τοίνυν,
1372 3021 1461 3115 ἦν
1493 3026 1553 3096 δ’
1596 3029 1746 3114 ἐγώ,
1781 3035 1979 3096 τοῦτο
2005 3026 2354 3110 πεπεισμέ-

339 3150 447 3194 νοι
479 3130 718 3192 ἔστων·
761 3127 959 3191 τοῦδε
994 3126 1066 3194 δὲ
1100 3127 1250 3213 πέρι
1289 3151 1390 3205 τις
1428 3124 1934 3213 ἀμφισβητήσει,
1982 3148 2070 3202 ως
2102 3120 2229 3190 οὐκ
2262 3147 2353 3189 αν

338 3225 604 3311 τύχοιεν
622 3220 972 3307 γενόμενοι
992 3225 1320 3310 βασιλέων
1341 3218 1670 3310 ἔκγονοι’“
1624 3251 1666 3310 η
1692 3227 2043 3291 δυναστων
2076 3220 2192 3299 τάς
2212 3218 2347 3306 φύ-

339 3342 474 3402 σεις
496 3320 889 3408 φιλόσοφοις
930 3318 1099 3389 Οὐδ’
1124 3347 1212 3388 αν
1234 3317 1345 3406 εἷς,
1369 3326 1512 3408 ἔφη.
1575 3320 1937 3400 Τοιούτους
1971 3319 2045 3387 δὲ
2073 3319 2350 3404 γενομέ-

341 3446 499 3500 νους
528 3446 612 3498 ως
647 3419 853 3507 πολλὴ
885 3418 1140 3505 ἀνάγκη
1168 3413 1646 3507 διαφθαρῆναι,
1682 3424 1806 3506 ἔχει
1840 3445 1936 3498 τις
1969 3422 2222 3503 λέγειν,
2268 3412 2352 3495 ὣς
