2602 3928
352 161 436 223 46
1060 166 1631 226 ΠΛΑΤΩΝΟΣ

353 347 489 390 των
523 318 722 392 οὐδὲν
751 322 912 392 ἄλλο
945 332 1160 392 αῖτιον
1191 321 1238 410 ἦ
1272 326 1485 392 ἐκεῖνο
1498 373 1518 408 ,
1563 323 1859 408 ὅθενπερ
1892 324 2063 406 ἅπας
2093 324 2130 394 ὁ
2155 323 2349 411 λόγος

354 412 550 498 οὗτος
587 418 850 507 ὥρμησε
883 422 992 488 καὶ
1023 424 1190 511 τῷδε
1220 422 1333 489 καὶ
1367 422 1508 506 ἐμοὶ
1539 420 1705 505 πρὸς
1737 423 1843 508 σέ,
1891 414 1946 491 οἷ
1974 423 2346 507 Σώκρατες,

351 524 589 602 εἰπεῖν,
635 518 739 588 ὅτι
782 513 836 589 οἷ
864 518 1201 606 θαυμάσιε
1241 518 1513 587 πάντων
1555 516 1779 606 ὑμῶν,
1824 519 1973 589 ὅσοι
2021 523 2349 590 ἐπαινέται

273 623 315 674 B
350 617 517 702 φατὲ
541 617 965 704 δικαιοσύνης
989 615 1190 702 εἶναι,
1235 613 1366 684 ἀπὸ
1388 624 1524 684 τῶν
1554 619 1622 696 ἐξ
1654 613 1862 703 ἀρχῆς
1879 614 2123 704 ἥρω’ων
2142 613 2348 704 ἀρξά-

349 738 536 799 μενοι
549 764 567 798 ,
593 712 775 782 ὅσων
793 713 980 798 λόγοι
998 714 1407 798 λελειμμένοι
1421 762 1441 797 ,
1463 714 1648 799 μέχρι
1662 719 1799 780 τῶν
1815 721 1948 780 νῦν
1966 710 2352 799 ἀνθρώπων

352 808 571 889 οὐδεὶς
590 809 857 878 πώποτε
876 811 1105 890 ἔψεξεν
1126 805 1392 877 ἀδικίαν
1426 806 1578 877 οὐδ’
1612 809 1891 897 ἐπῄνεσε
1918 808 2350 895 δικαιοσύνην

351 905 572 986 αλλως
611 900 657 992 ἢ
691 906 886 986 δόξας
925 931 995 972 τε
1029 907 1138 973 καὶ
1170 905 1361 992 τιμάς
1392 908 1502 974 καὶ
1536 904 1789 989 δωρεὰς
1820 904 1937 985 τὰς
1969 904 2085 974 ἀπ’
2126 904 2351 974 αὐτῶν

351 1004 776 1090 γιγνομένας·
824 999 986 1069 αὐτὸ
1023 999 1089 1077 ,δ’
1096 1000 1438 1099 εκάτερον
1472 1010 1555 1089 τῇ
1588 999 1799 1070 αὑτοῦ
1833 1001 2113 1089 δυνάμει
2152 1004 2227 1070 ἐν
2269 1005 2350 1087 τῇ

351 1108 475 1169 τοῦ
517 1104 782 1185 ἔχοντος
812 1107 991 1187 ψυχῇ
1023 1088 1181 1168 ἐνόν
1215 1101 1329 1168 καὶ
1362 1099 1708 1168 λανθάνον
1740 1099 1948 1178 θεούς
1980 1124 2050 1166 τε
2083 1100 2194 1167 καὶ
2228 1096 2347 1166 ἀν-

349 1197 675 1280 θρώπους
708 1194 927 1275 οὐδεὶς
956 1195 1220 1265 ποόποτε
1254 1193 1403 1265 οὔτ’
1444 1199 1520 1266 ἐν
1559 1196 1816 1283 ποιήσει
1858 1190 1998 1264 οὔτ’
2045 1198 2119 1264 ἐν
2163 1199 2347 1273 ἰδίοις

351 1297 574 1382 λόγοις
603 1299 966 1382 ἐπεξῆλθεν
998 1298 1241 1374 ἱκανῶς
1271 1302 1368 1384 τῷ
1400 1293 1609 1385 λόγῳ,
1657 1290 1746 1374 ὥς
1774 1293 1849 1362 τὸ
1886 1296 2010 1380 μὲν
2040 1295 2332 1381 μέγιστο
2322 1319 2352 1352 ·›

350 1401 579 1462 κακῶν
614 1389 740 1461 ὅσα
775 1401 939 1478 ἴσχει
969 1391 1143 1478 ψυχὴ
1174 1395 1247 1459 ἐν
1275 1388 1475 1479 αὑτῇ,
1532 1390 1919 1477 δικαιοσύνη
1942 1394 2014 1459 δὲ
2043 1397 2346 1478 μέγιστον

214 1497 318 1558 367
352 1487 632 1576 ἀγαθόν.
658 1495 719 1557 εἰ
732 1513 864 1575 γαρ
887 1486 1100 1567 ούτως
1120 1490 1379 1574 ἐλέγετο
1402 1485 1529 1568 ἐξ’
1489 1495 1692 1575 αρχῆς
1713 1483 1845 1555 ὑπὸ
1867 1487 2137 1556 πάντων
2157 1484 2349 1572 υμῶν

351 1589 461 1655 καὶ
481 1589 554 1655 ἐκ
576 1583 803 1656 vdmv‘
769 1594 938 1673 ημᾶς
956 1589 1269 1707 ἐπείθετε,
1296 1582 1424 1653 οὐκ
1446 1580 1534 1652 ἂν
1552 1582 1879 1671 ἀλλήλους
1898 1584 2349 1671 ἐφυλάττομεν

351 1683 440 1771 μὴ
465 1683 748 1769 ἀδικεῖν,
793 1681 942 1752 ἀλλ’
966 1681 1167 1763 αὐτὸς
1188 1680 1401 1750 αὑτοῦ
1418 1674 1509 1768 ἦν
1529 1683 1801 1763 ἕκαστος
1822 1682 2071 1770 φύλαξ,
2116 1679 2347 1759 δεδιώς

350 1781 436 1868 μὴ
462 1778 712 1851 ἀδικῶν
732 1787 827 1868 τῷ
847 1786 1128 1869 μεγίστφ
1165 1786 1348 1868 κακῷ
1376 1780 1683 1858 ξύνοικος
1716 1772 1779 1866 ᾖ.
1820 1787 2057 1866 ταῦτα,
2105 1806 2157 1846 ω
2193 1778 2347 1846 Σιό-

346 1902 610 1963 κρατες,
652 1887 812 1956 ἴσως
845 1877 918 1943 δὲ
937 1877 1049 1945 καὶ
1070 1880 1164 1942 ἔτι
1184 1874 1443 1943 τούτων
1464 1880 1667 1943 πλείω
1691 1874 2128 1962 Θρασύμαχός
2147 1901 2217 1943 τε
2239 1876 2343 1943 καὶ

346 1974 548 2053 αλλος
570 1974 705 2042 πού
726 1998 823 2051 τις
845 1969 1013 2059 ὑπὲρ
1035 1971 1462 2059 δικαιοσύνης
1481 1997 1551 2039 τε
1572 1973 1683 2041 καὶ
1705 1970 1963 2052 ἀδικίας
1981 1967 2293 2059 λε’γοιεν’
2262 2000 2349 2040 αν

345 2073 906 2158 μεταστρέφοντες
928 2066 1160 2137 αὐτοῖν
1179 2069 1305 2155 τὴν
1325 2069 1633 2156 δύναμιν,
1658 2078 2008 2156 φορτικῶς,
2032 2068 2122 2149 ω’ς
2140 2073 2222 2156 γε’
2234 2096 2347 2156 μοι

277 2179 313 2229 Β
351 2173 557 2237 δοκεῖ·
603 2165 751 2236 ἀλλ’
791 2167 920 2252 ἐγώ
935 2217 954 2251 ‚
998 2167 1199 2235 οὐδὲν
1231 2168 1367 2255 γάρ
1400 2188 1473 2236 σε
1507 2170 1737 2256 δέομαι
1779 2166 2343 2255 ἀποκρύπτεσθαι,

350 2273 479 2333 σοῦ
519 2268 871 2358 ἐπιθυμων
904 2261 1189 2333 ἀκοῦσαι
1220 2255 1567 2353 τάναντία,
1613 2265 1701 2345 ὥς
1736 2266 2025 2352 δύναμαι
2066 2266 2345 2352 μάλιστα

349 2369 728 2443 κατατείνας
749 2366 937 2449 λέγω.
964 2361 1051 2449 μὴ
1076 2355 1206 2431 οὖν
1223 2361 1384 2450 ἡμῖν
1404 2365 1618 2451 μόνον
1638 2367 1891 2451 ἐνδεᾶῃ
1908 2371 2000 2453 τῷ
2024 2361 2286 2452 λόγφ,”’
2246 2390 2348 2431 οτι

351 2460 738 2548 δικαιοσύνη
769 2458 1027 2540 ἀδικίας
1057 2474 1390 2549 κρεῖττον,
1433 2460 1597 2531 ἀλλα
1642 2468 1709 2530 τί
1748 2467 2033 2531 ποιοῦσα
2076 2462 2346 2547 ἑκατέρα

349 2557 470 2628 τὸν
493 2565 725 2646 ἔχοντα
746 2556 912 2645 αὐτὴ
936 2558 1015 2626 δι’
1038 2560 1250 2647 αὐτὴν
1268 2560 1313 2647 ἡ
1337 2561 1459 2647 μὲν
1480 2559 1710 2648 κακόν,
1733 2558 1775 2647 ἡ
1801 2560 1873 2629 δὲ
1897 2557 2160 2646 ἀγαθόν
2181 2563 2345 2628 ἐστι·

346 2655 464 2735 τὰς
487 2659 558 2726 δὲ
582 2655 774 2735 δόξας
807 2652 1104 2745 ἀφαίρει,
1147 2656 1373 2746 ὥσπερ
1405 2659 1736 2728 Γλαύκων
1768 2653 2244 2726 διεκελεύσατο.
2291 2662 2353 2724 εί

345 2747 474 2840 γὰρ
489 2751 577 2840 μὴ
595 2752 982 2841 ἀφαιρήσεις
997 2756 1414 2843 ἑκατέρωθεν
1422 2756 1539 2836 τὰς
1551 2756 1841 2844 ἀληθεῖς,
1864 2754 1981 2835 τὰς
1992 2758 2064 2824 δὲ
2085 2756 2348 2836 ψευδεῖς

345 2850 750 2938 προσθήσεις
764 2902 783 2936 ,
821 2849 904 2919 οὐ
926 2851 999 2921 τὸ
1023 2857 1284 2923 δίκαιον
1306 2853 1610 2940 φήσομεν
1631 2858 1922 2921 ἐπαινεῖν
1943 2871 2049 2938 σε,
2082 2847 2249 2919 ἀλλά
2269 2846 2344 2917 τὸ

278 2967 317 3019 c
351 2952 605 3035 δοκεῖν,
643 2946 800 3018 οὐδὲ
818 2947 893 3019 τὸ
917 2951 1153 3021 ἄδικον
1176 2949 1347 3019 εἶναι
1364 2956 1623 3037 ψέγειν,
1659 2948 1827 3021 ἀλλὰ
1847 2950 1921 3018 τὸ
1945 2954 2203 3032 δοκεῖν,
2236 2949 2350 3015 καὶ

348 3047 924 3130 παρακελεύεσθαι
956 3048 1193 3117 ἄδικον
1226 3047 1391 3118 ὄντα
1412 3048 1813 3134 λανθάνειν,
1860 3049 1970 3115 καὶ
1998 3043 2347 3132 ὁμολογεῖν

348 3144 872 3237 Θρασυμάχφ,”
833 3173 934 3216 οτι
957 3144 1033 3215 τὸ
1057 3146 1181 3233 μὲν
1204 3151 1464 3215 δικαιον
1484 3144 1829 3233 ἀλλότριον
1850 3143 2147 3231 ἀγαθόν,
2182 3146 2347 3226 ξυμ-

346 3245 555 3330 φέρον
587 3251 711 3312 τοῦ
742 3249 1147 3331 κρείττονος,
1191 3242 1264 3311 τό
1304 3245 1375 3314 δὲ
1408 3242 1645 3312 αδικον
1657 3240 1842 3333 αὐτῷ
1866 3243 1987 3329 μὲν
2010 3243 2346 3358 ξυμφέρον

345 3344 452 3411 καὶ
499 3349 921 3427 λυσιτελοῦν,
967 3348 1062 3429 τῷ
1109 3342 1180 3409 δὲ
1221 3340 1450 3426 ἥττονι
1497 3339 1908 3429 ἀξύμφορον.
1954 3335 2175 3425 ἐπειδὴ
2219 3326 2346 3404 οὖν
