2602 3928
950 815 1679 913 PRAEFA'no.

1153 1048 1466 1058 .-----.

368 1191 642 1282 Absoluta
673 1241 735 1275 ea
757 1226 1078 1293 dialogorum
1103 1227 1478 1278 Platonicorum
1506 1235 1669 1292 parte,
1708 1228 1792 1278 cui
1827 1243 1893 1277 ex
1918 1227 2040 1286 Oxo,
2064 1229 2196 1281 iensi
2228 1230 2364 1296 potis

231 1297 418 1345 simum
454 1296 634 1346 codice
669 1295 760 1345 lux
790 1304 839 1347 et
867 1295 1011 1346 salus
1043 1297 1268 1361 petenda
1301 1303 1439 1357 erat,
1483 1296 1536 1349 in
1573 1296 1671 1348 hoc
1704 1296 1964 1347 volumine
1998 1297 2066 1348 ad
2103 1314 2192 1349 eos
2221 1308 2376 1349 trans·

229 1364 523 1429 gredimur,
568 1379 782 1428 quorum
829 1365 1058 1416 recensio
1105 1378 1229 1429 prae
1272 1366 1453 1416 ceteris
1496 1365 1641 1417 libris
1674 1366 1904 1416 Parisino
1940 1366 2035 1416 niti
2068 1368 2246 1433 debet,
2298 1368 2382 1431 qui

228 1434 432 1485 decimo
462 1433 668 1484 saeculo
705 1435 912 1485 ineunte
942 1434 1166 1498 scriptus
1201 1434 1367 1485 forma
1398 1436 1623 1487 maxima
1654 1433 1792 1485 foliis
1830 1433 2106 1486 cccxmv
2141 1443 2389 1500 quotquot

227 1503 380 1554 uobis
417 1504 604 1555 edendi
635 1512 829 1555 restant
865 1504 1130 1568 dialogos,
1167 1519 1233 1555 ne
1265 1504 1616 1569 suppositiciis
1654 1504 1860 1567 quidem
1893 1505 2119 1564 omissis,
2155 1520 2387 1572 compre-

226 1572 435 1633 hendit3
472 1587 753 1637 quemque,
787 1588 853 1623 ne
885 1587 1001 1623 cum
1027 1573 1188 1633 Astii,
1226 1574 1421 1623 strenui
1455 1573 1695 1636 editoris,
1728 1572 1934 1623 nomine
1970 1573 2367 1626 confunderetur

226 1656 332 1691 non
371 1650 430 1692 ut
473 1642 630 1708 vulgo
674 1641 806 1691 solet
843 1642 989 1692 litera
1028 1643 1106 1699 A,
1156 1643 1251 1692 sed
1293 1644 1333 1693 P
1368 1642 1453 1694 vel
1502 1644 1616 1694 Par.
1654 1640 1949 1707 significare
1990 1641 2169 1696 malui.
2243 1643 2383 1694 Idem

229 1726 349 1761 vero
384 1725 543 1774 quum
581 1712 691 1775 jam
726 1712 789 1761 ab
832 1709 1142 1763 Immannele
1186 1710 1418 1762 Bekkero
1459 1718 1766 1776 usurpatus,
1815 1710 1999 1762 deinde
2033 1726 2065 1760 a
2108 1710 2223 1762 Car.
2259 1713 2381 1767 Ern.

228 1777 348 1829 Chr.
385 1778 723 1841 Schneidero,
763 1781 1174 1831 accuratissimae
1209 1780 1505 1846 diligentiae
1535 1780 1644 1829 viro
1659 1815 1674 1840 ,
1713 1780 1767 1829 in
1794 1777 2022 1830 Civitatis
2059 1780 2205 1832 libris
2236 1780 2381 1846 Lips.

227 1847 508 1900 1830—33
543 1850 694 1900 editis
725 1863 821 1913 pro
859 1849 1191 1901 fundamento
1223 1848 1446 1913 habitus,
1488 1848 1709 1911 denique
1739 1848 1792 1896 in
1830 1847 2064 1912 ejusdem
2089 1847 2383 1900 Schneideri

227 1933 380 1969 usum
396 1919 462 1970 ab
482 1917 833 1970 oculatissimo
851 1917 1054 1970 homine
1080 1917 1319 1970 Diibnero
1339 1918 1506 1971 denuo
1527 1930 1775 1969 excussus
1795 1917 2163 1969 Turicensibus
2183 1933 2386 1982 quoque

229 1988 284 2037 in
301 1988 462 2038 altera
483 1988 817 2053 Reipublicae
834 1988 1056 2039 editione
1075 2003 1132 2041 a,
1150 1988 1286 2039 1847
1321 1989 1512 2040 emissa
1546 1995 1664 2039 ante
1701 1987 1876 2037 oculos
1901 1986 2071 2048 fuerit,
2108 2002 2223 2038 meo
2258 2003 2385 2051 qua-

225 2056 465 2119 licunque
491 2057 764 2124 spicilegio
794 2058 850 2107 in
881 2057 982 2109 hoc
1005 2057 1266 2109 volumine
1291 2057 1449 2109 multo
1485 2057 1769 2107 tenuiorem
1802 2069 2024 2105 messem
2061 2056 2231 2107 offerri
2269 2072 2388 2107 con·

224 2134 523 2176 sentaneum
567 2135 691 2181 erat.
765 2125 892 2176 Nam
937 2142 1095 2191 quum
1128 2125 1348 2191 plurima
1384 2127 1497 2191 ejus
1539 2140 1686 2191 pars,
1732 2124 1858 2175 solis
1893 2123 2100 2177 Timaeo
2133 2126 2296 2177 Locro
2338 2134 2388 2175 et

223 2195 398 2245 Minoe
425 2197 679 2261 exceptis,
717 2196 783 2246 ab
819 2196 934 2262 ipso
972 2194 1282 2246 Schneidero
1321 2196 1531 2246 Parisiis
1576 2194 1716 2260 apud
1749 2194 1992 2246 Didotum
2029 2210 2076 2245 a.
2118 2193 2259 2247 1846
2297 2196 2386 2245 iis-

224 2263 344 2315 dem
380 2264 489 2314 fere
521 2265 833 2325 rationibus,
882 2265 1067 2328 quibus
1112 2279 1194 2314 me
1231 2279 1433 2328 quoque
1478 2265 1532 2315 in
1573 2263 1671 2313 hac
1714 2264 2067 2328 recognitione
2105 2264 2225 2314 duci
2262 2278 2382 2329 pro-

223 2333 396 2384 fessus
428 2347 571 2400 sum,
618 2334 885 2384 emendata
930 2333 1207 2399 prodierit,
1246 2334 1300 2381 iu
1335 2332 1670 2397 Reipublicae
1716 2339 1851 2382 certe
1888 2331 2057 2392 libris,
2097 2347 2229 2397 quos
2275 2334 2383 2397 jam

220 2401 523 2453 anicenses
569 2403 808 2454 secundis
855 2403 993 2452 curis
1043 2403 1110 2453 ad
1143 2402 1443 2453 Schneideri
1490 2402 1843 2453 auctoritatem
1880 2401 2207 2462 direxerunt,
2259 2402 2384 2452 mihi

220 2471 321 2522 hoc
365 2470 475 2521 fere
520 2472 687 2524 solum
721 2471 1100 2535 relinquebatur
1115 2508 1131 2532 ,
1175 2479 1233 2520 ut
1281 2479 1369 2521 aut
1405 2485 1595 2537 paucas
1644 2471 1823 2536 optimi
1877 2471 2071 2521 codicis
2116 2469 2384 2533 lectiones,

221 2554 352 2604 quas
390 2540 470 2590 illi
512 2541 764 2594 immerito
810 2542 1070 2605 sprevisse
1115 2541 1435 2606 viderentur,
1482 2540 1634 2603 quasi
1678 2538 1996 2604 postliminio
2040 2541 2366 2591 restituerem

220 2617 311 2660 aut
341 2610 495 2660 etiam
524 2611 852 2675 paucioribus
887 2608 1017 2660 locis
1053 2608 1260 2660 aliunde
1295 2608 1552 2661 medelam
1583 2608 1845 2668 afferrem3
1884 2608 1939 2659 in
1970 2609 2182 2662 Timaeo
2209 2617 2383 2660 autem

220 2687 271 2729 et
309 2676 467 2729 Critia
501 2681 545 2729 si
580 2680 843 2743 aliquanto
876 2679 1082 2744 saepius
1114 2694 1145 2728 a
1179 2678 1546 2730 Turicensibus
1580 2676 1951 2728 discedendum
1987 2677 2114 2741 fuit,
2153 2678 2382 2744 plerum·

221 2762 323 2811 que
355 2756 524 2799 tamen
557 2750 614 2800 id
659 2756 853 2799 tautum
891 2748 1020 2805 feci,
1069 2748 1210 2812 quod
1240 2747 1368 2798 illos
1400 2761 1603 2812 quoque
1636 2747 1691 2797 iu
1725 2760 1858 2798 nova
1897 2747 2120 2798 editione
2154 2747 2380 2798 facturos

219 2816 462 2868 credibile
490 2824 593 2880 est,
624 2825 680 2869 ut
712 2832 794 2868 me
814 2817 889 2869 ad
913 2816 1213 2868 Schneideri
1230 2816 1484 2881 judicium
1512 2824 1562 2867 et
1587 2815 1875 2881 exemplum
1910 2817 2376 2867 accommodarem.

220 2885 416 2946 Quibus
456 2895 720 2951 praeterea
763 2887 1055 2937 auctoribus
1101 2887 1184 2937 vel
1226 2885 1471 2937 subsidiis
1507 2898 1634 2935 usus
1678 2885 1804 2947 sim,
1852 2883 1921 2933 ad
1957 2885 2189 2952 singulos
2235 2883 2379 2936 locos

219 2955 568 3015 annotabitur3
595 2956 851 3018 universi,
878 2970 1007 3018 quos
1035 2955 1136 3006 hoc
1160 2955 1398 3006 volumen
1431 2955 1781 3019 discrepantes
1808 2966 1840 3003 a
1861 2952 2129 3006 Turicensi
2156 2956 2378 3006 editione

219 3023 425 3075 exhibet
441 3061 453 3084 ,
491 3024 547 3073 hi
580 3032 698 3075 sunt
715 3041 731 3074 e

358 3162 505 3227 Reip.
544 3161 580 3215 Ι.
621 3162 663 3213 1.
712 3177 769 3227 p.
808 3159 912 3214 327
949 3160 986 3210 G
1018 3150 1326 3211 ἔλλείπεται
1364 3161 1403 3210 Ρ
1438 3176 1552 3212 cum
1594 3160 1718 3230 aliis,
1742 3160 1889 3212 libris
1926 3161 2064 3211 haud
2097 3159 2271 3220 malis;
2308 3152 2375 3209 ἓν

216 3227 466 3280 λείπεται
508 3227 678 3281 VBS'r
713 3232 929 3296 ipseque
964 3229 1336 3289 Schneiderus;
1374 3231 1524 3281 credo
1537 3266 1551 3289 ,
1588 3231 1706 3294 quia
1749 3231 1958 3295 saepius
1990 3220 2263 3280 ἐλλείπειν
2298 3229 2377 3279 di-

217 3301 376 3358 citur3
415 3308 470 3351 at
505 3300 685 3351 eodem
721 3299 955 3365 exemplo
991 3299 1187 3351 Phileb.
1224 3314 1269 3351 c.
1309 3298 1369 3351 8:
1414 3292 1477 3350 τὸ
1517 3293 1580 3348 δ’
1620 3290 1759 3349 αὐτό
1796 3313 1892 3363 μοι
1928 3296 2027 3348 τοῦ
2062 3290 2229 3364 λόγου
2269 3296 2374 3347 νῦν

214 3380 274 3418 τε
322 3363 423 3418 καὶ
466 3360 702 3434 σμικρὸν
750 3362 1075 3433 ἔμπροσθεν
1113 3357 1435 3419 ἐλλείπηται.
1483 3395 1553 3407 -
1597 3370 1656 3424 Ρ.
1708 3366 1811 3420 329
1848 3367 1887 3420 G
1928 3360 2162 3426 ἐπειδὰν
2206 3359 2273 3415 αἱ
2316 3367 2373 3431 Ρ,

217 3427 450 3489 ἕπειδὰν
496 3429 603 3504 γὰρ
639 3430 709 3488 at
736 3436 908 3490 VEST
949 3438 1200 3490 facilioris
1243 3445 1526 3490 structurae
1572 3439 1763 3504 gratim
1812 3446 1864 3487 at
1899 3439 2019 3546 vikde
2054 3453 2119 3487 ne
2152 3435 2374 3500 protasis

1885 3527 1918 3564 a
