2602 3928
352 218 477 283 124
1087 215 1659 276 ΠΛΑΤΩΝΟΣ

349 380 475 468 τὴν
494 386 618 447 τοῦ
651 382 1143 463 ἐπιθυμοῦντος
1175 374 1399 460 ψυχὴν
1432 370 1643 459 οὐχὶ’
1612 373 1757 459 η’τοι
1788 377 2096 458 ἐφίεσθαι
2126 372 2360 459 φήσεις

350 481 611 547 ἐκείνου
632 468 719 545 οὗ
739 504 827 544 αν
849 469 1232 561 ἐπιθυμῇ,”
1187 500 1239 559 η
1256 471 1716 558 προσάγεσθαι
1732 480 1929 540 τοῦτο
1951 468 1988 541 ὃ
2010 467 2363 559 ανβούλη-

347 580 458 642 ταί
471 578 539 643 oc
554 567 957 660 γενέσθαι,“
910 599 956 657 η
979 564 1092 655 αὖ,
1116 565 1279 638 καθ’
1318 567 1484 638 ὅσον
1507 570 1722 653 ἐθέλει
1746 573 1814 635 τί
1831 571 1902 636 οἱ
1930 575 2361 654 πορισθῆναι,

347 671 680 741 ἐπινεύειν
718 675 917 738 τοῦτο
960 667 1131 755 πρὸς
1185 663 1400 752 αὐτὴν
1461 664 1683 750 ω’σπερ
1737 663 1919 744 τινός
1959 668 2359 750 ἐρωτῶντσς,

346 772 837 855 ἐπορεγομένην
872 763 1085 834 αὐτοῦ
1115 773 1235 850 τῆς
1264 767 1615 849 γενέσεως;
1639 761 1911 850 Ἔγωγε.
1986 771 2071 832 Τί
2099 768 2240 844 δαίς
2282 763 2356 833 τὰ

346 865 659 953 ἀβουλεῖν
679 867 790 933 καὶ
811 862 901 950 μὴ
925 863 1187 932 ἐθέλειν
1208 859 1372 949 μηδ’
1397 865 1749 949 ἐπιθυμεῖν
1783 861 1910 932 οὐκ
1949 869 2041 943 εἰς
2072 861 2147 931 τὰ
2172 860 2359 931 ἀπω-

348 973 502 1033 θεῖν
524 965 636 1031 καὶ
655 961 1061 1030 ἀπελαύνειν
1096 957 1211 1028 ἀπ’
1250 957 1456 1045 αὐτῆς
1490 962 1601 1029 καὶ
1624 966 1716 1038 εἰς
1748 958 2011 1029 ἅπαντα
2042 958 2358 1029 τάναντία

273 1069 315 1120 D
350 1065 628 1139 ἐκείνοις
645 1059 981 1145 θήσομενς
1023 1064 1181 1138 Πῶς
1196 1055 1327 1143 γάρ
1351 1056 1439 1125 οῦ
1453 1085 1469 1136 ;
1527 1058 1804 1126 Τούτων
1826 1056 1907 1145 δὴ
1933 1057 2147 1137 οὕτως
2167 1056 2358 1144 ἐχόν-

347 1185 482 1228 των
506 1161 882 1243 ἐπιθυμιῶν
900 1183 964 1225 τι
988 1156 1292 1243 φήσομεν
1317 1155 1486 1224 εἶναι
1510 1154 1701 1243 εἶδος,
1736 1160 1847 1225 καὶ
1879 1156 2356 1242 ἐναργεστάτας

349 1254 575 1323 αὐτῶν
617 1254 872 1323 τούτων
928 1253 1014 1340 ἥν
1063 1280 1134 1321 τε
1175 1258 1381 1339 δίψαν
1426 1261 1765 1340 καλοῦμεν
1806 1257 1919 1322 καὶ
1957 1250 2047 1340 ἣν
2088 1268 2356 1334 πεῖναν;

350 1353 683 1439 Φήσομεν,
707 1343 751 1439 ἦ
775 1347 836 1420 δ’
866 1349 958 1431 ὅς.
999 1349 1275 1420 Οὐκοῦν
1294 1349 1424 1438 τὴν
1444 1351 1567 1438 μὲν
1587 1360 1819 1436 ποτοῦ,
1842 1351 1968 1438 την
1991 1349 2053 1420 δ’
2081 1355 2358 1439 ἐδωδῆςς

348 1456 504 1520 Ναί.
541 1441 680 1534 Ἆρ’
704 1441 853 1535 οὖν,
890 1445 1053 1517 καθ’
1090 1448 1253 1518 ὅσον
1290 1454 1451 1529 δίψα
1485 1452 1640 1534 ἐστί,
1677 1450 1955 1530 πλέονος
1986 1448 2072 1518 ἄν
2104 1475 2286 1528 τινος
2314 1444 2359 1534 ἦ

345 1540 432 1620 οὗ
452 1550 731 1634 λέγομεν
751 1550 1070 1634 ἐπιθυμία
1090 1550 1164 1617 ἐν
1185 1555 1270 1635 τῇ
1289 1555 1472 1635 ψυχῇ
1496 1556 1630 1635 εἴης
1665 1543 1827 1616 οἷον
1850 1552 2008 1629 δίψα
2042 1549 2177 1616 ἐστὶ
2199 1552 2356 1628 δίψα

345 1637 479 1732 ἀρά
499 1670 577 1732 γε
598 1653 863 1731 θερμοῦ
883 1651 1094 1714 ποτοῦ
1114 1641 1161 1731 ἦ
1182 1653 1467 1732 ψυχροῦ,
1491 1640 1540 1731 ἦ
1559 1652 1818 1712 πολλοῦ
1837 1639 1883 1730 ἢ
1903 1640 2153 1729 ὀλίγου,
2178 1639 2223 1729 ἢ
2248 1647 2356 1712 καὶ

344 1744 442 1812 ἑνὶ
465 1742 640 1833 λόγῳ
659 1751 859 1811 ποιοῦ
877 1744 1056 1823 τινὸς
1074 1743 1410 1831 πώματοςς
1442 1737 1489 1828 ἦ
1510 1738 1627 1810 ἐὰν
1648 1744 1771 1828 μέν
1794 1768 1889 1821 τις
1907 1741 2240 1828 θερμότης
2262 1744 2356 1832 τῷ

243 1845 283 1894 Ε
345 1844 520 1923 δίψει
553 1848 793 1930 προσῇ,
830 1839 957 1927 τὴν
987 1848 1114 1908 τοῦ
1146 1846 1410 1927 θερμοῦ
1452 1841 1814 1925 ἐπιθυμίαν
1846 1836 2348 1927 προσπαρέχοιτ’

342 1934 450 2023 ἄν,
485 1936 604 2006 ἐὰν
637 1940 710 2007 δὲ
742 1937 1095 2024 ψυχρότης,
1129 1935 1255 2023 τὴν
1287 1942 1413 2004 τοῦ
1448 1943 1746 2025 ψυχροῦ;
1783 1935 1903 2005 ἐάν
1939 1939 2011 2005 δὲ
2043 1934 2152 2004 διὰ
2187 1936 2356 2025 πλή-

341 2043 520 2113 θους
544 2042 922 2122 παρουσίαν
946 2034 1154 2118 πολλὴ
1177 2031 1219 2119 ἡ
1246 2036 1409 2113 δίψα
1427 2026 1494 2122 ᾗ,
1515 2033 1641 2120 τὴν
1660 2040 1782 2103 τοῦ
1805 2041 2060 2108 πολλοῦ
2080 2038 2355 2120 παρέξε-

341 2158 469 2216 ται,
494 2132 611 2200 ἐάν
647 2130 720 2202 δὲ
756 2129 968 2218 ὀλίγη,
1002 2130 1126 2218 τὴν
1156 2139 1278 2200 τοῦ
1316 2132 1577 2216 ὀλίγου;
1625 2129 1788 2201 αύτὸ
1825 2133 1898 2202 δὲ
1925 2133 2012 2201 τὰ
2037 2127 2241 2220 δὶψῇν
2274 2129 2356 2199 ού

341 2229 431 2316 μή
455 2253 615 2297 ποτε
635 2228 846 2298 ἄλλον
864 2230 1132 2316 γένηται
1152 2232 1476 2316 ἐπιθυμία
1499 2225 1542 2316 ἦ
1565 2221 1773 2312 οὗπερ
1798 2234 2118 2317 πέφυκεν,
2145 2227 2359 2297 αὐτοῦ

343 2326 673 2412 πώματος,
697 2328 806 2395 καὶ
826 2319 918 2395 αὖ
937 2325 1013 2395 τὰ
1038 2335 1279 2414 πεινῆν
1298 2325 1680 2414 βρώματοςς
1726 2326 1980 2415 Οῦτως,
2009 2333 2157 2415 ἔφη,
2183 2325 2351 2413 αὐτή

341 2449 416 2509 γε
442 2421 485 2509 ἡ
520 2426 840 2512 ἐπιθυμία
877 2423 1113 2513 ἑκάστη
1148 2422 1362 2493 αὐτοῦ
1395 2423 1607 2511 μόνον
1640 2424 1921 2495 ἑκάστου
1957 2417 2040 2493 οὗ
2072 2428 2353 2514 πέφυκε,

208 2537 313 2594 438
341 2528 464 2590 τοῦ
488 2524 561 2590 δὲ
578 2526 766 2590 τοίου
790 2518 837 2611 ἦ
858 2529 1046 2591 τοίου
1066 2521 1149 2591 τὰ
1171 2523 1728 2610 προσγιγνόμενα.
1775 2524 2006 2611 Μήτοι
2027 2552 2143 2611 τις,
2174 2517 2261 2611 ἦν
2282 2522 2351 2591 δ’

339 2618 492 2705 ἐγώ,
517 2616 886 2700 ἀσκέπτους
919 2617 1089 2707 ἡμᾶς
1123 2619 1324 2701 ὄντας
1354 2623 1731 2710 θορυβήσῃ,
1769 2620 1856 2700 ὡς
1893 2621 2111 2702 οὐδεὶς
2144 2616 2358 2691 ποτοῦ

339 2719 659 2804 ἐπιθυμεῖ
669 2716 839 2787 ἀλλά
862 2727 1150 2805 χρηστοῦ
1169 2723 1403 2806 ποτοῦ,
1429 2723 1541 2790 καὶ
1562 2720 1648 2791 οὐ
1673 2728 1860 2791 σίτου
1880 2720 2046 2791 ἀλλὰ
2064 2731 2357 2810 χρηστοῦ

339 2820 544 2882 σίτου.
568 2815 816 2895 πάντες
836 2815 967 2902 γάρ
992 2815 1568 2905 ἄρατωνάγαθων
1583 2822 2049 2907 ἐπιθυμοῦσιν·
2077 2827 2139 2889 εἰ
2158 2812 2285 2890 οὖν
2311 2847 2354 2906 η

339 2914 502 2991 δίψα
513 2915 832 3000 ἐπιθυμία
855 2917 1015 3006 ἐστί,
1026 2923 1314 3003 χρηστοῦ
1328 2943 1415 2984 αν
1427 2927 1529 3004 εἴη
1545 2926 1673 2986 εἴτε
1685 2916 1993 3004 πώματος
2003 2927 2132 2986 εἴτε
2146 2916 2358 2986 αλλου

344 3005 507 3076 ὅτου
528 3011 705 3079 ἐστὶν
727 3011 1064 3132 ἐπιθυμίά,
1092 3015 1203 3081 καὶ
1227 3018 1301 3082 αἱ
1316 3012 1509 3083 αλλαι
1523 3014 1717 3083 οὕτω.
1737 3014 1926 3094 Ἴσως
1937 3014 2067 3101 γὰρ
2082 3041 2189 3098 αν,
2205 3021 2354 3100 ἔφη,

339 3110 533 3176 δοκοῖ
545 3108 608 3175 τὶ
622 3106 888 3194 λέγεινὸ
912 3118 1123 3181 ταῦτα
1138 3114 1367 3197 λέγων.
1388 3110 1585 3182 Ἀλλά
1597 3105 1901 3200 μέντοι,
1854 3139 1943 3200 ην
1966 3110 2027 3180 δ’
2055 3111 2271 3198 ἐγω,”’
2230 3131 2357 3180 οσα

268 3227 317 3294 g„
344 3199 411 3288 γ’
437 3205 571 3272 ἐστὶ
591 3213 865 3282 τοιαῦτα
887 3204 993 3274 οἶα
1008 3204 1182 3275 εἷναί
1195 3233 1339 3293 του,
1354 3206 1435 3276 τά
1457 3209 1581 3295 μὲν
1599 3207 1756 3278 ποιά
1780 3210 1943 3282 ἄττα
1956 3217 2154 3278 ποιοῦ
2174 3210 2358 3290 τινός

337 3305 535 3389 ἐστιν,
552 3329 641 3383 ως
662 3305 806 3390 ἐμοὶ
829 3309 1028 3389 δοκεῖ,
1042 3305 1123 3374 τά
1138 3301 1202 3373 δ’
1229 3304 1401 3376 αὐτὰ
1426 3309 1668 3376 ἕκαστα
1684 3307 1895 3378 αὐτοῦ
1922 3308 2203 3378 ἑκάστου
2223 3308 2354 3395 μό-

336 3427 479 3469 νον.
508 3400 653 3471 Ούκ
670 3407 947 3492 ἔμαθον,
964 3410 1110 3492 ἔφη.
1130 3404 1275 3476 Οὐκ
1292 3413 1555 3496 ἐμαθες,
1572 3406 1819 3494 ἔφην,”
1780 3433 1881 3476 οτι
1892 3406 1966 3476 τὰ
1983 3412 2204 3494 μεῖζον
2217 3432 2354 3475 τοι-

2579 1754 2597 2476 ¹
