2602 3928
932 215 1517 277 ΠΟΛΙΤΕΙΑΣ
1555 211 1623 273 ι’.
2175 214 2298 277 297

277 370 504 458 ὀρθως
533 371 603 461 γ’
643 378 918 461 ἔφαμεν.
986 371 1077 441 Ta
1114 370 1294 460 παρὰ
1338 372 1421 441 τὰ
1456 376 1660 458 μέτρα
1701 371 1832 460 ἄρα
1870 376 2145 456 δοξάζον
2183 383 2301 462 τῆς
2335 395 2442 450 603

276 479 490 557 ψυχῆς
516 478 613 559 τῷ
634 470 801 538 κατὰ
820 467 904 537 ’τὰ
927 472 1131 556 μέτρα
1154 467 1280 538 οὐκ
1305 495 1393 536 αν
1426 479 1529 555 εἴη
1560 467 1976 539 ταύτόν.ού
1998 470 2130 558 γὰρ
2155 464 2300 540 οὖν.

275 566 467 636 Ἀλλὰ
502 566 637 654 μὴν
658 565 734 634 τὰ
771 569 987 655 μέτρω
1023 591 1099 651 γε
1134 568 1246 634 καὶ
1282 573 1577 655 λογισμῷ
1611 575 1928 636 πιστεῦον
1961 571 2303 655 βέλτιστον

278 693 366 734 αν
388 675 488 752 εἰη
506 673 623 752 τῆς
640 672 873 750 ψυχῆς.
920 670 1078 750 Τίμ
1030 665 1202 751 μήνς
1253 662 1347 732 Τὰ
1371 664 1504 751 ἄρα
1539 666 1753 757 τούτῳ
1786 665 2302 751 ἐναντιούμενον

278 771 415 831 τῶν
450 762 733 848 φαύλων
765 760 852 831 ἄν
883 787 948 831 τι
980 771 1079 847 εἴη
1115 765 1192 831 ἐν
1221 759 1401 850 ἡμῖν.
1453 760 1755 850 Ἀνάγκη.
1823 770 2040 832 Τοῦτο
2070 769 2305 832 τοίνυν

284 860 893 947 διομολογήσασθαι
913 859 1322 946 βουλόμενος
1355 866 1613 947 ἔλεγον,
1648 857 1753 929 ὅτι
1783 887 1827 949 η
1862 859 2154 947 γραφικὴ
2192 862 2305 931 καὶ

281 958 453 1038 ὅλως
493 956 535 1045 ἡ
578 955 888 1044 μιμητικὴ
937 956 1170 1042 πόρρω
1203 958 1333 1044 μὲν
1361 965 1479 1045 τῆς
1513 956 1833 1044 ἀληθείας
1867 955 1951 1027 ὂν
1981 957 2057 1028 τὸ
2099 957 2306 1046 αὑτῆς

277 1062 477 1142 ἔργον
506 1053 957 1143 ἀπεργάζεται,
1000 1056 1231 1140 πόρρω
1265 1053 1328 1123 δ’
1372 1048 1462 1123 αὖ
1487 1056 1881 1143 φρονήσεως
1914 1055 2060 1125 ὄντι
2107 1065 2204 1146 τῷ
2228 1060 2301 1124 ἐν
2340 1075 2377 1122 Β

275 1153 438 1241 ἡμῖν
465 1163 860 1241 προσομιλεῖ
882 1179 955 1222 τε
977 1156 1088 1222 καὶ
1124 1156 1349 1241 ἑταίρα
1382 1156 1496 1223 καὶ
1520 1160 1682 1241 φίλη
1708 1157 1890 1223 ἐστὶν
1923 1152 2031 1222 ἐπ’
2075 1154 2306 1223 οὐδενὶ

280 1251 458 1339 ὑγιεῖ
494 1251 644 1322 οὐδ’
690 1252 946 1339 άληθεῖ.
1018 1252 1479 1337 Παντάπασιν,
1529 1245 1575 1340 ἦ
1616 1251 1679 1321 δ’
1729 1252 1821 1332 ὅς.
1891 1253 2125 1340 Φαύλη
2171 1252 2304 1337 ἄρα

276 1350 520 1440 φαύλῳ
553 1353 1036 1437 ξυγγιγνομένη
1069 1356 1298 1436 φαῦλα
1320 1358 1531 1438 γεννᾷ
1565 1348 1606 1436 ἡ
1637 1351 1970 1438 μιμητική.
2024 1350 2299 1419 Ἔοικεν.

277 1450 601 1536 Πότερον,
624 1441 713 1536 ἦν
735 1446 800 1516 δ’
825 1448 977 1534 ἐγώ,
1013 1446 1056 1535 ἡ
1094 1446 1262 1517 κατὰ
1294 1475 1420 1536 την
1451 1448 1613 1530 ὄψιν
1645 1447 1882 1535 μόνον,
1915 1449 1961 1535 ἢ
1990 1451 2102 1518 καὶ
2135 1474 2303 1516 κατα

278 1546 400 1634 τὴν
421 1546 655 1633 ἀκοήν,
677 1544 765 1664 ην
789 1546 870 1631 δὴ
896 1554 1164 1634 ποίησιν
1181 1546 1623 1634 ὀνομάζομενς
1658 1547 1861 1625 Εἰκός
1882 1545 1975 1632 γ’,
2015 1552 2164 1633 ἔφη,
2189 1547 2301 1614 καὶ

280 1644 548 1730 ταύτην.
594 1641 715 1729 Μὴ
739 1637 1064 1730 τοίνυν,’
1017 1670 1106 1730 ην
1128 1642 1205 1710 δ’·
1234 1643 1385 1729 ἐγώ,
1413 1652 1511 1734 ταῖ
1542 1643 1749 1712 εἰκότι
1780 1642 1994 1730 μόνον
2028 1642 2299 1710 πιστεύ-

279 1762 502 1828 σωμεν
523 1743 599 1809 ἐκ
620 1750 737 1829 τῆς
777 1749 1128 1862 γραφικῆς,
1170 1739 1341 1810 αλλα
1365 1744 1477 1810 καὶ
1512 1742 1621 1812 ἐπ’
1660 1739 1828 1810 αύτὸ
1863 1733 1954 1809 αὖ
1994 1746 2301 1828 ἔλθωμεν

276 1847 393 1927 τῆς
415 1843 713 1920 διανοίας
745 1847 966 1925 τοῦτο,
1005 1829 1063 1930 ᾧ
1094 1848 1484 1927 προσομιλεῖ
1513 1836 1556 1928 ἡ
1591 1845 1710 1926 τῆς
1739 1837 2065 1926 ποιήσεως
2096 1862 2299 1957 μιμη-
2335 1860 2373 1912 c

282 1937 453 2025 τική,
473 1941 585 2007 καὶ
606 1941 873 2025 ἴδωμεν,
911 1944 1181 2026 φαῦλον
1210 1934 1255 2024 ἦ
1290 1937 1663 2008 σπουδαῖόν
1693 1941 1888 2006 ἐστιν.
1927 1933 2121 2009 Ἀλλα
2157 1937 2298 2025 χρή.

266 2029 427 2104 Ωδε
484 2036 567 2123 δὴ
611 2036 1059 2123 προθώμεθα·
1126 2036 1555 2123 πράττοντας,
1597 2038 1849 2123 φαμέν,
1893 2031 2302 2119 ἀνθρώπους

280 2146 566 2220 μιμεῖται
600 2132 642 2221 ἡ
683 2134 993 2223 μιμητικὴ
1035 2141 1294 2222 βιαίους
1333 2130 1377 2221 ἢ
1417 2136 1724 2213 ἑκουσίας
1755 2133 2042 2222 πράξεις,
2075 2135 2186 2201 καὶ
2225 2137 2298 2200 ἐκ

280 2238 407 2300 τοῦ
428 2230 742 2315 πράττειν
761 2228 806 2317 ἢ
829 2224 908 2300 εὖ
930 2235 1276 2318 οἰομένους
1295 2227 1343 2318 ἦ
1364 2239 1583 2312 κακῶς
1615 2234 2046 2318 πεπραγέναι,
2078 2231 2190 2299 καὶ
2224 2232 2299 2298 έν

276 2327 540 2409 τούτοις
561 2326 642 2414 δὴ
666 2334 871 2397 πᾶσιν
891 2326 936 2415 ἦ
956 2331 1425 2416 λυπουμένους
1445 2325 1489 2415 ἢ
1506 2336 1875 2416 χαίροντας.
1919 2328 2011 2415 μή
2032 2354 2097 2395 τι
2132 2327 2292 2395 ἄλλο

273 2418 323 2513 ᾗ
353 2424 533 2514 παρὰ
568 2433 807 2506 ταῦτα;
854 2425 1094 2496 Οὐδέν.
1141 2418 1281 2514 Ἆρ’
1319 2418 1446 2495 οὖν
1478 2429 1553 2494 έν
1593 2424 1804 2495 ἅπασι
1843 2426 2101 2503 τούτοις
2134 2422 2299 2511 ὁμο-

273 2531 598 2611 νοητικῶς
630 2522 993 2608 ἅνθρωπος
1029 2524 1384 2606 διάκειται;
1435 2520 1482 2611 ἦ
1514 2522 1738 2609 ὥσπερ
1781 2522 1947 2592 κατὰ
1980 2522 2104 2607 τὴν
2138 2522 2295 2602 ὄψιν
2339 2539 2382 2588 D

278 2624 612 2702 ἐστασίαζε
634 2623 745 2690 καὶ
766 2625 1068 2702 ἐναντίας
1090 2620 1262 2708 εἶχεν
1284 2624 1359 2689 ἐν
1378 2622 1590 2712 ἑαυτῷ
1616 2619 1810 2702 δόξας
1836 2618 1972 2707 ἅμα
1993 2621 2297 2704 περὶτῶν

280 2716 528 2805 αὐτῶν,
555 2717 735 2787 οὕτω
757 2721 869 2788 καὶ
888 2723 962 2787 ἐν
982 2734 1124 2800 ταῖς
1145 2718 1422 2808 πράξεσι
1441 2718 1768 2801 στασιάζει
1787 2744 1858 2788 τε
1880 2718 1993 2785 καὶ
2025 2715 2300 2804 μάχεται

275 2814 478 2897 αὐτὸς
496 2814 683 2906 αὐτῷ
695 2845 716 2898 3
752 2816 1337 2906 ἀναμιμνήσκομαι
1364 2820 1457 2901 δέ,
1481 2815 1585 2887 ὅτι
1611 2815 1815 2884 τοῦτό
1845 2839 1921 2902 γε
1943 2823 2074 2883 νῦν
2097 2812 2301 2883 οὐδὲν

280 2911 435 2981 δεῖ
400 2923 570 3000 ημᾶς
592 2919 1164 3003 διομολογεῖσθαι·
1208 2919 1282 2983 ἐν
1314 2941 1446 3002 γαρ
1485 2928 1622 2993 τοῖς
1641 2913 1785 2982 ανω
1808 2912 2030 3000 λόγοις
2051 2917 2299 2991 ίκανως

277 3009 497 3078 πάντα
536 3021 746 3081 ταῦτα
800 3012 1477 3101 διωμολογησάμεθα,
1520 3037 1624 3080 οτι
1672 3016 1937 3097 μυρίων
1972 3011 2299 3079 τοιούτων

275 3110 789 3196 ἐναντιωμάτων
853 3107 991 3195 ἅμα
1045 3113 1462 3196 γηινομένων
1514 3106 1557 3197 ἡ
1614 3107 1791 3196 ψυχὴ
1845 3110 2029 3194 γέμει
2083 3107 2295 3195 ἡμων.

269 3206 546 3293 Ὀρθως,
571 3213 718 3294 ἔφη.
758 3205 1015 3293 Ὀρθως
1034 3208 1185 3296 γάρ,
1217 3201 1307 3294 ἦν
1327 3207 1395 3277 δ’
1419 3208 1579 3295 ἐγώ·
1624 3205 1771 3277 ἀλλ’
1814 3232 1852 3275 ο
1886 3206 2037 3275 τότε
2067 3204 2300 3273 άπελί-

275 3329 521 3394 πομεν,
567 3312 700 3373 νῦν
739 3333 855 3393 μοι
896 3310 1085 3376 δοκεῖ
1128 3303 1495 3392 ἀναγκαῖον
1538 3303 1706 3374 εἶναι
1749 3307 2131 3385 διεξελθεῖν.
2198 3300 2290 3369 Τὸ
2329 3312 2370 3361 Ε

275 3416 507 3486 notum
551 3408 698 3491 ἔφη.
738 3402 960 3493 Ἀνήρ,
980 3395 1069 3493 ἦν
1094 3402 1161 3472 δ’
1184 3403 1341 3493 ἐγώ,
1366 3400 1652 3492 ἐπιεικὴς
1670 3406 1938 3471 τοιᾶσδε
1960 3400 2161 3486 τύχης
2181 3424 2301 3485 με-
