2602 3928
365 223 492 287 394
1057 226 1633 285 ΠΛΑΤΩΝΟΣ
2316 237 2395 294 76

365 411 591 472 γνεται
613 385 871 473 νοτερά,
897 385 1007 453 καὶ
1029 392 1255 471 κοῦφα
1281 385 1360 470 δὴ
1384 386 1493 452 καὶ
1517 390 1745 472 βαρέα,
1770 388 1881 455 καὶ
1916 386 2131 467 πάσας
2166 387 2392 476 πάντη

366 481 732 571 μεταβολάς
754 484 1021 568 δέχεται.
1065 483 1286 568 μόνως
1307 479 1437 565 γὰρ
1461 482 1566 567 δή,
1602 486 1842 570 φαμέν,
1881 481 2128 552 ταύτόν
2161 481 2393 576 ταύτῷ

366 580 531 649 κατὰ
555 579 756 649 ταύτὸ
781 582 891 649 καὶ
913 578 1231 660 ὡσαύτως
1261 582 1373 647 καὶ
1407 577 1537 647 άνά
1574 580 1778 667 λόγον
1806 581 2395 669 προσγιγνόμενον

364 680 477 746 καὶ
498 675 1030 802 άπογνγνόμενον
1066 681 1241 748 ἐάσει
1273 675 1519 746 ταύτὸν
1547 676 1629 745 ὂν
1667 677 1851 770 αὐτῷ
1886 687 2027 749 σῶν
2056 682 2169 748 καὶ
2204 678 2395 766 ὑγιὲς

365 779 620 862 μένειν·
677 776 716 843 ὃ
758 775 824 843 δ’
871 803 958 844 αν
997 776 1428 863 πλημμελήσῃ
1469 802 1531 843 τι
1569 778 1831 846 τούτων
1867 775 2054 857 ἐκτὸς
2097 774 2303 845 άπιόν
2346 773 2394 863 ἢ

365 874 667 960 προσιόν,
692 871 923 942 άλλοιό
928 901 1120 961 τητας
1157 882 1597 960 παμποικίλοις
1617 879 1727 944 καὶ
1760 875 2004 955 νόσους
2023 875 2298 962 φθοράς
2318 901 2392 943 τε

363 969 677 1054 ἀπείρους
698 974 1060 1057 παρέξεται.
1092 976 1422 1059 δευτέρων
1443 970 1524 1058 δὴ
1544 972 1926 1053 ξυστάσεων
1946 999 2036 1041 αυ
2056 971 2223 1041 κατὰ
2246 974 2393 1058 φύ-

293 1086 330 1137 u
366 1090 474 1136 σιν
527 1072 1021 1156 ξυνεστηκυιων
1068 1073 1345 1156 δευτέρα
1400 1071 1797 1158 κατανόησις
1839 1071 2238 1159 νοσημάτων
2289 1096 2388 1159 τω

362 1169 752 1256 βουλομένω
785 1174 1078 1253 γίγνεται
1112 1174 1489 1254 ξυννοῆσαι.
1556 1174 1811 1255 μυελοῦ
1841 1170 1970 1255 γὰρ
2009 1171 2075 1249 ἐξ
2112 1172 2394 1262 ἐκείνων

365 1259 572 1330 ὀστοῦ
594 1288 664 1330 τε
686 1265 797 1330 καὶ
832 1263 1077 1351 σαρκὸς
1110 1267 1222 1332 καὶ
1253 1265 1508 1351 νεύρου
1538 1268 2008 1351 ξυμπαγέντος,
2048 1270 2141 1333 ἔτι
2174 1289 2246 1332 τε
2281 1268 2393 1331 αι-

365 1386 568 1446 ματος
587 1357 795 1428 ἄλλον
816 1362 940 1447 μὲν
953 1360 1228 1449 τρόπον,
1254 1366 1327 1430 έκ
1349 1365 1421 1431 δὲ
1442 1389 1580 1431 των
1600 1361 1828 1432 αὐτων
1848 1363 2223 1451 γεγονότος,
2248 1385 2388 1430 των

366 1464 488 1546 μὲν
519 1457 742 1527 άλλων
784 1459 865 1528 τὰ
908 1468 1180 1528 πλεῖστα
1218 1452 1389 1548 ᾗπερ
1421 1489 1501 1529 τα
1539 1460 1865 1547 πρόσθεν,
1889 1460 1971 1529 τά
2008 1465 2080 1528 δὲ
2112 1456 2391 1547 μέγιστα

365 1582 501 1624 των
523 1558 918 1643 νοσημάτων
950 1562 1105 1646 τῇδε
1125 1559 1374 1645 χαλεπὰ
1399 1556 1951 1645 ξυμπέπτωκεν,“
1925 1557 2089 1625 όταν
2121 1555 2385 1625 ἀνάπα-

367 1650 534 1723 λιν“
494 1682 535 1741 η
560 1658 814 1740 γένεσις
835 1654 1095 1723 τούτων
1113 1657 1499 1743 πορεύηται,
1513 1657 1663 1725 τότε
1682 1662 1891 1724 ταῦτα
1907 1660 2387 1742 διαφθείρεται.

366 1750 532 1820 κατά
557 1752 767 1838 φύσιν
787 1750 914 1839 γάρ
937 1754 1179 1840 σάρκες
1189 1754 1312 1840 μὲν
1326 1755 1436 1822 καὶ
1459 1761 1668 1840 νεῦρα
1689 1756 1756 1833 ἐξ
1775 1757 2046 1840 αἳματος
2066 1759 2388 1837 γίγνεται,

287 1870 329 1919 D
365 1858 615 1935 νεῦρον
648 1853 771 1936 μὲν
813 1853 877 1931 ἐξ
914 1857 1080 1919 cve-521
1113 1850 1223 1920 διὰ
1257 1850 1381 1939 τὴν
1421 1856 1825 1937 ξυγγένειαν,
1860 1851 2102 1938 σάρκες
2134 1848 2206 1917 δὲ
2252 1848 2386 1917 ἄπο

312 2038 321 2045 ἡ
363 1953 486 2016 τοῦ
521 1953 861 2036 παγέντος,
898 1947 939 2016 ὃ
980 1948 1312 2035 πήγνυται
1343 1950 1788 2038 χωριζόμενον
1813 1955 1976 2018 ἰνῶν
1994 1975 2007 1989 ·
2055 1944 2129 2016 τὸ
2155 1949 2227 2017 δὲ
2250 1944 2384 2015 άπὸ

364 2051 502 2115 τῶν
525 2046 790 2133 νεύρων
811 2049 922 2114 καὶ
951 2056 1221 2133 σαρκῶν
1255 2046 1458 2116 ἀπιὸν
1487 2042 1575 2116 αὖ
1607 2055 1924 2135 γλίσχρον
1957 2050 2069 2115 καὶ
2100 2042 2388 2129 λιπαρὸν

365 2169 500 2228 αμα
543 2142 665 2228 μὲν
701 2142 824 2230 τὴν
867 2145 1082 2231 σάρκα
1121 2153 1331 2234 κολλα
1375 2142 1543 2234 πρὸς
1581 2146 1705 2233 τὴν
1739 2172 1876 2214 των
1910 2142 2127 2213 ὀστων
2171 2143 2388 2230 φύσιν

367 2237 531 2307 αὐτό
553 2265 623 2308 τε
646 2241 721 2307 τὸ
752 2244 903 2326 περὶ
937 2241 1059 2313 τὸν
1090 2241 1345 2330 μυελὸν
1382 2242 1629 2312 ὀστοῦν
1662 2245 1912 2329 τρέφον
1954 2241 2157 2327 αυξει,
2191 2238 2266 2307 τὸ
2315 2237 2384 2306 δ’

366 2328 456 2402 αὖ
472 2330 591 2403 διὰ
614 2335 741 2425 τὴν
761 2339 1142 2427 πυκνότητα
1162 2368 1301 2409 των
1334 2339 1553 2409 ὀστων
1583 2341 2042 2428 διηθούμενον
2060 2336 2385 2425 καθαρώ-

365 2458 564 2502 τατον
585 2437 777 2519 γένος
795 2461 934 2504 των
948 2437 1292 2523 τριγώνων
1315 2437 1655 2506 λειότατόν
1684 2464 1755 2505 τε
1775 2441 1885 2505 καὶ
1900 2430 2383 2523 λιπαρώτατον,

287 2545 329 2596 Ε
363 2532 756 2619 λειβόμενον
777 2531 906 2601 απὸ
931 2561 1067 2603 των
1088 2531 1309 2604 όστων
1329 2539 1440 2604 καὶ
1461 2535 1722 2622 στάζον,
1738 2534 1925 2620 άρδει
1959 2531 2079 2601 τὸν
2106 2531 2384 2620 μυελόν,

362 2632 474 2699 καὶ
506 2627 672 2698 κατὰ
704 2638 916 2699 ταῦτα
941 2636 1064 2717 μὲν
1087 2637 1503 2720 γιγνομένων
1523 2633 1822 2703 ἑκάστων
1856 2630 2071 2718 ὑγίεια
2105 2638 2386 2719 ξυμβαί-

364 2754 465 2797 νει
500 2727 577 2796 τὰ
615 2729 859 2797 πολλά·
899 2730 1091 2797 νόσοι
1127 2732 1220 2817 δέ,
1260 2731 1421 2798 ὅταν
1455 2734 1787 2809 ἐναντίως.
1812 2728 1993 2823 ,ὅταν
2020 2729 2147 2815 γάρ
2180 2755 2381 2814 τηκο-

363 2832 527 2914 μένη
561 2828 725 2915 σὰρξ
761 2826 1098 2897 ἀνάπαλιν
1132 2834 1226 2907 εἰς
1255 2827 1377 2908 τὰς
1410 2832 1659 2917 φλέβας
1693 2828 1817 2916 τὴν
1852 2830 2177 2915 τηκεδόνα
2222 2832 2382 2915 ἐξιῇ,

362 2924 510 2992 τότε
529 2926 692 3011 μετὰ
714 2925 1089 3013 πνεύματος
1112 2921 1270 3013 αἷμα
1285 2928 1461 2996 πολύ
1483 2953 1553 2995 τε
1566 2931 1677 2996 καὶ
1698 2927 2129 2997 παντοδαπὸν
2152 2930 2226 2996 έν
2241 2940 2381 3006 ταῖς

365 3025 568 3107 φλεψὶ
591 3025 888 3110 χρώμασι
918 3028 1031 3094 καὶ
1051 3026 1402 3113 πικρότησι
1422 3028 1954 3113 ποικιλλόμενον,
1979 3032 2075 3095 ἔτι
2104 3028 2176 3096 δὲ
2211 3024 2383 3107 ὀξεί-

364 3146 466 3199 αις
498 3124 607 3190 καὶ
645 3120 967 3209 ἁλμυραῑς
1003 3126 1346 3212 δυνάμεσι,
1384 3123 1584 3212 χολὰς
1618 3129 1727 3194 καὶ
1760 3132 2000 3212 ίχοῖρας
2029 3127 2141 3193 καὶ
2177 3127 2384 3210 φλέγ-

362 3247 533 3305 ματα
555 3234 836 3288 παντοῖα
858 3231 1026 3310 ἴσχει
1039 3246 1054 3262 ·
1079 3230 1511 3309 παλιναίρετα
1534 3221 1665 3310 γὰρ
1690 3224 1907 3293 πάντα
1927 3222 2252 3309 γεγονότα
2274 3224 2386 3289 καὶ

364 3319 824 3402 διεφθαρμένα
845 3321 919 3387 τό
944 3346 1016 3388 τε
1037 3316 1195 3408 αἷμα
1219 3320 1381 3390 αὐτὰ
1414 3331 1685 3408 πρῶτον
1707 3323 2028 3405 διόλλυσι,
2062 3322 2171 3388 καὶ
2214 3316 2384 3387 αὐτὰ

265 3425 333 3478 83
365 3412 684 3499 οὐδεμίαν
703 3418 962 3505 τροφὴν
982 3424 1075 3487 ἔτι
1097 3429 1192 3511 τῷ
1212 3421 1465 3509 σώματι
1488 3427 1860 3509 παρέχοντα
1883 3425 2150 3508 φέρεται
2165 3419 2383 3505 πάντη
