2602 3928
334 224 460 288 ‘230
1097 224 1665 285 ΠΛΑΤΩΝΟΣ

333 393 478 475 ἔφη.
537 387 937 471 Παράνομος
970 385 1075 472 δή,
1111 383 1313 471 οἶμαι,
1346 384 1520 464 δόξει
1550 387 1895 470 γεγονέναι
1929 389 2002 454 ἐκ
2032 392 2339 472 νομιμοῦ.

325 482 631 570 Ἀνάγκη.
681 481 976 566 Οὐκοῦν,
1000 487 1192 568 ἔφην,
1219 482 1399 561 είκὸς
1427 481 1503 549 τὸ
1525 483 1744 561 πάθος
1762 491 1898 550 τῶν
1919 480 2097 552 οὕτω
2121 482 2344 569 λόγων

334 579 721 667 ἁπτομένων
744 586 873 666 καί,
902 576 940 648 ὃ
971 580 1118 666 ἄρτι
1141 587 1390 666 ἔλεγον,
1426 589 1670 666 πολλῆς
1693 580 2091 667 συγγνώμης
2125 579 2342 661 άξιονς

333 683 462 748 Καὶ
483 683 673 749 ἐλέου
695 678 785 765 γ’,
816 685 959 765 ἔφη.
1010 676 1287 747 Οὐκοῦν
1307 681 1419 745 ἵνα
1441 676 1527 763 μὴ
1565 674 1919 764 γίγνηται’
1887 703 1924 744 ο
1949 683 2128 757 ἔλεος
2148 669 2343 756 οὗτος

333 779 482 861 περὶ
517 775 676 856 τούς
706 774 1218 863 τριακοντούτας
1245 796 1372 859 σοι,
1410 771 1877 894 εὐλαβουμένῳ
1899 778 2094 843 παντὶ
2115 776 2343 896 τρόπω

334 881 471 940 τῶν
513 875 735 959 λόγων
771 873 1046 949 ἁπτέονς
1088 874 1218 940 Καὶ
1245 871 1427 958 μάλ’,
1465 864 1510 957 ἦ
1538 870 1604 939 δ’
1639 870 1732 951 ὅς.
1767 865 1906 955 Αρ’
1948 865 2073 939 οὖν
2108 871 2191 940 ού
2223 879 2335 959 μία

260 990 300 1040 Β
336 970 457 1057 μὲν
480 969 785 1059 εὐλάβεια
807 970 976 1056 αὕτη
997 971 1228 1057 συχνή,
1258 969 1334 1038 τὸ
1359 971 1447 1056 μὴ
1471 969 1728 1048 νέους’ν
1687 997 1886 1049 οντας
1905 968 2128 1038 αὐτῶν
2149 971 2344 1057 γεύε-

337 1078 533 1149 σθαις
577 1067 757 1155 οἶμαι
767 1069 897 1156 γάρ
920 1088 993 1137 σε
1016 1068 1101 1135 οὐ
1128 1065 1565 1155 λεληθέναι,”’
1526 1093 1628 1135 οτι
1648 1072 1718 1136 oc
1729 1076 2158 1156 μειρακίσκοι,
2182 1066 2346 1136 ὅταν

335 1167 410 1234 τὰ
443 1176 710 1251 πρῶτον
733 1167 952 1252 λόγων
973 1167 1322 1251 γεύωνται,
1349 1162 1437 1243 ὥς
1458 1172 1690 1254 παιδιᾷ
1712 1164 1935 1246 αὐτοῖς
1955 1175 2340 1254 καταχρῶν-

337 1291 463 1349 ται,
509 1264 611 1332 ἀεὶ
654 1270 746 1343 εἰς
786 1262 1165 1348 ἀντιλογίαν
1200 1262 1548 1349 χρώμενοι,
1595 1265 1705 1331 καὶ
1749 1265 2141 1350 μιμούμενοι
2187 1263 2345 1347 τοὺς
2442 1260 2443 1263 “

341 1364 792 1447 ἐξελέγχοντας
836 1360 1025 1430 αὐτοὶ
1062 1361 1307 1440 ἄλλους
1342 1365 1700 1448 ἐλέγχουσι,
1748 1367 2084 1449 χαίροντες
2121 1359 2341 1446 ὥσπερ

337 1460 663 1528 σκυλάκια
682 1467 777 1550 τῷ
798 1461 1013 1528 ἕλκειν
1032 1487 1102 1528 τε
1124 1463 1230 1528 καὶ
1257 1461 1655 1546 σπαράττειν
1674 1468 1770 1549 τῷ
1790 1460 1968 1548 λόγῳ
1989 1459 2148 1538 τοὺς
2175 1468 2344 1543 πλη-

338 1564 487 1626 σίον
509 1556 628 1626 άεί.
664 1557 1047 1645 ’Τπερφυιὸς
1070 1560 1193 1646 μὲν
1217 1552 1367 1643 οὖν,
1391 1564 1539 1645 ἔφη.
1587 1555 1863 1627 Οὐκοῦν
1883 1554 2049 1625 ὅταν
2072 1555 2150 1644 δὴ
2177 1566 2343 1626 πολ-

339 1657 497 1736 λοὺς
538 1658 661 1743 μὲν
703 1655 890 1725 αὐτοὶ
931 1659 1300 1743 ἐλέγξωσιν,
1346 1654 1478 1724 ὑπὸ
1522 1665 1791 1731 πολλῶν
1834 1658 1905 1726 δὲ
1960 1659 2344 1743 ἐλεγχθῶσι,

266 1780 304 1831 c
340 1754 605 1840 σφόδρα
625 1758 735 1823 καὶ
754 1755 918 1840 ταχύ
939 1757 1378 1840 ἐμπίπτουσιν
1413 1759 1504 1832 εἰς
1532 1751 1605 1822 τὸ
1631 1757 1838 1840 μηδὲν
1869 1751 2178 1840 ἡγεῖσθαι
2211 1744 2342 1821 ὥν-

338 1875 462 1935 περ
483 1850 835 1939 πρότερον·
877 1852 988 1919 καὶ
1009 1854 1080 1918 έκ
1101 1852 1363 1919 τούτων
1385 1849 1465 1938 δὴ
1491 1850 1688 1918 αὐτοί
1702 1876 1774 1918 τε
1796 1853 1906 1919 καὶ
1938 1849 2012 1919 τὸ
2047 1849 2209 1918 ὅλον
2229 1876 2341 1935 φι-

339 1956 658 2035 λοσοφίας
701 1951 850 2032 πέρι
893 1954 985 2027 εἰς
1027 1945 1187 2028 τοὺς
1230 1948 1475 2029 ἄλλους
1528 1953 2013 2038 διαβέβληνται.
2071 1945 2341 2035 Ἀληθέ-

339 2067 563 2131 στατα,
591 2051 735 2132 ἔφη.
762 2042 833 2113 Ὁ
858 2044 930 2113 δὲ
951 2043 1030 2132 δὴ
1057 2047 1523 2134 πρεσβύτερος,
1553 2041 1642 2133 ἦν
1662 2043 1728 2114 δ’
1752 2048 1901 2133 ἐγώ,
1927 2056 2043 2135 τῆς
2065 2046 2188 2133 μὲν
2205 2072 2337 2114 τοι

340 2142 546 2226 αύτης
566 2148 804 2227 μανίας
823 2138 950 2209 ούκ
971 2169 1059 2209 αν
1080 2146 1300 2212 ἐθέλοι
1326 2149 1635 2230 μετέχειν,
1667 2142 1789 2212 τὸν
1823 2143 1894 2212 δὲ
1928 2146 2345 2230 διαλέγεσθαι

341 2243 657 2306 ἐθέλοντα
693 2240 804 2308 καὶ
838 2254 1114 2308 σκοπεῖν
1147 2238 1431 2329 τάληθὲς
1460 2249 1717 2328 μαλλον
1758 2242 2107 2328 μιμήσεται
2138 2237 2182 2327 ἢ
2225 2238 2344 2308 τὸν

341 2339 605 2415 παιδιᾶς
625 2335 821 2421 χάριν
842 2342 1154 2418 παίζοντα
1175 2340 1286 2407 καὶ
1307 2337 1755 2424 ἀντιλέγοντα,
1777 2340 1884 2405 καὶ
1908 2336 2107 2417 αὐτός
2125 2363 2194 2405 τε
2226 2362 2347 2424 με-

259 2456 303 2507 ι)
340 2431 688 2521 τριώτερος
707 2438 889 2502 ἔσται
920 2435 1029 2503 καὶ
1062 2434 1136 2502 τὰ
1172 2435 1573 2523 ἐπιτήδευμα
1602 2436 1994 2522 τιμιώτερον
2026 2433 2174 2503 άντὶ
2205 2431 2350 2501 άτι-

340 2532 623 2617 μοτέρου
644 2531 922 2617 ποιήσει.
957 2508 1232 2618 Ὀρθως,
1255 2538 1400 2621 ἔφη.
1469 2532 1744 2603 Ούκουν
1776 2537 1887 2602 καὶ
1919 2559 2000 2601 τα
2036 2557 2350 2618 προειρή-

339 2631 504 2714 μένα
525 2628 768 2697 τούτου
781 2626 875 2696 ἐπ’
899 2627 1207 2720 εύλαβεία
1219 2632 1436 2699 πάντα
1458 2636 1861 2718 προείρηται,
1884 2628 1958 2699 τὸ
1983 2629 2101 2709 τάς
2118 2633 2351 2715 φύσεις

339 2733 657 2814 κοσμίους
678 2726 845 2795 εἶναι
877 2728 989 2796 καὶ
1010 2736 1386 2815 στασίμους,
1422 2724 1521 2808 οἷς
1540 2755 1636 2807 τις
1671 2727 2030 2815 μεταδώσει
2064 2754 2201 2796 των
2235 2728 2350 2795 λόα
2462 2795 2471 2801 ,

338 2851 498 2910 γων,
524 2828 633 2893 καὶ
654 2824 742 2911 μὴ
768 2822 858 2905 ὥς
877 2831 1008 2893 νῦν
1031 2823 1066 2894 ὁ
1096 2853 1316 2912 τυχων
1340 2831 1452 2896 καὶ
1484 2824 1687 2896 οὐδὲν
1708 2825 2069 2914 προσήκων
2100 2833 2352 2913 ἔρχεται

342 2921 445 2988 ἐπ’
470 2921 671 3006 αὐτός
709 2924 911 2991 Πάνυ
931 2924 1054 3009 μὲν
1075 2951 1222 3009 ουν,
1246 2930 1396 3012 ἔφη.

511 3024 723 3087 xvm.
766 3017 983 3103 Ἀρκετ
1012 3020 1092 3108 δὴ
1135 3024 1238 3090 ἐπὶ
1274 3023 1497 3109 λόγων
1523 3025 1880 3110 μεταλήψει
1906 2985 2126 3109 μεῖναι
2166 3024 2343 3089 ἑνδε-

344 3122 547 3202 λεχως
557 3118 667 3184 καὶ
689 3116 1042 3204 ξυντόνως,
1058 3119 1266 3205 μηδὲν
1281 3118 1442 3188 ἄλλο
1462 3119 1839 3207 πράττοντι,
1852 3118 1988 3187 ἀλλ’
2005 3116 2354 3202 ἀντιστρό-

346 3239 489 3299 φως
508 3215 979 3305 γυμναζομένῳ
1001 3229 1137 3295 τοῖς
1161 3219 1311 3304 περὶ
1338 3217 1413 3284 τὸ
1437 3225 1626 3304 σωμα
1661 3226 2070 3304 γυμνασίοις,
2107 3223 2218 3303 ἔτη
2250 3223 2347 3285 δι-

266 3329 309 3381 Ε
342 3311 589 3380 πλάσια
609 3309 654 3398 ἢ
673 3312 851 3392 τότε;
875 3310 1005 3395 Ἕξ,
1033 3318 1181 3401 ἔφη,
1203 3310 1249 3401 ἢ
1268 3317 1544 3399 τέτταρα
1565 3318 1810 3402 λέγεις;
1847 3314 2117 3402 Ἀμέλει,
2143 3313 2352 3399 εἷπον,

346 3417 541 3480 πέντε
560 3413 696 3490 θές.
739 3412 902 3498 μετὰ
921 3410 1052 3496 γάρ
1078 3421 1277 3481 τοῦτο
1318 3418 1818 3501 καταβιβαστέοι
1836 3418 2103 3482 ἔσονταί
2130 3434 2238 3480 σοι
2264 3416 2356 3489 εἰς
