2602 3928
300 258 389 294 xvr
1134 243 1596 295 PRAEFATIO.

294 384 354 432 7:
390 378 668 445 δηλοῦντα
703 371 880 445 μόνον
915 368 955 429 ἃ
988 374 1157 444 λέγει,
1191 396 1254 430 ne
1290 382 1364 431 ita
1399 381 1605 444 quidem
1643 382 1855 445 tentavi,
1897 388 1953 432 ut
1990 397 2105 433 cum
2128 383 2437 438 Schneidero

289 466 355 500 ex
390 453 504 504 Par.
537 465 691 500 mauu
721 465 826 504 sec.
869 445 1039 515 λέγεις
1074 450 1376 515 reciperem,
1411 450 1598 501 nedum
1639 465 1755 502 cum
1790 450 2013 516 Rettigio
2046 451 2080 504 l.
2117 469 2162 502 c.
2199 469 2255 520 p.
2292 455 2356 506 21
2397 449 2435 521 ἡ

291 510 446 584 ψυχὴ
471 520 718 586 legerem3
748 519 920 584 plures
950 519 1085 570 enim
1119 517 1421 569 emendandi
1451 518 1564 568 viae
1588 520 1827 585 patebant
1910 534 2089 571 uarum
2120 523 2247 574 nulli
2275 531 2438 579 totum

289 605 371 640 me
400 589 640 640 addicere
673 596 922 654 poteram.
947 615 1018 626 -
1044 589 1100 642 P.
1135 589 1238 640 534
1265 576 1658 668 Ονέξεγρέσθαι
1686 603 1781 654 pro
1813 535 2137 652 ἐξῖγρεσθαι,
2163 594 2349 659 scripsi
2383 604 2439 645 ut

292 657 524 725 Sympos.
565 673 610 713 c.
647 657 740 718 393
787 672 840 723 p.
882 656 984 710 535
1018 657 1057 708 G
1090 665 1259 708 autem
1310 671 1341 720 η
1389 671 1501 706 τινι
1536 658 1694 709 ascivi
1730 674 1847 709 cum
1884 658 2196 712 Prinsterero
2234 662 2437 714 Platon.

291 742 595 793 prosopogr.
632 741 686 792 p.
724 726 827 778 209
868 742 960 793 pro
1005 714 1044 790 ἢ
1079 724 1221 788 τίνι,
1260 728 1342 777 cui
1377 741 1678 792 responsum
1713 742 1810 779 non
1847 743 1895 778 m
1970 730 2013 777 ‘s
2049 745 2202 793 quam
2229 746 2344 797 sup.
2416 765 2429 782 .

294 796 397 848 530
435 796 472 847 C
513 812 604 847 con
705 796 771 857 it;
823 810 956 846 nunc
992 802 1069 846 est
1103 805 1160 846 ut
1192 810 1246 861 p.
1287 793 1392 876 538
1429 797 1500 845 A:
1537 792 1646 846 οἴει
1679 788 1740 846 ἓν
1775 812 1888 847 τινι
1990 796 2057 865 λῃ
2096 797 2320 859 πλείους
2351 747 2431 851 sg-

291 858 512 930 ρήσειν;
561 880 591 915 ο
631 862 837 928 δαμῶς.
888 892 959 903 -
1002 865 1059 914 Ρ.
1095 863 1198 916 536
1238 865 1284 913 Α
1319 878 1550 929 αρχουσι
1585 866 1634 916 V
1673 873 1722 916 et
1758 864 2094 918 Schneider-us
2113 906 2127 930 ,
2166 858 2434 935 ἄρχουσιν

291 934 427 996 BST,
458 937 631 985 nescio
668 935 820 985 unde.
860 960 927 971 -
958 935 1012 984 P.
1054 932 1155 985 537
1186 935 1226 982 Ε
1257 922 1635 998 ἐμπίπλανται
1674 937 1782 985 Ast.
1822 944 1870 987 et
1906 935 2082 987 Stallb.
2119 953 2235 988 cum
2264 939 2435 992 Ficbno

289 1018 382 1054 neo
417 1005 527 1055 sine
558 1004 725 1063 libris,
764 1003 859 1053 etsi
895 1004 1072 1069 optimi
1091 996 1462 1067 ἐμπίπλαται,
1500 1006 1640 1069 quod
1671 1002 2009 1056 Schneiderus
2034 1006 2103 1057 ad
2130 1006 2295 1074 ipsam
2324 1011 2434 1060 dia-

288 1073 516 1123 lectica'm
551 1073 731 1132 refert3
779 1072 917 1123 idem
954 1080 1123 1122 tamen
1164 1072 1413 1137 pluralem
1446 1080 1655 1140 propter
1688 1087 1908 1138 sequens
1944 1065 2148 1132 αὖτοῦς
2186 1079 2435 1143 aptiorem

289 1157 404 1191 esse
440 1141 695 1208 agnoscit,
729 1156 879 1205 quem
913 1141 1149 1203 equidem
1174 1141 1257 1192 vel
1288 1143 1578 1209 conjectura
1603 1144 1973 1195 restituendum
1998 1143 2158 1195 fuisse
2188 1147 2436 1204 dixerim:

287 1212 569 1275 eodemque
600 1225 747 1262 exem
785 1210 835 1260 lo
868 1224 989 1260 mox
1025 1225 1075 1274 p.
1109 1209 1211 1262 538
1241 1210 1282 1261 Β
1314 1211 1395 1262 vel
1428 1219 1599 1262 contra
1622 1227 1925 1264 consensum
1960 1213 2202 1265 librorum
2238 1206 2437 1266 αἰσθό-

289 1292 460 1343 μενον
503 1296 596 1347 pro
645 1271 740 1329 αἰσ
785 1270 986 1343 όμενος
1037 1280 1245 1345 scripsi,
1294 1296 1446 1343 quem
1497 1281 1867 1332 nominativum
1912 1281 2202 1333 absolutum
2253 1285 2429 1335 haberi

289 1364 439 1415 posse
475 1348 780 1400 Schneidero
817 1349 879 1403 T.
912 1349 952 1402 Ῑ.
991 1363 1045 1413 Ρ.
1086 1348 1186 1400 377
1222 1349 1515 1412 neutiquam
1551 1351 1788 1402 concedo.

261 1540 265 1545 ,
427 1488 578 1552 Reip.
608 1486 642 1538 l.
665 1486 795 1538 VIII.
822 1500 876 1551 p,
910 1486 1014 1538 543
1034 1485 1073 1536 G
1089 1477 1204 1535 ἀλλ’
1224 1475 1323 1551 ἄγε
1350 1485 1443 1548 BS,
1475 1477 1615 1536 ἄλλά
1645 1500 1703 1551 γε
1724 1489 1813 1538 VT
1842 1496 1891 1538 et
1921 1486 2274 1550 SchneideruS,
2296 1492 2437 1553 quod

291 1558 387 1607 etsi
425 1555 544 1607 ferri
578 1569 733 1621 posse
761 1568 811 1619 p.
853 1553 951 1606 331
987 1556 1025 1605 Β
1063 1556 1262 1606 codices
1300 1555 1538 1616 doceant,
1574 1571 1709 1607 nunc
1742 1564 1912 1607 tamen
1944 1559 2278 1610 restrictivam
2309 1559 2436 1619 vim,

291 1640 422 1689 quae
459 1625 564 1675 illic
603 1623 874 1674 manifesta
911 1633 1013 1682 est,
1061 1630 1149 1674 aut
1183 1623 1374 1673 nullam
1410 1625 1589 1686 video,
1635 1634 1723 1676 ant
1758 1626 1805 1676 si
1850 1640 1952 1690 qua
1988 1634 2123 1678 esset
2155 1628 2436 1679 incommo-

292 1695 440 1754 dam,
473 1702 546 1753 ut,
584 1693 733 1776 quasi
768 1690 909 1742 aliud
945 1693 1149 1758 egisset,
1184 1692 1315 1744 haec
1346 1695 1522 1745 saltem
1547 1695 1802 1746 recordari
1832 1693 2023 1747 Glauco
2054 1697 2333 1761 juberetur.
2364 1725 2437 1736 —

291 1764 346 1813 P.
377 1764 481 1815 544
503 1761 542 1813 G
573 1777 609 1826 η
640 1756 907 1824 δευτέρως
934 1761 1004 1824 Η,
1037 1755 1133 1810 καὶ
1163 1755 1433 1826 δευτέρως
1465 1762 1609 1823 libri,
1649 1763 1911 1815 deficiente
1933 1764 2163 1830 subjecto
2187 1766 2267 1817 vel
2298 1775 2438 1816 certe

289 1832 530 1891 articulo,
567 1845 668 1896 quo
696 1829 793 1880 hoo
822 1838 872 1881 et
898 1837 1048 1881 antea
1084 1839 1133 1881 et
1159 1839 1278 1895 post
1311 1831 1610 1898 insignitum
1648 1833 1842 1882 correxi
1872 1833 2046 1898 igitur,
2078 1835 2214 1897 qnod
2239 1836 2439 1899 passim

289 1901 557 1952 confusum
592 1915 707 1951 esse
745 1901 798 1950 in
834 1898 1240 1956 Ritschel..Mus.
1280 1899 1444 1954 Rhen.
1487 1901 1543 1950 T.
1579 1901 1664 1951 IV.
1699 1914 1751 1967 p.
1791 1902 1889 1953 441
1929 1904 2132 1962 monui3
2169 1903 2268 1953 nisi
2303 1902 2439 1954 forte
2533 1944 2534 1959 ,

291 1971 449 2021 lenior
483 1971 611 2021 haec
642 1969 841 2021 medela
874 1970 1132 2030 videatur,
1164 1977 1220 2020 ut
1249 1960 1315 2032 ἡ,
1353 1969 1490 2033 quod
1520 1984 1640 2021 mox
1676 1977 1792 2021 ante
1829 1969 2026 2021 πασῶν
2060 1972 2112 2022 in
2148 1974 2260 2023 Par.
2297 1973 2437 2022 aliis-

289 2056 389 2105 que
427 2040 570 2090 libris
611 2046 812 2104 praeter
856 2054 1057 2089 omnem
1099 2039 1453 2090 necessitatem
1487 2037 1697 2106 legitur,
1734 2046 1973 2104 tanquam
2010 2042 2173 2092 alieno
2208 2041 2322 2091 loco
2359 2043 2436 2091 in-

289 2117 484 2159 trusum
516 2108 618 2159 huc
652 2123 962 2160 revocemus.
1018 2109 1146 2159 [bid.
1184 2098 1223 2171 ἥ
1250 2121 1381 2157 τινα
1412 2105 1448 2157 S
1483 2123 1527 2158 c.
1565 2108 1711 2159 Astio
1749 2123 1845 2160 nec
1875 2109 1986 2160 sine
2020 2110 2193 2170 libris,
2232 2098 2269 2173 ἢ
2304 2106 2439 2159 τίνα

289 2178 420 2228 VBT
456 2186 505 2228 et
544 2177 909 2237 Schneiderus,
947 2178 1084 2241 quod
1120 2192 1220 2228 non
1255 2177 1421 2245 magis
1457 2177 1541 2227 hic
1571 2192 1723 2240 quam
1756 2192 1872 2243 sup.
1919 2194 1968 2244 p.
2004 2181 2109 2230 474
2145 2181 2185 2229 Ε
2216 2178 2437 2230 colloca·
2525 2203 2526 2230 t

290 2250 428 2299 tio'ne
461 2248 775 2314 pronominis
822 2255 938 2297 ante
987 2237 1161 2311 ἄλλην
1197 2245 1514 2306 defenditur,
1558 2248 1731 2297 sensui
1774 2255 1940 2297 autem
1976 2249 2142 2300 minus
2178 2242 2434 2310 convenit,
2523 2279 2524 2298 ι

292 2319 383 2381 qui
425 2317 678 2367 numerari
719 2318 892 2382 potius
939 2331 1091 2380 qnam
1128 2316 1379 2366 nominari
1413 2330 1581 2365 rerum
1616 2317 1933 2381 publicarum
1974 2333 2160 2384 genera
2190 2318 2434 2383 postulat.

291 2414 361 2423 -
387 2388 441 2437 P.
472 2385 575 2437 546
607 2387 651 2437 D
677 2376 1080 2449 καταστήσουσι
1101 2386 1143 2435 H
1180 2385 1368 2451 exigua
1398 2384 1552 2434 trium
1580 2384 1821 2436 librorum
1848 2401 1951 2437 non
1981 2387 2283 2452 optimorum
2312 2386 2435 2446 fide,
2517 2439 2518 2458 χ

292 2456 386 2505 sed
419 2456 719 2515 necessaria,
755 2462 813 2505 ut
849 2456 1045 2521 opinor,
1080 2462 1367 2505 correctura
1400 2468 1493 2519 pro
1530 2446 1990 2521 καταστήσονται,
2022 2458 2159 2519 quod
2195 2454 2433 2522 Aeschyli

292 2524 522 2590 exemplo
560 2524 771 2575 Eumen.
807 2523 909 2576 676
943 2539 1096 2590 aegre
1128 2523 1348 2582 tueariS,
1387 2523 1684 2588 praesertim
1712 2539 1867 2588 quum
1894 2524 2118 2577 librariis
2153 2525 2278 2575 nihil
2317 2539 2438 2589 pro-

294 2595 473 2645 clivius
504 2594 672 2653 ruerit,
699 2608 849 2658 quam
870 2600 1164 2659 antegresso
1190 2593 1360 2643 medio
1384 2593 1606 2643 medium
1630 2594 1837 2654 iterare3
1869 2592 1934 2643 cf.
1966 2594 2182 2659 Strange
2211 2595 2262 2643 in
2279 2592 2433 2643 Jahn.

291 2663 497 2714 Archiv.
527 2663 585 2717 T.
619 2664 701 2716 111.
730 2677 782 2728 p.
814 2661 901 2716 13.
973 2663 1101 2716 Ibid.
1141 2653 1402 2727 δεύτερον
1438 2653 1500 2711 δὲ
1534 2653 1604 2711 τὰ
1629 2660 2004 2727 γυμναστικῆς
2040 2678 2164 2714 sana
2192 2677 2303 2714 esse
2334 2676 2438 2711 non

292 2733 534 2793 arbitror,
584 2733 704 2794 quia
739 2739 932 2783 tantum
970 2732 1116 2783 abest
1160 2740 1213 2782 ut
1261 2730 1482 2782 deterius
1529 2731 1658 2782 illud
1689 2733 1774 2782 »rei
1809 2733 2045 2799 publicae
2090 2745 2251 2797 genus
2287 2731 2439 2795 juxta

293 2803 542 2853 musicam
579 2802 731 2852 etiam
767 2802 1135 2868 gymnasticam
1163 2807 1475 2859 contemnat,
1511 2810 1569 2850 ut
1602 2800 1690 2865 qui
1718 2801 1766 2851 ei
1802 2802 2038 2867 congruit
2070 2800 2223 2850 homo
2253 2814 2304 2881 p.
2332 2798 2437 2851 549

296 2872 341 2920 A
372 2866 822 2934 φιλογυμναστὴς
850 2864 948 2921 καὶ
972 2859 1289 2935 φιλόθηρος
1314 2870 1650 2930 describatur3
1679 2871 1818 2933 quod
1843 2871 1890 2920 si
1914 2870 2031 2935 quis
2054 2884 2148 2935 pro
2176 2866 2438 2932 δευτερον

294 2939 451 2989 alium
500 2940 897 3005 comparativum
936 2939 1211 3003 invenerit,
1259 2939 1349 3003 qui
1387 2937 1632 3004 praeferri
1664 2938 1770 2990 illic
1804 2940 2173 3006 gymnasticam
2209 2937 2439 2988 musicae

295 3008 542 3073 declaret,
579 3023 640 3058 eo
675 3009 750 3059 uti
787 3025 885 3060 non
927 3022 1186 3068 recusem,
1223 3007 1423 3058 interim
1461 3014 1628 3059 autem
1662 3008 1821 3061 verba
1861 3009 1929 3058 ad
1962 3007 2262 3059 sententiam
2304 3013 2439 3056 certe

293 3093 394 3128 non
431 3079 718 3129 necessaria
749 3078 1141 3142 circumscrIpsi.
1166 3105 1239 3119 —-
1273 3077 1330 3126 P.
1353 3077 1456 3128 547
1478 3078 1524 3126 A
1550 3073 1785 3142 σιδηροῦ
1818 3067 2041 3146 ἀργυρῷ
2065 3078 2101 3126 Ρ
2135 3091 2239 3127 sec.
2267 3073 2435 3140 praef.

293 3148 418 3197 Tur.
458 3162 509 3212 p.
548 3146 731 3207 xxm,
772 3137 1007 3212 σιδήρου
1042 3137 1266 3214 ἀργύρῳ
1301 3145 1470 3195 VBST
1496 3153 1545 3197 et
1578 3144 1948 3201 SchneideruS.
1983 3146 2125 3196 haud
2158 3146 2354 3211 inepte,
2395 3143 2441 3192 si

293 3217 513 3279 quidem
537 3216 679 3267 Plato
717 3231 771 3282 p.
798 3216 901 3268 415
935 3215 1137 3266 metalla
1169 3216 1285 3281 ipsa
1317 3228 1446 3280 pura
1480 3214 1672 3267 servari
1702 3216 1883 3281 jussit;
1911 3214 2040 3265 illud
2066 3221 2235 3266 tamen
2263 3209 2440 3278 γενῶν

292 3286 563 3344 mentioni,
601 3301 731 3349 quae
760 3286 1062 3351 praecessit,
1109 3285 1279 3349 aptius
1316 3291 1410 3336 est.
1455 3309 1520 3319 -
1568 3286 1624 3337 P.
1660 3284 1762 3335 547
1795 3284 1836 3334 Β
1870 3274 1946 3333 τῶ
1986 3274 2049 3333 δ’
2084 3269 2158 3333 αὖ
2196 3275 2259 3332 τὸ
2296 3282 2338 3331 H
2375 3295 2440 3330 ex

295 3356 504 3423 egregia
534 3352 828 3405 Schneideri
854 3356 1175 3418 conjectura,
1211 3353 1359 3416 cujus
1394 3352 1550 3404 miror
1580 3368 1647 3404 ne
1674 3354 1953 3405 secundam
1990 3353 2193 3417 quidem
2218 3359 2435 3416 partem,

293 3438 443 3488 quam
475 3424 587 3489 ipse
625 3422 663 3471 P
695 3424 882 3486 aliique
916 3422 1030 3474 libri
1061 3412 1195 3471 αὐτὸ
1228 3421 1505 3472 scribentes
1533 3421 1760 3484 flrrnant,
1798 3422 1937 3474 illius
1977 3419 2209 3484 exemplo
2243 3418 2322 3469 ST
2356 3433 2438 3468 re-
