2602 3928
953 213 1540 273 ΠΟΛῙΤΕΙΑΣ
1577 207 1644 286 ς’.
2092 218 2103 228 ’
2180 210 2297 277 171

285 376 612 443 θέστατον
642 371 1133 461 ἀποβλέποντες
1163 370 1427 442 κάκεῖσε
1461 371 1567 443 ἀεὶ
1609 371 2057 461 ἀναφέροντές
2090 400 2158 442 τε
2190 377 2302 443 καὶ

282 471 619 557 θεώμενοι
640 468 728 550 ὥς
749 466 900 540 οἶόν
913 497 988 541 τε
1007 469 1467 559 ἀκριβέστατα,
1492 467 1670 539 οὕτω
1691 470 1773 559 δὴ
1808 476 1920 541 καὶ
1941 470 2021 540 τὰ
2052 472 2299 541 ἐνθάδε
2326 491 2370 540 D

287 568 536 656 νόμιμα
558 578 784 639 καλῶν
802 586 874 638 τε·
897 572 1049 655 πέρι
1081 572 1191 636 καὶ
1225 572 1505 636 δικαίων
1533 572 1645 638 καὶ
1676 567 1962 655 ἀγαθῶν
1991 575 2313 638 τίθεσθαί

282 693 375 750 τε,
397 666 521 735 ἐὰν
542 670 657 756 δέῃ
677 674 1012 754 τίθεσθαι,
1035 668 1146 736 καὶ
1165 665 1245 734 τὰ
1270 673 1540 752 κείμενα
1561 665 2009 754 φυλάττοντες
2036 668 2303 751 σῶζεινς

287 763 393 833 Οὐ
424 764 515 849 μὰ
548 765 673 833 τὸν
703 772 859 851 Δία,
893 759 941 853 ή
974 764 1042 834 δ’
1080 763 1177 851 ὅς,
1206 763 1291 832 ού
1324 763 1499 833 πολύ
1527 792 1591 834 τι
1619 767 1937 852 διαφέρει.
2009 767 2305 846 Τούτους

285 853 414 930 οὖν
441 871 698 948 μᾶλλον
729 863 1036 982 φύλακας
1070 862 1477 950 στησόμεθα,
1511 857 1559 948 ἦ
1581 860 1740 942 τοὺς
1772 862 2146 949 ἐγνωκότας
2178 867 2305 950 μὲν

283 962 564 1030 ἕκαστον
603 959 680 1030 τὸ
729 962 832 1047 ὄν,
877 963 1181 1050 ἐμπειρία
1226 962 1298 1031 δὲ
1339 961 1546 1048 μηδὲν
1585 965 1858 1037 ἐκείνων
1884 964 2303 1044 ἐλλείποντας

284 1057 443 1146 μηδ’
473 1064 546 1127 ἐν
571 1059 750 1152 αλλφ
771 1062 1006 1147 μηδενὶ
1026 1063 1210 1146 μέρει
1240 1055 1477 1147 άρετῆς
1507 1056 1984 1148 ὑστεροῦντας·
1965 1110 1985 1143 ,
2013 1059 2302 1130 Ἀτοπου

283 1156 464 1244 μέντ’
496 1185 605 1243 αν,
628 1163 777 1277 ἔφη,
802 1169 900 1245 εἴη
929 1157 1175 1238 αλλονς
1196 1161 1552 1243 αἱρεῖσθαι,
1575 1167 1642 1228 εἴ
1654 1184 1732 1244 γε
1753 1151 1960 1228 τᾶλλα
1982 1157 2070 1246 μὴ
2095 1161 2303 1229 ἐλλεί-

288 1280 550 1335 ποιντο·
584 1256 802 1345 τούτῳ
822 1253 952 1340 γὰρ
974 1253 1157 1345 αύτῶ
1177 1254 1418 1340 σχεδόν
1437 1281 1501 1323 τι
1532 1263 1628 1344 τῷ
1659 1263 1943 1345 μεγίστω
1979 1283 2068 1323 αν
2099 1259 2303 1342 προέ-

287 1378 485 1437 χοιευ.
538 1322 814 1422 Ούκούν
859 1359 1057 1420 τοῦτο
1098 1324 1179 1438 δὴ
1219 1356 1533 1440 λέγωμεν,
1578 1361 1727 1421 τίνα
1755 1353 2008 1438 τρόπον
2057 1349 2191 1423 οἶοί
2234 1346 2296 1423 τ’
2334 1377 2439 1434 435

286 1457 551 1518 ἔσονται
576 1454 647 1519 οἱ
667 1447 859 1519 αὐτοὶ
882 1449 1155 1519 κάκεῖνα
1175 1453 1285 1518 καὶ
1315 1459 1523 1520 ταῦτα
1544 1456 1748 1537 ἔχειν,
1789 1451 1986 1520 Πάνυ
2006 1453 2130 1538 μὲν
2152 1446 2297 1521 ουν.

271 1543 350 1616 Ὃ
389 1555 623 1618 τοίνυν
665 1546 1021 1636 ἀρχόμενοι
1069 1549 1317 1618 τούτου
1372 1557 1496 1618 τοῦ
1550 1549 1757 1635 λόγου
1798 1553 2125 1650 ἐλέγομεν,
2177 1547 2301 1636 τὴν

289 1646 499 1731 φύσιν
540 1644 766 1717 αὐτῶν
807 1656 1075 1730 πρῶτον
1123 1652 1263 1716 δεῖν
1305 1657 1745 1734 καταμαθεῖν·
1798 1651 1909 1715 καὶ
1942 1634 2143 1733 οἶμαι,
2183 1646 2301 1715 ἐὰν

285 1749 548 1832 ἐκείνην
578 1749 827 1826 ἱκανῶς
856 1742 1396 1834 ὁμολογήσωμεν,
1430 1743 1865 1832 ὁμολογήσειν
1899 1742 2080 1812 acal*
2038 1771 2142 1812 οτι
2173 1740 2309 1816 οἷοί

293 1869 359 1913 τε
388 1844 598 1913 ταῦτα
621 1850 793 1933 ἔχειν
823 1851 892 1915 οἱ
909 1844 1185 1933 αύτοί,”
1143 1874 1248 1916 οτι
1267 1874 1340 1916 τε
1362 1844 1489 1915 οὐκ
1511 1846 1757 1925 αλλους
1785 1843 2100 1915 πόλεων”
2065 1845 2298 1931 ηγεμό-

290 1971 407 2023 νας
432 1947 532 2012 δεῖ
550 1942 719 2013 εἶναι
749 1940 793 2031 ἦ
822 1946 1118 2027 τούτους.
1155 1953 1343 2027 Πῶς;

456 2047 529 2109 11.
576 2049 791 2112 Τοῦτο
807 2046 932 2131 μὲν
961 2044 1041 2132 δὴ
1064 2052 1206 2115 τῶν
1238 2046 1636 2131 φιλοσόφων
1657 2044 1931 2132 φύσεων
1951 2046 2101 2131 πέρι
2131 2041 2299 2130 ὁμο·

289 2142 607 2227 λογήσθω
630 2138 809 2228 ἡμῖν,
834 2140 937 2210 ὅτι
957 2143 1350 2231 μαθήματός
1379 2171 1456 2230 γε
1479 2141 1581 2212 ἀεὶ
1602 2145 1866 2230 ἐρῶσιν,
1895 2140 1937 2211 ὃ
1963 2138 2052 2210 ἂν
2073 2140 2299 2222 αὐτοῖς
2327 2173 2367 2223 Β

285 2246 482 2326 δηλοῖ
497 2242 752 2327 ἐκείνης
769 2250 888 2329 τῆς
919 2239 1148 2322 ούσίας
1180 2250 1297 2330 τῆς
1317 2240 1420 2312 ἀεὶ
1453 2243 1660 2328 οὔσης
1694 2244 1803 2310 καὶ
1836 2240 1924 2328 μὴ
1949 2243 2300 2327 πλανωμέ-

289 2364 411 2422 νης
444 2334 577 2406 ὑπὸ
617 2341 937 2423 γενέσεως
968 2343 1081 2408 καὶ
1115 2349 1401 2427 φθορᾶς.
1436 2339 1936 2427 Ὡμολογήσθω.
1980 2341 2112 2406 Καὶ
2144 2336 2300 2425 μήν,

289 2428 377 2522 ἦν
396 2432 459 2503 δ’
494 2437 645 2522 ἐγώ,
682 2440 793 2507 καὶ
820 2436 924 2505 ὅτι
964 2437 1180 2524 πάσης
1215 2437 1442 2527 αὐτῆς,
1480 2442 1604 2508 καὶ·
1632 2437 1786 2506 οὔτε
1829 2442 2113 2523 σμικροῦ
2144 2434 2301 2505 οὔτε

290 2541 589 2621 μείζονος
621 2534 775 2605 οὔτε
806 2541 1198 2624 τιμιωτέρου
1227 2537 1384 2606 οὔτε
1407 2536 1799 2624 ἀτιμοτέρου
1831 2536 2075 2622 με’ρους
2107 2533 2303 2602 ἑκόν-

288 2659 396 2713 τες
417 2632 745 2721 ἆφίενται,
771 2633 993 2718 ῶσπερ
1023 2639 1096 2704 ἐν
1115 2649 1254 2716 τοῖς
1273 2635 1580 2721 πρόσθεν
1609 2641 1767 2720 περί
1791 2660 1864 2702 τε
1893 2640 2031 2701 τῶν
2052 2636 2301 2718 φιλοτί-

290 2760 438 2818 μων
459 2735 569 2800 καὶ
593 2736 927 2817 ἐρωτικῶν
952 2735 1337 2821 διήλθομεν.
1377 2732 1652 2819 Ὀρθῶς,
1675 2737 1824 2819 ἔφη,
1859 2735 2083 2817 λέγεις.
2133 2728 2303 2797 Τόδε

288 2838 523 2922 τοίνυν
549 2828 712 2922 μετὰ
732 2840 931 2900 τοῦτο
965 2831 1197 2901 σκόπει
1218 2837 1279 2901 εἰ
1309 2830 1570 2917 ἀνάγκη
1602 2835 1770 2917 ἔχειν
1803 2830 1971 2915 πρὸς
1996 2826 2209 2917 τούτῳ
2231 2830 2306 2896 ἐν

285 2937 372 3015 τῇ
414 2928 633 3014 φύσει,
673 2937 742 2998 οἳ
780 2928 867 2997 ἂν
895 2933 1226 3016 μέλλωσιν
1261 2937 1535 2998 ἔσεσθαι
1563 2932 1747 3008 οἵους
1786 2931 2116 3013 ἐλέγομεν.
2211 2922 2304 2994 Τὸ
2332 2947 2372 2999 0

288 3040 518 3107 ποῖονς
550 3026 690 3115 Τὴν
711 3027 1073 3107 ἀψεύδειαν
1094 3030 1205 3097 καὶ
1224 3026 1300 3096 τὸ
1327 3025 1788 3107 ἕκόνταςέἶναι
1805 3029 2074 3112 μηδαμῇ
2099 3047 2306 3109 προς-

293 3128 605 3211 δεῖχεσθαι
641 3124 715 3194 τό
743 3132 1011 3212 ψεῦδος,
1046 3124 1214 3195 ἀλλὰ
1244 3140 1482 3212 μισεῖν,
1505 3124 1628 3212 τὴν
1658 3124 1720 3193 δ’
1748 3123 2080 3211 ἀλήθειαν
2103 3124 2298 3208 στέρ-

287 3249 452 3309 γειν.
498 3224 700 3303 Εἰκός
739 3223 832 3310 γ’,
878 3230 1025 3311 ἔφη.
1074 3224 1178 3294 Ού
1217 3224 1431 3310 μόνον
1472 3251 1570 3310 γε,
1607 3218 1662 3293 ὦ
1695 3230 1868 3310 φίλε,
1908 3222 2104 3308 εἰκός,
2135 3219 2301 3289 ἀλλὰ

290 3326 403 3393 καὶ
425 3331 605 3392 πᾶσα
624 3323 883 3412 ἀνάγκη
911 3322 1036 3393 τὸν
1058 3326 1385 3409 ἐρωτικῶς
1406 3350 1529 3392 του
1559 3322 1761 3410 φύσει
1796 3328 2028 3408 ἔχοντα
2056 3328 2192 3387 πᾶν
2225 3316 2300 3387 τὸ

292 3427 601 3513 ξυγγενές
631 3448 702 3491 τε
731 3425 840 3492 καὶ
873 3429 1123 3493 οἰκεῖον
1153 3430 1290 3493 τῶν
1321 3430 1651 3492 παιδικῶν
1686 3421 1973 3509 ἀγαπᾷν.
2021 3419 2303 3501 Ὀρθῶς.
