2602 3928
249 225 351 280 119
1041 218 1469 275 ΚΡΙΤΙΑΣ.
1568 271 1572 276 ,
2139 214 2267 279 437

243 373 497 464 ὑπῆρχε
519 373 600 444 τὰ
623 372 876 445 πλεῖστ’
912 372 1134 462 ὀρθὸν
1152 376 1264 443 καὶ
1291 375 1644 463 πρόμηκες,
1682 374 1725 443 δ’
1755 402 1819 445 τι
1855 375 1919 445 δ’
1952 381 2265 463 ἐνέλειπε,

241 476 661 543 κατεύθυντο
686 471 950 559 τάφρου
960 471 1198 561 κύκλῳ
1222 478 1798 560 περιορυχθείσης·
1843 473 1918 543 τὸ
1947 474 2020 544 δὲ
2046 475 2267 562 βάθος

240 574 354 641 καὶ
376 571 620 651 πλάτος
639 569 716 638 τό
736 595 808 637 τε
828 575 1039 656 μῆκος
1057 569 1263 656 αὐτῆς
1297 567 1579 638 ἄπιστον
1613 569 1738 656 μὲν
1769 570 1844 640 τὸ
1879 575 2140 658 λεχθέν,
2177 571 2267 651 οἱς

240 677 698 759 χειροποίητον
717 673 939 755 ἔργον,
963 665 1131 752 πρὸς
1148 682 1284 747 τοῖς
1312 667 1533 749 ἅλλοις
1556 671 2003 756 διαπονήμασι
2025 679 2268 740 τοσοῦ-

241 794 363 836 τον
401 764 588 853 εἶναι,
622 769 859 854 ῥητέον
894 766 968 835 δὲ
1002 764 1044 833 δ’
1075 790 1155 853 γε
1188 761 1599 853 ἠκούσαμεν·
1647 770 1950 852 πλέθρου
1980 770 2104 854 μὲν
2135 766 2265 853 γὰρ

239 864 455 952 βάθος
487 860 855 951 ὀρώρυκτο,
890 862 965 931 τὸ
1001 860 1074 930 δὲ
1105 863 1353 944 πλάτος
1387 862 1648 951 ἁπάντη
1673 871 1968 953 σταδίου,
2007 868 2157 953 περὶ
2195 865 2266 933 δὲ

240 969 381 1029 πᾶν
411 959 487 1029 τὸ
514 965 747 1028 πεδίον
766 957 1134 1047 ὀρυχθεῖσα
1157 962 1555 1047 συνέβαινεν
1577 961 1747 1030 εἶναι
1777 962 1853 1031 τὰ
1876 972 2084 1051 μῆκος
2105 982 2265 1030 στα-
2303 980 2346 1030 D

242 1062 406 1128 δίων
429 1069 706 1145 μυρίων.
749 1055 832 1126 τὰ
856 1055 921 1124 δ’
947 1061 1020 1125 ἐκ
1046 1064 1183 1126 τῶν
1211 1054 1391 1145 ὀροῖν
1419 1065 1904 1146 καταβαίνοντα
1937 1057 2267 1145 ὑποδεχο-

238 1165 408 1244 μένη
430 1157 723 1246 ῥεύματα
757 1158 870 1225 καὶ
904 1160 1056 1240 περὶ
1086 1155 1159 1223 τό
1198 1160 1430 1224 πεδίον
1463 1168 1908 1246 κυκλωθεῖσα,
1945 1159 2110 1243 πρὸς
2141 1158 2265 1246 τὴν

240 1256 441 1324 πόλιν
459 1261 666 1324 ἐνθεν
684 1280 756 1322 τε
776 1255 889 1324 καὶ
921 1260 1125 1323 ἔνθεν
1151 1254 1544 1341 ἀφικομένη,
1568 1257 1777 1344 ταύτῃ
1810 1257 1978 1344 πρὸς
2006 1258 2268 1326 θάλατ-

241 1379 364 1422 ταν
385 1362 654 1440 μεθεῖτο
676 1356 911 1440 ἐκρεῖν.
959 1350 1234 1422 ἀνωθεν
1255 1350 1330 1419 δὲ
1349 1349 1469 1419 ἀπ’
1503 1350 1710 1441 αὐτῆς
1744 1353 1819 1423 τὸ
1853 1359 2101 1435 πλάτος
2135 1355 2267 1441 μά·-

242 1458 431 1520 λιστα
454 1448 690 1520 ἑκατὸν
711 1455 942 1519 ποδων
965 1451 1284 1538 διώρυχες
1305 1447 1567 1519 εὐθεῖαι
1586 1455 1981 1539 τετμημέναι
1999 1450 2165 1523 κατα
2187 1450 2263 1521 τὰ

243 1554 477 1617 πεδίον
504 1548 709 1617 πάλιν
732 1553 825 1628 είς
844 1548 968 1635 τὴν
987 1548 1251 1634 τάφρον
1272 1545 1397 1633 τὴν
1418 1546 1586 1633 πρὸς
1605 1550 1942 1637 θαλάττης
1964 1548 2268 1668 ἀφεῖντο,

241 1647 430 1733 ἑτέρα
463 1645 536 1714 δε
564 1642 683 1731 ἀφ’
727 1647 953 1730 ἑτέρας
987 1642 1213 1712 αὐτῶν
1251 1648 1563 1724 σταδίους
1597 1647 1837 1714 ἑκατὸν
1878 1646 2176 1733 ἀπεῖχεν·
2220 1637 2268 1733 ᾖ

241 1740 326 1830 δη
353 1744 478 1830 τήν
492 1769 530 1812 τ
538 1740 655 1812 ’ἐκ
677 1750 814 1811 τῶν
834 1739 1016 1827 ὀρῶν
1035 1741 1208 1829 υλην
1220 1747 1513 1829 κατῆγον
1535 1750 1626 1822 είς
1647 1741 1722 1811 τὸ
1738 1742 1909 1812 άστυ
1929 1747 2040 1812 καὶ
2059 1735 2267 1812 τᾶλλα

242 1841 317 1911 δὲ
348 1840 558 1927 ὡραῖα
600 1847 852 1921 πλοίοις
893 1847 1417 1929 κατεκομίζοντο,
1458 1842 1779 1923 διάπλους
1820 1845 1894 1912 ἐκ
1931 1851 2072 1912 τοῖν
2105 1846 2265 1910 διω-
2300 1859 2338 1909 Ε

241 1940 470 2031 ρύχων
491 1945 585 2021 είς
608 1938 899 2028 ἀλλήλας
921 1967 992 2010 τε
1014 1947 1291 2028 πλαγίας
1313 1938 1612 2030 καὶπρὸς
1633 1939 1758 2028 τὴν
1795 1940 1994 2011 πόλιν
2024 1941 2267 2029 τεμόν-

240 2065 365 2121 τες.
407 2043 518 2109 καὶ
539 2041 638 2119 δὶς
659 2039 741 2127 δὴ
765 2049 888 2108 τοῦ
908 2043 1221 2108 ἐνιαυτοῦ
1250 2042 1378 2127 τὴν
1400 2047 1531 2127 γῆν
1555 2042 1994 2126 ἐκαρποῦντο,
2030 2046 2271 2127 χειμῶ-

245 2162 365 2218 νος
401 2140 525 2225 μὲν
544 2153 681 2219 τοῖς
714 2141 788 2206 ἐκ
822 2135 993 2216 Διὸς
1025 2136 1228 2204 ὕδασι
1261 2136 1615 2224 χρώμενοι,
1642 2141 1893 2222 θέρους
1917 2137 1990 2207 δὲ
2025 2137 2152 2206 ὅσα
2185 2145 2273 2223 γῆ

245 2242 456 2323 φέρει,
478 2236 558 2305 τά
582 2241 655 2306 ἐκ
675 2244 812 2305 τῶν
834 2235 1183 2322 διωρύχων
1204 2235 1565 2320 ἐπάγοντες
1590 2236 1864 2321 νάματα.
1888 2244 2151 2323 πλῆθος
2174 2239 2266 2323 δέ,

241 2341 383 2403 τοῖν
420 2335 544 2421 μὲν
582 2338 659 2403 ἐν
685 2341 780 2421 τῷ
813 2337 1018 2420 πεδίφ
1061 2338 1402 2419 χρησίμων
1448 2331 1617 2419 πρὸς
1660 2336 1957 2420 πόλεμον
1999 2331 2271 2421 ἀνδρῶν

244 2435 543 2502 ἐτέτακτο
564 2431 684 2501 τὸν
699 2438 951 2519 κλῆρον
975 2432 1255 2500 ἕκαστον
1277 2434 1589 2517 παρέχειν
1610 2430 1824 2517 ἄνδρα
1847 2430 2168 2518 ἡγεμόνα,
2192 2430 2267 2498 τὸ

246 2534 319 2601 δὲ
349 2540 471 2599 τοῦ
503 2530 761 2618 κλήρου
789 2532 1074 2616 μέγεθος
1107 2534 1200 2607 εἰς
1228 2530 1389 2596 δέκα
1424 2528 1688 2607 δεκάκις
1721 2521 1810 2616 ἡν
1844 2528 2100 2613 στάδια,
2135 2554 2267 2614 μυ-
2302 2541 2406 2598 119

246 2626 467 2718 ριάδες
488 2628 561 2698 δὲ
584 2628 987 2715 ξυμπάντων
1005 2633 1144 2695 τῶν
1165 2626 1436 2713 κλήρων
1455 2619 1629 2713 ἦσαν
1650 2628 1718 2707 ἔξ
1732 2652 1746 2667 ·
1786 2634 1922 2695 τῶν
1944 2627 2015 2695 δὲ
2039 2628 2111 2693 ἐκ
2127 2634 2272 2699 ,τῶν

246 2726 429 2813 ὀροῖν
463 2728 577 2796 καὶ
610 2733 728 2814 τῆς
759 2722 963 2813 ἄλλης
993 2724 1213 2812 χώρας
1248 2721 1617 2809 ἀπέραντος
1658 2724 1782 2810 μὲν
1815 2721 2106 2811 ἀριθμὸς
2145 2719 2272 2790 ἀν-

247 2827 553 2915 θρώπων
574 2828 853 2912 ἐλέγετο,
874 2822 1040 2892 κατά
1074 2825 1147 2892 δὲ
1181 2823 1431 2903 τόπους
1463 2825 1572 2890 καὶ
1605 2821 1832 2908 κώμας
1866 2827 1957 2902 εἰς
1992 2821 2272 2899 τούτους

246 2923 404 3003 τούς
425 2924 716 3013 κλήρους
737 2920 905 3009 πρὸς
924 2920 1083 3001 τούς
1114 2919 1445 3009 ἡγεμόνας
1471 2918 1757 2999 ἅπαντες
1790 2923 2270 3006 διενενέμηντο.

248 3024 372 3092 τὸν
391 3014 519 3090 οὖν
540 3017 836 3108 ἡγεμόνα
857 3013 946 3107 ἦν
973 3023 1373 3106 τεταγμένον
1396 3025 1488 3098 εἰς
1508 3020 1628 3088 τὸν
1650 3017 1944 3105 πόλεμον
1967 3023 2274 3104 παρέχειν

249 3121 448 3190 ἕκτον
473 3120 596 3206 μὲν
627 3116 920 3206 ἅρματος
956 3122 1471 3205 πολεμιστηρίου
1505 3115 1743 3201 μόριον
1781 3121 1875 3195 εἰς
1906 3116 2113 3202 μύρια
2148 3112 2273 3200 ἅρ-

246 3243 445 3305 ματα,
469 3220 715 3297 ἵππους
740 3217 813 3286 δὲ
835 3216 961 3286 δύο
983 3219 1093 3285 καὶ
1117 3213 1478 3302 ἀναβάτας,
1501 3219 1597 3282 ἔτι
1630 3213 1703 3283 δὲ
1723 3218 2054 3301 ξυνωρίδα
2074 3213 2270 3299 χωρὶς
2307 3227 2346 3276 Β

250 3322 500 3404 δίφρου
536 3317 916 3405 καταβάτην
943 3343 1014 3386 τε
1045 3316 1494 3404 σμικράσπιδα
1526 3317 1637 3384 καὶ
1672 3313 1791 3383 τὸν
1834 3310 2085 3400 ἀμφοῖν
2130 3305 2273 3396 μετ’

252 3417 571 3506 ἐπιβάτην
605 3430 750 3486 τοῖν
789 3421 1023 3486 ἵπποιν
1060 3412 1333 3503 ἡνίοχον
1375 3419 1681 3501 ἔχουσαν,
1723 3409 1992 3490 ὁπλίτας
2036 3408 2109 3477 δὲ
2151 3406 2277 3475 δύο
