2602 3928
349 194 435 259 90
1098 197 1664 256 ΠΛΑΤΩΝΟΣ

275 375 317 427 Β
353 362 630 445 ἰατρικῇ,
655 354 1008 425 ἀπέκναισε
1031 363 1297 439 πρῶτον
1309 355 1430 441 μὲν
1445 356 1556 422 καὶ
1569 355 1851 440 μάλιστα
1875 355 2133 443 ἑαυτόν,
2164 354 2349 424 ἔπειτ’

350 455 594 533 ἄλλους
631 454 916 540 ὕστερον
933 453 1237 532 πολλούς.
1282 460 1393 541 Πῇ
1432 453 1547 539 δή;
1586 458 1732 540 ἔφη.
1820 455 2129 539 Μακρόν,
2167 447 2255 541 ἦν
2288 454 2352 522 δ’

349 553 501 639 ἐγώ,
528 550 648 619 τὸν
670 551 974 621 θάνατον
995 550 1177 637 αὐτῷ
1205 551 1501 637 ποιήσας.
1544 560 2083 639 παρακολουθῶν
2105 550 2236 638 γὰρ
2259 559 2353 641 τῷ

352 651 670 736 νοσήματι
688 657 1041 738 θανασίμῳ
1066 647 1209 716 ὄντι
1229 648 1386 715 οὔτε
1406 648 1749 734 ἰάσασθαι,
1775 648 1976 735 οἶμαι,
2001 644 2141 729 οἷός
2173 649 2233 717 τ’
2269 641 2356 734 ἦν

349 748 610 832 ἑαυτόν,
638 750 711 815 έν
733 744 1006 836 ἀσχολίᾳ
1029 772 1098 812 τε
1122 746 1393 813 πάντων
1415 746 1880 831 ἰατρευόμενος
1915 743 2023 813 διά
2058 752 2213 832 βίον
2247 751 2352 833 ἔζη

346 842 895 930 ἀποκναιόμενος,
919 854 1058 912 εἴτι
1078 851 1193 929 τῆς
1216 849 1531 921 εἰωθυίας
1556 849 1803 930 διαίτης
1815 846 2064 930 ἐκβαίη,
2089 847 2355 910 δυσθα-

346 949 568 1009 νατῶν
591 941 663 1008 δὲ
685 939 819 1027 ὑπὸ
848 947 1086 1024 σοφίας
1123 945 1215 1018 εἰς
1246 948 1453 1025 γῆρας
1488 936 1782 1024 ἀφίκετο.
1850 938 2078 1009 Καλὸν
2113 938 2244 1023 ἄρα
2278 938 2351 1006 τὸ

343 1043 562 1124 γέρας,
587 1045 738 1124 ἔφη,
760 1046 876 1124 τῆς
896 1040 1125 1124 τέχνης
1145 1035 1492 1123 ἠνέγκατο.
1541 1033 1706 1106 Οἷον
1737 1037 1933 1123 εἰκός,
1968 1031 2057 1124 ἦν
2092 1035 2155 1104 δ’
2198 1038 2351 1123 ἐγώ,

276 1155 314 1206 c
350 1133 470 1204 τὸν
504 1136 591 1222 μὴ
630 1135 868 1219 εἰδότα,
909 1133 1012 1202 ὅτι
1050 1132 1437 1220 Ἀσκληπιὸς
1470 1133 1595 1203 οὐκ
1628 1128 1866 1224 ἀγνοίᾳ
1900 1135 2057 1204 οὐδὲ
2090 1134 2354 1221 ἀπειρίᾳ

344 1233 590 1301 τούτου
629 1240 752 1298 τοῦ
794 1236 1013 1311 εἴδους
1055 1239 1171 1317 τῆς
1202 1238 1495 1317 ἰατρικῆς
1538 1247 1673 1311 τοῖς
1708 1233 2008 1318 ἐκγόνοις
2041 1230 2124 1298 ού
2158 1235 2353 1299 κατέ-

347 1333 559 1409 δειξεν
581 1325 767 1411 αύτό,
791 1324 941 1396 ἀλλ’
970 1329 1159 1408 εἰδώς
1172 1327 1273 1397 ὅτι
1293 1338 1458 1397 πᾶσι
1471 1344 1606 1409 τοῖς
1627 1329 2140 1416 εὐνομουμένοις
2152 1333 2353 1414 ἔργον

343 1454 406 1494 τι
428 1427 680 1515 ἑκάστῳ
717 1430 789 1495 έν
823 1434 903 1514 τῇ
938 1425 1124 1494 πόλει
1158 1429 1652 1513 προστέτακται,
1687 1423 1727 1494 ὃ
1762 1426 2125 1513 ἀναγκαῖον
2150 1425 2351 1510 ἐργά-

347 1531 598 1608 ζεσθαι,
625 1526 734 1592 καὶ
759 1524 985 1593 οὐδενὶ
1007 1523 1207 1611 σχολὴ
1235 1524 1345 1591 διά
1367 1531 1520 1611 βίου
1554 1526 1834 1610 κάμνειν
1870 1528 2314 1611 ἰατρευομένῳ
2332 1548 2346 1561 ·

344 1620 382 1690 ὃ
415 1618 599 1707 ἡμεῖς
632 1628 904 1705 γελοίως
936 1624 1041 1690 ἐπὶ
1070 1622 1194 1707 μὲν
1228 1631 1366 1690 ταῖν
1402 1627 1826 1709 δημιουργῶν
1859 1623 2347 1707 αἰσθανόμεθα,

343 1721 448 1788 ἐπὶ
477 1720 550 1788 δὲ
570 1728 707 1788 τῶν
727 1727 1067 1788 πλουσίων
1086 1746 1158 1788 τε
1193 1722 1304 1788 καὶ
1328 1717 1748 1807 εὐδαιμόνων
1771 1721 2157 1790 δοκούντων
2180 1719 2345 1788 εἶναι

343 1816 468 1887 οὐκ
496 1819 985 1904 αἰσθανόμεθα.
1031 1825 1216 1897 Πῶς;
1261 1823 1406 1903 ἔφη.

264 1945 304 1995 ι)
507 1922 631 1984 XV.
684 1918 947 1983 Τέκτων
969 1917 1113 2002 μέν,
1149 1907 1237 2002 ἦν
1262 1913 1327 1983 δ’
1357 1914 1508 2001 ἐγώ,
1545 1917 1820 2001 κάμνων
1840 1913 2013 1997 ἀξιοῖ
2029 1914 2206 2002 παρὰ
2226 1919 2345 1983 τοῦ

342 2022 576 2097 ἰατροῦ
597 2015 959 2099 φάρμακον
988 2010 1163 2080 πισὸν
1196 2015 1490 2097 ἐξεμέσαι
1522 2011 1595 2081 τὸ
1631 2014 1891 2099 νόσημα
1930 2009 1976 2101 ἦ
2007 2014 2186 2083 κάτω
2222 2040 2340 2081 κα-

338 2108 687 2200 θαρθεὶςῆ
716 2112 950 2180 καύσει
970 2108 1014 2198 ἢ
1039 2120 1204 2200 τομῇ
1226 2114 1636 2199 χρησάμενος
1655 2111 2103 2200 ἀπηλλάχθαι·
2136 2112 2253 2181 έάν
2275 2114 2350 2180 δέ

339 2239 436 2291 τις
456 2208 637 2298 αὐτῷ
661 2206 925 2296 μακρὰν
959 2214 1218 2278 δίαιταν
1239 2211 1637 2298 προστάττῃ,
1661 2211 1910 2277 πιλίδιά
1932 2236 2003 2277 τε
2037 2212 2188 2293 περὶ
2222 2207 2347 2296 τήν

338 2305 643 2394 κεφαλὴν
677 2308 1035 2390 περιτιθεὶς
1064 2308 1172 2374 καὶ
1212 2305 1293 2374 τὰ
1328 2308 1587 2388 τούτοις
1622 2308 1929 2392 ἑπόμενα,
1964 2305 2129 2393 ταχύ
2163 2306 2346 2374 εἶπεν

338 2402 441 2474 ὅτι
463 2401 547 2474 οὐ
569 2401 770 2489 σχολὴ
795 2403 1071 2489 κάμνειν
1093 2401 1251 2471 οὐδὲ
1277 2412 1607 2472 λυσιτελεῖ
1636 2402 1813 2471 οὕτω
1850 2410 1990 2491 ζῇν,
2023 2403 2342 2489 νοσήματι

336 2500 459 2569 τὸν
480 2509 650 2568 νοῦν
673 2503 1100 2586 προσέχοντα,
1122 2509 1240 2588 τῆς
1269 2502 1342 2571 δὲ
1376 2503 1809 2587 προκειμένης
1843 2503 2150 2586 ἐργασίας
2182 2498 2344 2585 ἀμε-

339 2605 586 2667 λοῦντα
603 2623 617 2637 ·
662 2600 770 2665 καὶ
793 2596 953 2683 μετὰ
974 2607 1181 2666 ταῦτα
1201 2606 1456 2685 χαίρειν
1476 2598 1682 2666 εἰπών
1704 2607 1797 2683 τῷ
1808 2597 2087 2686 τοιούτῳ
2112 2603 2340 2685 ἰατρῷ,

268 2718 309 2768 E
345 2703 437 2776 εἰς
466 2696 592 2783 τὴν
614 2702 936 2765 εἰωθυῖαν
970 2700 1225 2765 δίαιταν
1256 2697 1481 2783 ἐμβάς,
1527 2693 1721 2781 ὑγιὴς
1762 2696 2119 2783 γενόμενος
2159 2702 2234 2783 ζῇ
2261 2694 2344 2763 τὰ

334 2798 576 2866 ἑαυτοῦ
600 2796 937 2878 πράττων·
959 2795 1080 2864 ἐὰν
1101 2799 1174 2864 δὲ
1196 2795 1284 2883 μη
1303 2796 1538 2864 ίκανὸν
1563 2789 1608 2882 ᾖ
1628 2793 1702 2862 τὸ
1726 2803 1914 2881 σωμα
1929 2792 2339 2880 ὑπενεγκεῖν,

332 2892 726 2977 τελευτήσας
758 2894 1163 2980 πραγμάτων
1202 2892 1569 2979 ἀπηλλάγη.
1631 2894 1764 2959 Καὶ
1787 2917 1878 2958 τω
1905 2891 2181 3011 τοιούτῳ
2217 2895 2338 2976 μέν

331 2988 422 3074 γ’,
464 2995 615 3075 ἔφη,
651 2994 840 3057 δοκεῖ
871 2993 1149 3074 πρέπειν
1181 2987 1395 3069 οὕτως
1428 2995 1688 3077 ἰατρικῇ
1718 2995 2024 3074 χρῆσθαι.
2058 2979 2211 3071 Λρ’,
2253 2980 2338 3073 ήν

198 3114 297 3170 407
335 3082 401 3152 δ’
429 3083 646 3170 έγοί,”
605 3112 707 3153 οτι
728 3113 815 3172 ην
840 3113 902 3153 τι
923 3085 1105 3177 αύτῷ
1130 3083 1396 3172 ἔργον,
1373 3114 1410 3154 ο
1434 3093 1497 3156 εἰ
1522 3113 1610 3173 μη
1637 3087 1934 3170 πράττοι,
1969 3083 2094 3153 οὐκ
2116 3088 2340 3151 ἐλυσι-

330 3184 500 3250 τέλει
543 3188 691 3269 ζῇν;
736 3192 988 3270 Δῆλον,
1033 3188 1178 3270 ἔφη.
1216 3181 1288 3252 Ὁ
1310 3184 1405 3264 ,δὲ
1455 3183 1535 3269 δὴ
1578 3183 1913 3266 πλούσιος,
1959 3209 2050 3262 ως
2093 3204 2337 3266 φαμεν,

334 3277 534 3349 οὐδὲν
575 3287 705 3368 ἔχει
744 3288 1057 3350 τοιοῦτον
1095 3286 1296 3367 ἔργον
1337 3287 1800 3368 προκείμενον,
1842 3270 1928 3347 οὗ
1967 3276 2338 3362 ἀναγκαζο-

335 3384 510 3467 μένῳ
534 3377 897 3465 ἀπέχεσθαι
916 3377 1219 3466 ἀβίωτον.
1268 3377 1547 3447 Οὔκουν
1569 3376 1649 3464 δὴ
1673 3387 1929 3465 λέγεταί
1943 3402 2038 3464 γε.
2093 3384 2347 3445 Φωκυ-
