2602 3928
360 230 487 294 248
1079 192 1654 289 ΠΛΑΤΩΝΟΣ

364 393 476 459 καὶ
498 388 665 477 αὐτὴ
691 386 863 475 αὑτῇ
891 389 1183 474 μάχεται,
1214 391 1424 456 ἐνίοτε
1452 387 1525 455 δὲ
1554 389 1665 455 καὶ
1698 385 1864 457 ἄνευ
1897 392 2186 470 τῶνέξω
2219 411 2377 458 στα-

228 509 330 567 557
371 488 607 568 σιάζεις
644 487 776 554 Καὶ
798 485 1064 570 σφόδρα
1085 510 1177 570 γε.
1217 491 1649 571 Δημοκρατία
1685 486 1788 571 δή,
1828 484 2029 572 οἶμαι,
2064 499 2376 601 γίγνεται,

365 584 531 653 ὅταν
574 586 643 651 οἱ
677 584 950 668 πένητες
991 581 1380 668 νικήσαντες
1411 580 1570 660 τούς
1610 583 1733 667 μὲν
1775 579 2212 651 ἀποκτείνωσι
2243 590 2379 651 των

364 685 625 767 ἑτέρων,
649 679 805 759 τοὺς
847 679 920 747 δὲ
952 680 1303 766 ἐκβάλωσι,
1339 692 1476 758 τοῖς
1502 679 1575 749 δὲ
1608 687 1864 759 λοιποῖς
1895 683 1961 760 ἐξ
1995 690 2148 749 ἴσου
2182 707 2378 767 μετα-

369 784 536 847 δῶσι
557 766 886 856 πολιτείας
904 802 975 845 τε
998 775 1171 846 καὶ’
1130 802 1356 863 αρχων
1382 773 1581 863 [uoel‘
1538 802 1627 855 ως
1650 774 1725 845 τὸ
1750 774 1925 845 πολὺ
1948 775 2081 844 ἀπὸ
2113 775 2378 865 κλήρων

366 881 441 944 αἱ
459 877 653 962 ἀρχαὶ
688 879 761 943 ἐν
784 873 958 962 αὐτῇ
990 881 1374 963 γίγνονται].
1398 871 1585 941 ’Ἐστι
1613 873 1767 960 γάρ,
1797 879 1947 959 ἔφη,
1984 871 2164 961 αὕτη
2183 873 2226 961 ἡ
2254 902 2380 942 κα-

367 975 676 1051 τάστασις
699 977 1160 1059 δημοκρατίας,
1184 971 1304 1038 ἐάν
1325 996 1395 1038 τε
1431 972 1540 1039 καὶ
1572 968 1664 1037 δι’
1706 969 1934 1039 ὅπλων
1968 974 2234 1057 γένηται
2261 973 2380 1039 ἐάν

365 1097 435 1138 τε
457 1072 567 1138 καὶ
589 1066 697 1137 διὰ
725 1071 945 1157 φόβον
965 1066 1474 1149 ὑπεξελθόντων
1494 1076 1632 1136 τῶν
1667 1070 1927 1155 ἑτέρων.

429 1227 434 1231 .
530 1173 633 1234 XI.
684 1174 847 1236 Τίνα
869 1165 950 1252 δὴ
978 1159 1125 1253 οὖν,
1167 1159 1256 1253 ἦν
1289 1164 1355 1233 δ’
1399 1167 1552 1252 ἐγώ,
1589 1157 1776 1235 οὗτοι
1807 1169 2059 1251 τρόπον
2089 1174 2378 1249 οίκοῦσις

295 1288 337 1336 Β
366 1269 477 1332 καὶ
498 1271 655 1333 ποία
676 1291 773 1344 τις
794 1261 836 1350 ἡ
857 1265 1127 1350 τοιαύτη
1159 1257 1250 1331 αὖ
1272 1271 1599 1343 πολιτείας
1639 1269 1847 1351 δῆλον
1873 1264 2003 1350 γὰρ
2036 1263 2141 1334 ὅτι
2166 1263 2204 1334 ὁ
2236 1293 2379 1334 τοι-
2419 1265 2422 1269 ’

364 1369 560 1441 οὗτος
582 1360 755 1448 ἀνὴρ
780 1361 1260 1448 δημοκρατικός
1278 1387 1376 1439 τις
1395 1358 1912 1448 ἀναφανήσεται.
1951 1370 2205 1450 Δῆλον,
2230 1370 2375 1451 ἔφη.

369 1458 644 1529 Οὐκοῦν
666 1468 931 1546 πρῶτον
952 1461 1077 1545 μὲν
1100 1457 1180 1546 δὴ
1206 1459 1573 1544 ἐλεύθεροι,
1594 1462 1706 1528 καὶ
1726 1463 2108 1547 ἐλευθερίας
2127 1458 2169 1547 ἡ
2193 1461 2381 1541 πόλις

365 1556 568 1645 μεστὴ
591 1561 702 1625 καὶ
723 1563 1089 1644 παρρησίας
1107 1562 1420 1642 γίγνεται,
1433 1559 1553 1624 καὶ
1579 1560 1842 1637 ἐξουσία
1877 1560 1953 1625 ἐν
1976 1555 2145 1646 αὐτῇ
2166 1572 2382 1627 ποιεῖν

366 1654 408 1724 ὅ
424 1661 493 1722 τί
507 1680 602 1734 τις
624 1655 972 1742 ficii-«svau
1017 1659 1297 1740 Λέγεταί
1311 1680 1388 1740 γε
1422 1656 1529 1741 δή,
1563 1660 1709 1742 ἔφη.
1741 1653 1955 1724 ’Ὀπου
1978 1658 2058 1724 δέ
2088 1682 2165 1740 γε
2192 1659 2378 1737 ἐξου·

369 1760 500 1840 σία,
543 1757 750 1839 δῆλον
782 1749 887 1820 ὅτι
919 1755 1097 1820 ι’δίαν
1129 1753 1403 1831 ἕκαστος
1435 1747 1524 1819 ἆὶν
1564 1750 1984 1838 κατασκευὴν
2013 1759 2138 1820 τοῦ
2171 1750 2383 1821 αὑτοῦ

367 1858 521 1937 βίου
544 1850 1089 1930 κατασκευάζοιτο
1113 1852 1186 1917 ἐν
1206 1848 1399 1937 αὐτῇ,
1420 1846 1564 1936 ἥτις
1585 1850 1866 1918 ἕκαστον
1887 1847 2175 1934 ἀρέσκοι.
2231 1857 2381 1936 Δῆ-

300 1977 338 2027 c
367 1959 508 2018 λον.
543 1949 971 2017 Παντοδαποὶ
999 1945 1079 2033 δὴ
1104 1946 1213 2034 ἅν,
1240 1946 1440 2036 οἶμαι,
1468 1949 1544 2015 ἐν
1561 1945 1771 2034 ταύτῃ
1807 1953 1889 2035 τῇ
1924 1953 2217 2036 πολιτείᾳ
2250 1947 2382 2035 μά-

368 2045 535 2116 λιστ’
582 2050 989 2132 ἐγγίγνοιντο
1025 2044 1401 2132 ἅνθρωποι.
1454 2053 1612 2124 Πῶς
1641 2043 1772 2130 γὰρ
1802 2043 1890 2112 οὔ
1901 2075 1920 2127 3
1955 2045 2381 2131 Κινδυνεύει,

364 2137 451 2232 ἦν
494 2141 558 2211 δ’
607 2143 757 2228 ἐγώ,
802 2150 1112 2230 καλλίστη
1156 2142 1325 2230 αὕτη
1371 2149 1508 2211 τῶν
1544 2149 1898 2210 πολιτειῶν
1935 2141 2126 2231 εἶναι,
2157 2144 2381 2227 ὥσπερ

370 2241 632 2327 ἱμάτιον
654 2248 958 2310 ποικίλον
981 2250 1186 2310 πᾶσιν
1207 2241 1452 2310 ἄνθεσι
1489 2243 2022 2327 πεποικιλμένον,
2060 2240 2240 2308 οὕτω
2269 2243 2381 2308 καὶ

368 2338 538 2424 αὕτη
567 2345 772 2406 πᾶσιν
811 2337 1010 2426 ἤθεσι
1049 2341 1518 2426 πεποικιλμένη
1558 2343 1871 2425 καλλίστη
1913 2334 2001 2405 ἄν
2044 2346 2348 2424 φαίνοιτο
2364 2364 2380 2379 ·

368 2436 478 2503 καὶ
502 2444 658 2515 ἴσως
678 2439 822 2522 μέν,
844 2428 932 2522 ἦν
954 2433 1017 2504 δ’
1051 2436 1204 2522 ἐγω,
1242 2439 1353 2505 καὶ
1389 2436 1662 2523 ταύτην,
1706 2434 1932 2521 ὥσπερ
1959 2440 2028 2506 οἱ
2054 2438 2280 2516 παῖδές
2309 2461 2383 2503 τε

366 2536 477 2602 καὶ
498 2537 572 2603 αἰ
587 2548 898 2620 γυναῖκες
918 2531 999 2602 τὰ
1023 2541 1288 2604 ποικίλα
1308 2536 1665 2621 θεώμενοι,
1699 2540 2055 2621 καλλίστην
2089 2530 2176 2602 ὅὶν
2213 2542 2385 2602 πολ-

367 2634 469 2700 λοὶ
498 2637 815 2718 κρίνειαν.
859 2634 993 2699 Καὶ
1014 2630 1199 2719 μάλ’,
1223 2638 1371 2719 ἔφη.
1416 2634 1548 2701 Καὶ
1571 2637 1710 2700 ἔστι
1740 2657 1838 2717 γε,
1873 2623 1929 2699 οἶ
1960 2632 2262 2720 μακάριε,
2294 2624 2383 2718 ἦν

290 2767 334 2816 D
367 2728 428 2796 δ’
456 2731 607 2816 ἐγώ,
631 2730 1004 2817 ἐπιτήδειον
1024 2736 1235 2816 ζητεῖν
1262 2733 1337 2798 ἐν
1370 2728 1541 2817 αὐτῇ
1574 2736 1927 2800 πολιτείαν.
1978 2734 2063 2797 Τί
2087 2729 2206 2815 δή;
2236 2729 2379 2798 Ὅτι

368 2828 581 2896 πάντα
604 2830 764 2914 γένη
799 2833 1152 2896 πολιτειῶν
1186 2833 1316 2914 ἔχει
1349 2826 1459 2897 διὰ
1492 2827 1616 2915 τὴν
1650 2831 1975 2912 ἐξουσίαν,
2010 2831 2122 2895 καὶ
2150 2830 2385 2895 κινδυ-

366 2925 551 2992 νεύει
570 2951 659 3013 τω
686 2928 1076 3013 βουλομένω
1095 2925 1291 2994 πόλιν
1315 2920 1897 3007 κατασκευάζειν,
1874 2950 1910 2990 ο
1939 2931 2071 2991 νῦν
2087 2921 2170 3009 δὴ
2200 2919 2384 3008 ἡμεῖς

368 3026 747 3107 ἐποιοῦμεν,
780 3019 1144 3108 αναγκαῖον
1166 3022 1336 3091 εἶναι
1355 3030 1446 3102 εἰς
1460 3024 2092 3110 δημοκρατουμένην
2114 3022 2387 3090 ἐλθόντι

366 3119 589 3205 πόλιν,
625 3114 700 3197 ὃς
726 3145 814 3186 αν
854 3115 1064 3187 αυτὸν
1106 3118 1353 3208 άρέσκῃ
1391 3120 1655 3205 τρόπος,
1695 3125 1942 3188 τοῦτον
1968 3121 2385 3200 ἐκλέξασθαι,

370 3214 594 3300 ωσπερ
616 3220 708 3295 εἰς
728 3216 1195 3285 παντοπώλιον
1218 3216 1608 3307 ἀφικομένῳ
1632 3222 2005 3302 πολιτειῶν,
2049 3217 2161 3286 καὶ
2194 3218 2384 3284 ἐκλε-

367 3315 624 3402 ξαμένῳ
648 3311 827 3381 οὕτω
850 3321 1258 3396 κατοικίζειν.
1283 3315 1480 3396 Ἴσως
1500 3322 1691 3402 γοῦν,
1712 3319 1863 3403 ἔφη,
1887 3312 2012 3382 οὐκ
2035 3340 2122 3381 αν
2138 3309 2395 3399 άποροῖ

301 3440 339 3489 E
367 3412 937 3501 παραδειγμάτων.
1008 3410 1097 3479 T&
1138 3414 1207 3481 δὲ
1243 3418 1570 3500 μηδεμίαν
1605 3410 1926 3499 ἀνάγκην,
1973 3408 2180 3495 εἷπον,
2215 3409 2387 3478 εἶναι
