2602 3928
214 237 288 292 83
1014 229 1469 288 ΤΙΜΑΙΟΣ.
2109 232 2234 296 401

214 397 331 478 ταῖ,
371 385 618 456 ταύτὸν
658 383 739 473 δὴ
791 388 1178 472 διανοητέον
1218 388 1330 455 καὶ
1369 388 1520 472 περὶ
1552 397 1676 456 τοῦ
1705 394 2233 483 ξυναμφοτέρου,

216 481 451 569 goffov‘*
411 512 446 552 ο
470 491 829 570 καλοῦμεν,
853 509 943 563 ως
966 510 1131 552 οταν
1140 510 1209 553 τε
1231 489 1309 552 ἐν
1328 483 1510 572 αὐτῷ
1533 486 1711 575 ψυχὴ
1729 501 2044 574 κρείττων
2067 486 2238 559 οὖσα
2337 489 2342 494 ’

214 584 520 670 σώματος
545 582 933 669 περιθύμως
965 591 1133 669 ἴσχῃ,
1169 586 1551 651 διασείουσα
1585 592 1721 653 πᾶν
1757 585 1920 655 αὐτὸ
1947 592 2231 657 ἔνδοθεν
2265 611 2336 665 88

214 681 445 750 νόσων
463 683 837 767 ἐμπίπλησι,
860 675 1042 748 xal“
999 704 1164 748 οταν
1200 690 1294 760 εἴς
1325 706 1509 758 τινας
1543 683 1869 769 μαθήσεις
1904 688 2017 753 καὶ
2049 687 2243 773 ζητή-

216 799 354 859 σεις
383 779 723 856 συντόνως
747 787 835 865 ἴῃ,
859 777 1232 863 κατατήκει,
1258 778 1530 862 διδαχάς
1563 777 1623 845 τ’
1667 774 1757 847 αὖ
1792 786 1900 850 καὶ
1927 783 2136 869 μάχας
2168 786 2244 852 ἐν

217 878 443 963 λόγοις
471 878 833 962 ποιουμένη
857 879 1139 962 δημοσίᾳ
1180 876 1290 942 καὶ
1335 879 1470 962 ἰδίᾳ
1504 874 1594 942 δι’
1629 880 1868 966 ἐρίδων
1901 884 2012 950 καὶ
2046 889 2242 968 φιλο-

221 980 472 1054 νεικίας
489 978 905 1061 γιγνομένων
927 971 1259 1056 διάπυρον
1278 970 1442 1039 αύτὸ
1460 981 1745 1042 ποιοῦσα
1769 976 1934 1062 λύει,
1958 981 2070 1046 καὶ
2084 978 2244 1064 ῥεύ-

221 1098 398 1158 ματα
438 1072 802 1156 ἐπάγουσα,
849 1075 989 1137 τῶν
1023 1072 1403 1155 λεγομένων
1443 1076 1687 1153 ἰατρῶν
1728 1072 2044 1143 άπατῶσα
2086 1076 2245 1154 τοὺς

221 1175 592 1253 πλείστους,
626 1165 945 1235 τάναντία
989 1172 1333 1235 αἰτιᾶσθαι
1366 1181 1572 1235 ποιεῖ·
1632 1172 1824 1256 σωμά
1857 1198 1928 1240 τε
1960 1173 2123 1241 ὅταν
2157 1165 2247 1240 αὖ

222 1268 391 1351 μέγα
412 1268 524 1334 καὶ
546 1265 936 1350 ὖπέῼψνχῡν
957 1273 1206 1346 Gamo&
1239 1267 1535 1366 ξυμφυὲς
1570 1264 1855 1337 άσθενεῐ
1879 1296 1950 1338 τε
1986 1275 2246 1358 διανοία

223 1365 511 1450 γένηται,
561 1366 798 1430 διττων
840 1363 1218 1451 ἐπιθυμιων
1252 1367 1481 1431 ουσων
1534 1363 1735 1448 φύσει
1772 1365 1916 1433 κατ’
1968 1366 2247 1450 άνθρω-
2282 1389 2322 1437 Β

224 1485 415 1546 πους,
446 1459 555 1528 διὰ
579 1467 769 1544 σωμα
802 1458 926 1545 μὲν
956 1467 1228 1545 τροφῆς,
1267 1459 1376 1527 δια
1413 1460 1485 1527 δὲ
1519 1461 1595 1528 τὸ
1627 1463 1981 1531 θειότατον
2004 1490 2141 1531 των
2174 1467 2249 1531 ἐν

226 1558 388 1644 ἡμῖν
431 1555 841 1644 φρονήσεως,
885 1559 959 1623 αἱ
986 1564 1110 1625 τοῦ
1148 1561 1523 1641 κρείττονος
1556 1559 1849 1643 κινήσεις
1887 1568 2252 1644 κρατοῦσαι

228 1657 335 1723 καὶ
358 1652 433 1723 τὸ
454 1657 577 1740 μὲν
598 1654 921 1739 σφέτερον
947 1652 1290 1739 αὔξουσαι,
1313 1650 1387 1720 τὸ
1415 1653 1487 1721 δὲ
1507 1660 1625 1739 τῆς
1645 1663 1857 1741 ψυχῆς
1879 1656 2119 1742 κωφὸν
2141 1658 2251 1723 καὶ

231 1750 574 1838 δυσμαθὲς
592 1749 905 1837 άμνῆμόν
923 1759 994 1818 τε
1015 1757 1352 1835 ποιοῦσαι,
1375 1747 1499 1836 τὴν
1518 1756 1833 1837 μεγίστην
1853 1752 2063 1820 νόσον
2079 1750 2253 1839 ἄμα-

228 1857 395 1919 θίαν
417 1848 988 1934 ἐναπεργάζονται.
1041 1854 1158 1934 μία
1193 1850 1274 1933 δὴ
1312 1855 1599 1935 σωτηρία
1636 1848 1801 1930 πρὸς
1834 1849 2058 1938 ἄμφω,
2093 1851 2253 1936 μήτε

235 1946 359 2037 τὴν
381 1945 606 2034 ψυχὴν
627 1944 796 2014 ἄνευ
820 1946 1123 2033 σώματος
1157 1958 1368 2015 κινεῖν
1399 1945 1562 2034 μήτε
1593 1954 1784 2033 σῶμα
1818 1948 1984 2016 ἄνευ
2018 1956 2252 2035 ψυχῆς,

230 2051 343 2115 ἵνα
365 2044 626 2132 άμυνομ
634 2046 761 2114 ένω
782 2052 1157 2131 γίγνησθον
1179 2043 1522 2132 ἰσορρόπω
1543 2047 1656 2112 καὶ
1677 2042 1853 2133 ὑγιῆ.
1877 2047 1997 2115 τὸν
2021 2045 2102 2133 δὴ
2126 2073 2255 2131 μα-

235 2142 608 2232 θηματικὸν
628 2141 673 2230 ή
694 2169 841 2210 τινα
863 2140 1074 2226 άλλην
1107 2140 1374 2258 σφόδρα
1406 2144 1686 2227 μελέτην
1717 2146 1981 2232 διανοίᾳ
2013 2159 2329 2231 κατερ-ῦ

235 2241 600 2329 γαζόμενον
620 2241 732 2308 καὶ
765 2266 890 2326 την
919 2245 1044 2307 τοῦ
1078 2236 1381 2323 σώματος
1416 2235 1785 2306 ἀποδοτέον
1816 2209 2108 2327 κίνήσιν,
2131 2266 2258 2327 γυ·-

235 2345 560 2428 μναστικῇ
584 2343 1143 2424 προσομιλουντα,
1165 2335 1291 2403 τόν
1311 2359 1384 2402 τε
1405 2326 1495 2400 αὖ
1517 2342 1705 2420 σῶμα
1728 2339 2048 2423 έπιμελως
2064 2340 2257 2406 πλάτ·

237 2463 437 2507 τοντα
456 2462 573 2515 τας
592 2461 709 2522 της
728 2441 943 2520 ψυχῆς
975 2431 1466 2502 άνταποδοτέον
1487 2432 1802 2520 κινήσεις,
1828 2444 2118 2524 μουσικῇ
2150 2436 2262 2504 καὶ

241 2537 422 2624 πάσῃ
444 2538 810 2623 φιλοσοφίᾳ
833 2530 1372 2620 προσχρώμενον,
1398 2535 1458 2597 εἰ
1477 2533 1702 2617 μέλλει
1724 2537 1992 2611 δικαίως
2003 2560 2099 2612 τις
2122 2532 2260 2619 αμα

239 2633 362 2719 μὲν
383 2632 606 2719 καλός,
644 2629 783 2717 ἅμα
817 2631 890 2699 δὲ
925 2629 1185 2716 ἀγαθὸς
1219 2625 1447 2713 ὀρθῶς
1477 2629 1940 2717 κεκλήσεσθαι.
1985 2629 2152 2700 κατὰ
2188 2635 2260 2699 δὲ

239 2729 445 2799 ταύτὰ
488 2736 699 2798 ταῦτα
737 2730 850 2798 καὶ
881 2726 962 2795 τά
1002 2729 1168 2816 μέρη
1210 2730 1687 2814 θεραπευτέον,
1730 2729 1804 2798 τὸ
1848 2737 1973 2797 τοῦ·
2013 2728 2262 2808 παντὸς

243 2827 794 2916 ἀπομιμούμενον
817 2825 1005 2906 εἶδος.
1044 2834 1169 2895 τοῦ
1189 2826 1320 2912 γὰρ
1342 2825 1641 2913 σώματος
1670 2824 1804 2896 ὑπὸ
1845 2836 1983 2897 τῶν
2018 2829 2265 2898 είσιόν-
2301 2853 2346 2902 1>

243 2953 379 2996 των
402 2927 738 3012 καομένου
758 2950 830 2994 τε
850 2921 1037 3004 ἐντὸς
1057 2926 1168 2993 καὶ
1187 2927 1595 3011 ψυχομένου,
1618 2927 1730 2992 καὶ
1744 2926 1951 2994 πάλιν
1975 2923 2107 2996 ὑπὸ
2128 2935 2266 2995 τῶν

246 3033 497 3109 ἔξωθεν
537 3029 1020 3114 ξηραινομένου
1051 3028 1164 3094 καὶ
1197 3021 1687 3113 ὑγραινομένου
1729 3026 1839 3092 καὶ
1879 3022 1962 3093 τὰ
2006 3025 2265 3102 τούτοις

247 3123 596 3195 ἀκόλουθα
616 3125 989 3211 πάσχοντος
1008 3120 1128 3192 ὑπ’
1150 3120 1548 3211 ἀμφοτέρων
1567 3129 1707 3191 τῶν
1724 3123 2077 3209 κινήσεων,
2102 3121 2265 3190 ὅταν

247 3227 371 3312 μέν
392 3249 491 3303 τις
531 3221 813 3310 ἡσυχίαν
855 3224 1025 3309 ἄγον
1070 3222 1143 3292 τὰ
1181 3230 1371 3310 σῶμα
1403 3226 1748 3312 παραδιδῷ
1778 3235 1920 3302 ταῖς
1947 3221 2266 3309 κινήσεσι,

248 3327 586 3411 κρατηθὲν
609 3324 899 3408 διώλετο,
922 3323 1044 3394 ἐὰν
1070 3323 1144 3393 δὲ
1160 3321 1252 3411 ἥν
1286 3348 1359 3392 τε
1388 3319 1650 3409 τροφὸν
1684 3324 1796 3391 καὶ
1827 3322 2113 3408 τιθήνην
2147 3326 2269 3388 τοῦ

251 3421 496 3574 παντιὲς
531 3428 978 3573 πριῖσῖείπομεν
1020 3429 1297 3511 μιμηταί
1336 3449 1454 3510 τις,
1496 3424 1608 3492 καὶ
1655 3419 1728 3490 τὰ
1772 3428 1962 3507 σῶμα
1992 3419 2269 3507 μάλιστα

466 3534 608 3573 tuo
718 3559 733 3572 .
1895 3521 1965 3571 26
