2602 3928
215 224 317 276 105
1030 216 1092 274 K
1100 217 1199 274 ΡΙ
1211 218 1306 274 TI
1314 219 1375 274 A
1388 220 1456 275 Σ.
2105 221 2230 283 423

211 377 461 461 λέγειν;
503 372 604 442 ὅτι
627 374 700 444 δὲ
719 372 803 442 τὰ
825 374 1259 463 ῥηθησόμενα
1281 381 1589 456 πλείονος
1611 377 2007 466 συγγνώμης
2026 383 2232 450 δεῖται

209 467 634 558 χαλεπώτερα
656 466 842 557 ὄντα,
864 479 1062 539 τοῦτο
1089 476 1441 559 πειρατέον
1462 498 1555 561 πῃ
1577 475 1848 555 διδάξαι.
1873 480 2023 562 περὶ
2043 485 2231 546 θεῶν

208 571 364 656 γάρ,
382 564 444 639 ῶ
493 578 741 657 Τίμαιε,
774 571 1058 656 λέγοντά
1091 598 1154 640 τι
1189 570 1360 660 πρὸς
1390 571 1798 660 ἀνθρώπους
1832 580 2052 644 δοκεῖν
2086 582 2234 646 ἰκα-

209 676 347 745 νῶς
375 670 591 752 λε’γειν
611 664 849 756 ρᾆν’“
801 695 843 754 η
882 672 1034 755 περὶ
1063 676 1341 759 θνητῶν
1365 668 1533 757 πρὸς
1564 668 1752 758 ἡμᾶς.
1796 670 1838 760 ἡ
1875 671 2006 760 γὰρ
2040 672 2233 744 ἀπει-
2266 686 2306 736 Β

208 771 323 849 ρία
346 771 456 834 καὶ
477 764 812 853 σφόδρα’ν
764 792 1004 852 αγνοια
1035 776 1173 835 τῶν
1195 766 1585 857 ἀκουόντων
1608 776 1758 856 περὶ
1782 761 1879 839 ῶν
1899 798 1985 839 αν
2020 770 2234 853 οὕτως

213 867 411 948 ἔχωσι
432 865 688 952 πολλὴν
710 864 1034 953 εὐπορίαν
1056 872 1474 953 παρέχεσθον
1493 895 1586 958 τω
1559 872 1912 955 μέλλοντι
1934 873 2149 957 λέγειν
2168 901 2233 942 τι

213 963 365 1046 περὶ
387 959 639 1031 αὐτῶν·
682 965 833 1048 περὶ
856 963 928 1032 δὲ
951 962 1032 1051 δὴ
1054 971 1244 1032 θεῶν
1277 974 1414 1034 ἴστε
1444 969 1568 1052 μὲν
1603 964 1693 1046 ῶς
1728 971 2047 1056 ἔχομεν,”
2017 998 2125 1039 ινα
2160 976 2232 1039 δὲ

208 1063 622 1148 σαφέστερον
650 1056 691 1128 ὃ
711 1062 883 1147 λέγω
918 1061 1218 1149 δηλώσω,
1242 1068 1404 1152 τῇδέ
1430 1089 1544 1150 μοι
1567 1072 2075 1137 συνεπίσπεσθε.
2120 1077 2229 1156 μί-

209 1178 414 1245 μησιν
435 1161 558 1245 μὲν
586 1157 715 1246 γάρ
752 1158 833 1246 δὴ
856 1157 1384 1230 καὶάπεικασίαν
1412 1160 1495 1230 τά
1528 1161 1708 1250 παρά
1743 1165 2013 1235 πάντων
2043 1165 2234 1254 ἡμῶν
2258 1193 2262 1198 ’

216 1262 512 1346 ρηθέντα
526 1259 745 1347 χρεών
765 1283 899 1327 που
919 1262 1267 1347 γενέσθαι·
1311 1261 1438 1350 τὴν
1463 1265 1534 1330 δὲ
1554 1272 1691 1332 τῶν
1711 1270 2027 1351 γραφέων
2048 1273 2228 1335 εἰδω-

211 1364 518 1426 λοποιίαν
539 1360 690 1442 περὶ
720 1355 803 1425 τά
836 1357 993 1427 θεῖά
1026 1385 1098 1426 τε
1126 1362 1237 1428 καὶ
1273 1357 1356 1428 τὰ
1391 1358 1790 1447 ἀνθρώπινα
1822 1362 2095 1449 σώματα
2125 1391 2233 1450 γι-

207 1461 544 1544 γνομένην
567 1461 816 1542 ἴδωμεν
835 1457 1187 1546 ῥᾳστώνης
1201 1483 1273 1525 τε
1301 1459 1453 1544 πέρι
1472 1461 1584 1527 καὶ
1606 1459 2044 1547 χαλεπότητος
2064 1459 2234 1549 πρὸς
2268 1474 2308 1527 G

210 1554 286 1622 τὸ
312 1569 448 1633 τοῖς
481 1551 690 1640 ὁρῶσι
712 1558 934 1623 δοκεῖν
956 1553 1400 1640 ἀποχρώντως
1418 1566 1853 1644 μεμιμῆσθαι,
1890 1563 2001 1628 καὶ
2032 1586 2233 1629 κατο-

208 1651 505 1738 ψόμεθα,
530 1649 634 1719 ὅτι
652 1657 787 1738 γῆν
805 1652 928 1738 μὲν
949 1655 1061 1720 καὶ
1078 1651 1201 1740 ὅρη
1234 1657 1346 1721 καὶ
1378 1652 1717 1742 ποταμούς
1750 1658 1859 1723 καὶ
1899 1655 2073 1743 ὕλην
2109 1656 2233 1725 ού-

209 1751 422 1837 ρανόν
466 1775 537 1817 τε
585 1750 932 1837 ξύμπαντα
972 1752 1083 1820 καὶ
1124 1749 1205 1819 τὰ
1249 1754 1399 1838 περὶ
1439 1751 1670 1824 αὐτὸν
1692 1752 1854 1823 ὄντα
1901 1759 2013 1824 καὶ
2045 1757 2232 1825 ἰόντα

208 1853 480 1931 πρῶτον
500 1848 625 1933 μὲν
660 1847 1023 1936 ἀγαπῶμεν
1056 1848 1146 1917 ἅν
1177 1856 1275 1927 τίς
1303 1875 1368 1919 τι
1400 1852 1511 1920 καὶ
1537 1850 1766 1938 ’βραχὺ
1797 1851 1974 1939 πρὸς
1999 1851 2233 1940 ὁμοιό-

209 1960 389 2034 τητα.
410 1942 638 2014 αύτῶν
677 1943 1156 2035 ἀπομιμεῖσθαι
1198 1945 1484 2029 δυνατὸς
1524 1941 1590 2038 ᾖ,
1628 1950 1796 2071 πρὸς
1813 1976 1820 1981 ’
1837 1954 1909 2020 δὲ
1949 1953 2231 2041 τούτοις,

210 2071 328 2114 ατε
360 2042 561 2114 οὐδὲν
589 2047 834 2126 εἰδότες
864 2046 1131 2137 ἀκριβὲς
1167 2051 1317 2135 περὶ
1347 2055 1487 2116 τῶν
1522 2050 1874 2138 τοιούτων,
1905 2049 2059 2119 οὔτε
2094 2055 2248 2133 ἐξεὲ,

213 2142 493 2230 ταζομεν
534 2141 689 2212 ούτε
732 2148 1078 2231 ἐλέγχομεν
1120 2170 1200 2212 τα
1235 2149 1680 2233 γεγραμμένα,
1720 2155 2127 2239 σκιαγραφία
2160 2152 2232 2217 δε

214 2238 489 2328 ἀσαφεῖ
485 2244 599 2310 καὶ
618 2238 938 2330 ἀπατηλῶ
956 2240 1272 2328 χρώμεθα
1306 2244 1458 2327 περὶ
1491 2243 1691 2312 α’ύτά·
1735 2247 1816 2312 τὰ
1846 2245 1918 2314 δὲ
1949 2244 2231 2334 ἡμέτερα
2265 2265 2310 2316 D

212 2336 465 2408 ὁπόταν
495 2367 593 2420 τις
607 2343 914 2429 ἐπιχειρῇ
939 2339 1209 2426 σώματα
1242 2336 1637 2428 ἀπεικαζειν,
1674 2339 1872 2423 ὀξέως
1905 2342 2235 2413 αἰσθανό-

215 2463 403 2523 μενοι
421 2434 497 2505 τό
520 2437 1095 2529 παραλειπόμενον
1128 2436 1238 2505 δια
1274 2437 1397 2524 τὴν
1421 2433 1522 2505 ἀεὶ
1558 2437 1870 2518 ξύνοικον
1896 2443 2232 2560 κατανόη-

215 2555 324 2603 σιν
356 2533 628 2621 χαλεποὶ
660 2536 876 2621 κριταὶ
905 2533 1281 2620 γιγνόμεθα
1313 2540 1409 2622 τῷ
1443 2533 1532 2622 μὴ
1570 2536 1784 2622 πάσας
1815 2538 2083 2618 πάντως
2116 2536 2233 2617 τὰς

210 2631 603 2719 ὁμοιότητας
623 2627 1030 2700 ἀποδιδόντι.
1073 2628 1322 2699 ταύτὸν
1345 2630 1426 2717 δὴ
1458 2634 1569 2700 καὶ
1589 2633 1754 2701 κατὰ
1791 2632 1951 2715 τούς
1986 2635 2231 2719 λόγους

216 2735 382 2821 ἰδεῖν
407 2735 511 2798 δεῖ
537 2728 961 2817 γιγνόμενον,
998 2729 1101 2797 ὅτι
1133 2728 1211 2798 τὰ
1242 2729 1370 2816 μὲν
1403 2728 1688 2813 οὐράνια
1730 2734 1840 2799 καὶ
1874 2742 2031 2800 θεῖα
2064 2731 2233 2818 ἀγα-

212 2835 445 2915 πῶμεν
465 2831 577 2897 καὶ
600 2834 890 2915 σμικρῶς
911 2830 1134 2897 εἰκότα
1156 2828 1547 2916 λεγόμενα,
1542 2827 1623 2897 τά
1646 2829 1719 2915 δὲ
1740 2830 1957 2916 θνητὰ
1980 2832 2092 2899 καὶ
2111 2829 2235 2898 ἀν-

212 2927 533 3014 θρώπινα
569 2926 862 3014 ἀκριβῶς
884 2927 1281 3014 ἐξεταζομεν.
1344 2930 1417 2995 ἐκ
1441 2926 1522 3015 δὴ
1543 2934 1665 2995 τοῦ
1686 2928 2083 3016 παραχρῆμα
2106 2938 2235 2998 νῦν
2272 2950 2312 3000 Ε

215 3026 595 3113 λεγόμενα,
581 3025 656 3094 τὰ
693 3020 1025 3113 πρέπον”
975 3052 1068 3093 αν
1100 3051 1188 3146 μη
1216 3025 1581 3113 δυνώμεθα
1616 3025 1882 3107 πάντως
1913 3026 2235 3097 ἀποδιδό-

217 3152 351 3211 ναι,
389 3126 920 3212 συγγιγνώσκειν
959 3124 1205 3212 χρεών·
1252 3120 1337 3192 οὐ
1363 3121 1493 3212 γὰρ
1527 3121 1616 3204 ῶς
1654 3124 1854 3215 ῥοίδια
1900 3123 1981 3193 τὰ
2014 3135 2233 3211 θνητα

217 3221 373 3293 ἀλλ’
400 3221 490 3305 (ὃς
511 3224 760 3311 χαλεπὰ
784 3221 952 3311 πρὸς
974 3224 1241 3306 δόξαν”
1201 3251 1366 3295 οντα
1400 3222 1773 3306 ἀπεικάζειν
1812 3229 1916 3294 δεῖ
1944 3230 2234 3293 διανοεῖ-

220 3333 402 3392 σθαι.
450 3326 659 3392 ταῦτα
683 3321 763 3411 δὴ
789 3323 1198 3412 βουλόμενος
1229 3351 1405 3410 υμας
1434 3322 1837 3410 ὑπομνῆσαι,
1875 3324 1986 3390 καὶ
2018 3319 2092 3390 τὸ
2129 3331 2243 3408 τῆς
2271 3339 2376 3394 108

213 3427 615 3508 συγγνώμης
669 3419 797 3490 οὐκ
841 3428 1113 3491 ἔλαττον
1163 3420 1332 3490 ἀλλὰ
1381 3428 1602 3509 μεῖζον
1657 3427 1860 3490 αἰτῶν
1909 3421 2059 3507 περὶ
2103 3425 2241 3488 τῶν
2363 3460 2366 3463 >
