<?xml version="1.0" encoding="UTF-8"?>
<!DOCTYPE html PUBLIC "-//W3C//DTD XHTML 1.0 Transitional//EN"
    "http://www.w3.org/TR/xhtml1/DTD/xhtml1-transitional.dtd">
<html xmlns="http://www.w3.org/1999/xhtml" xml:lang="en" lang="en">
 <head>
  <title>
</title>
<meta http-equiv="Content-Type" content="text/html;charset=utf-8" />
  <meta name='ocr-system' content='tesseract 3.04.00' />
  <meta name='ocr-capabilities' content='ocr_page ocr_carea ocr_par ocr_line ocrx_word'/>
</head>
<body>
  <div class='ocr_page' id='page_1' title='image "./dialogisecundum07platgoog_0320.png"; bbox 0 0 2602 3928; ppageno 0'>
   <div class='ocr_carea' id='block_1_1' title="bbox 360 204 1670 273">
    <p class='ocr_par' dir='ltr' id='par_1_1' title="bbox 360 204 1670 273">
     <span class='ocr_line' id='line_1_1' title="bbox 360 204 1670 273; baseline -0.009 0"><span class='ocrx_word' id='word_1_1' title='bbox 360 206 487 273; x_wconf 77' lang='lat'><strong><em>284</em></strong></span> <span class='ocrx_word' id='word_1_2' title='bbox 1097 204 1670 265; x_wconf 73' lang='grc' dir='ltr'><em>ΠΛΑΤΩΝΟΣ</em></span> 
     </span>
    </p>
   </div>
   <div class='ocr_carea' id='block_1_2' title="bbox 227 359 2393 3475">
    <p class='ocr_par' dir='ltr' id='par_1_2' title="bbox 227 359 2393 3475">
     <span class='ocr_line' id='line_1_2' title="bbox 362 359 2379 452; baseline 0 -17"><span class='ocrx_word' id='word_1_3' title='bbox 362 363 794 436; x_wconf 81' lang='grc' dir='ltr'><strong><em>παντοδαπόν</em></strong></span> <span class='ocrx_word' id='word_1_4' title='bbox 823 370 1069 452; x_wconf 82' lang='grc' dir='ltr'><strong><em>θηρίον</em></strong></span> <span class='ocrx_word' id='word_1_5' title='bbox 1110 359 1477 449; x_wconf 78' lang='grc' dir='ltr'><strong><em>εὐωχοῦντι</em></strong></span> <span class='ocrx_word' id='word_1_6' title='bbox 1524 377 1739 431; x_wconf 81' lang='grc' dir='ltr'><strong><em>ποιεῖν</em></strong></span> <span class='ocrx_word' id='word_1_7' title='bbox 1779 364 2054 449; x_wconf 80' lang='grc' dir='ltr'><strong><em>ἰσχυρὰν</em></strong></span> <span class='ocrx_word' id='word_1_8' title='bbox 2096 366 2209 435; x_wconf 83' lang='grc' dir='ltr'><strong><em>καὶ</em></strong></span> <span class='ocrx_word' id='word_1_9' title='bbox 2249 378 2379 435; x_wconf 81' lang='grc' dir='ltr'><strong><em>τὸν</em></strong></span> 
     </span>
     <span class='ocr_line' id='line_1_3' title="bbox 361 456 2375 549; baseline 0 -18"><span class='ocrx_word' id='word_1_10' title='bbox 361 467 597 533; x_wconf 89' lang='grc' dir='ltr'><strong><em>λέοντα</em></strong></span> <span class='ocrx_word' id='word_1_11' title='bbox 631 466 743 532; x_wconf 89' lang='grc' dir='ltr'><strong><em>καὶ</em></strong></span> <span class='ocrx_word' id='word_1_12' title='bbox 779 461 863 530; x_wconf 82' lang='grc' dir='ltr'><strong><em>τά</em></strong></span> <span class='ocrx_word' id='word_1_13' title='bbox 897 464 1049 547; x_wconf 81' lang='grc' dir='ltr'><strong><em>περὶ</em></strong></span> <span class='ocrx_word' id='word_1_14' title='bbox 1080 460 1202 528; x_wconf 82' lang='grc' dir='ltr'><strong><em>τὸν</em></strong></span> <span class='ocrx_word' id='word_1_15' title='bbox 1237 462 1495 544; x_wconf 86' lang='grc' dir='ltr'><strong><em>λέοντα,</em></strong></span> <span class='ocrx_word' id='word_1_16' title='bbox 1536 456 1657 527; x_wconf 85' lang='grc' dir='ltr'><strong><em>τὸν</em></strong></span> <span class='ocrx_word' id='word_1_17' title='bbox 1679 460 1751 529; x_wconf 75' lang='grc' dir='ltr'><strong><em>δὲ</em></strong></span> <span class='ocrx_word' id='word_1_18' title='bbox 1786 458 2158 545; x_wconf 71' lang='grc' dir='ltr'><strong><em>ἄνθρωπον</em></strong></span> <span class='ocrx_word' id='word_1_19' title='bbox 2179 470 2375 549; x_wconf 88' lang='grc' dir='ltr'><strong><em>λιμο-</em></strong></span> 
     </span>
     <span class='ocr_line' id='line_1_4' title="bbox 227 553 2377 646; baseline -0 -17"><span class='ocrx_word' id='word_1_20' title='bbox 227 582 329 638; x_wconf 77' lang='lat'><strong><em>589</em></strong></span> <span class='ocrx_word' id='word_1_21' title='bbox 361 574 624 629; x_wconf 91' lang='grc' dir='ltr'><strong><em>κτονεῖν</em></strong></span> <span class='ocrx_word' id='word_1_22' title='bbox 643 563 753 629; x_wconf 84' lang='grc' dir='ltr'><strong><em>καὶ</em></strong></span> <span class='ocrx_word' id='word_1_23' title='bbox 775 574 989 629; x_wconf 79' lang='grc' dir='ltr'><strong><em>ποιεῖν</em></strong></span> <span class='ocrx_word' id='word_1_24' title='bbox 1010 556 1290 644; x_wconf 83' lang='grc' dir='ltr'><strong><em>ἀσθενῆ,</em></strong></span> <span class='ocrx_word' id='word_1_25' title='bbox 1309 557 1473 625; x_wconf 78' lang='grc' dir='ltr'><strong><em>ὥστε</em></strong></span> <span class='ocrx_word' id='word_1_26' title='bbox 1495 558 1810 625; x_wconf 81' lang='grc' dir='ltr'><strong><em>ἕλκεσθαι</em></strong></span> <span class='ocrx_word' id='word_1_27' title='bbox 1834 557 1966 646; x_wconf 81' lang='grc' dir='ltr'><strong><em>ὅπῃ</em></strong></span> <span class='ocrx_word' id='word_1_28' title='bbox 1988 553 2075 626; x_wconf 76' lang='grc' dir='ltr'><strong><em>ἀν</em></strong></span> <span class='ocrx_word' id='word_1_29' title='bbox 2102 562 2377 628; x_wconf 80' lang='grc' dir='ltr'><strong><em>ἐκείνων</em></strong></span> 
     </span>
     <span class='ocr_line' id='line_1_5' title="bbox 363 655 2377 745; baseline -0.001 -18"><span class='ocrx_word' id='word_1_30' title='bbox 363 656 688 745; x_wconf 80' lang='grc' dir='ltr'><strong><em>ὁπότερον</em></strong></span> <span class='ocrx_word' id='word_1_31' title='bbox 731 655 881 745; x_wconf 75' lang='grc' dir='ltr'><strong><em>ἄγῃ,</em></strong></span> <span class='ocrx_word' id='word_1_32' title='bbox 915 660 1024 724; x_wconf 87' lang='grc' dir='ltr'><strong><em>καὶ</em></strong></span> <span class='ocrx_word' id='word_1_33' title='bbox 1068 657 1275 741; x_wconf 79' lang='grc' dir='ltr'><strong><em>μηδὲν</em></strong></span> <span class='ocrx_word' id='word_1_34' title='bbox 1305 656 1534 738; x_wconf 81' lang='grc' dir='ltr'><strong><em>ἕτερον</em></strong></span> <span class='ocrx_word' id='word_1_35' title='bbox 1570 655 1766 743; x_wconf 74' lang='grc' dir='ltr'><strong><em>ἑτέρῳ</em></strong></span> <span class='ocrx_word' id='word_1_36' title='bbox 1801 660 2169 737; x_wconf 78' lang='grc' dir='ltr'><strong><em>ξυνεθίζειν</em></strong></span> <span class='ocrx_word' id='word_1_37' title='bbox 2211 658 2377 745; x_wconf 74' lang='grc' dir='ltr'><strong><em>μηδὲ</em></strong></span> 
     </span>
     <span class='ocr_line' id='line_1_6' title="bbox 365 749 2376 841; baseline -0.001 -18"><span class='ocrx_word' id='word_1_38' title='bbox 365 762 563 841; x_wconf 83' lang='grc' dir='ltr'><strong><em>φίλον</em></strong></span> <span class='ocrx_word' id='word_1_39' title='bbox 585 767 818 839; x_wconf 74' lang='grc' dir='ltr'><strong><em>ποιεῖν,</em></strong></span> <span class='ocrx_word' id='word_1_40' title='bbox 843 752 992 821; x_wconf 88' lang='grc' dir='ltr'><strong><em>ἀλλ’</em></strong></span> <span class='ocrx_word' id='word_1_41' title='bbox 1025 757 1147 839; x_wconf 78' lang='grc' dir='ltr'><strong><em>έᾷν</em></strong></span> <span class='ocrx_word' id='word_1_42' title='bbox 1183 750 1352 820; x_wconf 80' lang='grc' dir='ltr'><strong><em>αὐτὰ</em></strong></span> <span class='ocrx_word' id='word_1_43' title='bbox 1386 754 1461 819; x_wconf 81' lang='grc' dir='ltr'><strong><em>ἐν</em></strong></span> <span class='ocrx_word' id='word_1_44' title='bbox 1495 749 1723 830; x_wconf 78' lang='grc' dir='ltr'><strong><em>αὐτοῖς</em></strong></span> <span class='ocrx_word' id='word_1_45' title='bbox 1753 753 2129 821; x_wconf 86' lang='grc' dir='ltr'><strong><em>δάκνεσθαί</em></strong></span> <span class='ocrx_word' id='word_1_46' title='bbox 2161 780 2230 822; x_wconf 88' lang='grc' dir='ltr'><strong><em>τε</em></strong></span> <span class='ocrx_word' id='word_1_47' title='bbox 2264 757 2376 821; x_wconf 79' lang='grc' dir='ltr'><strong><em>καὶ</em></strong></span> 
     </span>
     <span class='ocr_line' id='line_1_7' title="bbox 364 848 2373 972; baseline -0.002 -52"><span class='ocrx_word' id='word_1_48' title='bbox 364 851 704 940; x_wconf 82' lang='grc' dir='ltr'><strong><em>μαχόμενα</em></strong></span> <span class='ocrx_word' id='word_1_49' title='bbox 744 853 998 919; x_wconf 79' lang='grc' dir='ltr'><strong><em>ἐσθίειν</em></strong></span> <span class='ocrx_word' id='word_1_50' title='bbox 1040 849 1312 936; x_wconf 74' lang='grc' dir='ltr'><strong><em>ἄλληλα.</em></strong></span> <span class='ocrx_word' id='word_1_51' title='bbox 1373 849 1770 917; x_wconf 85' lang='grc' dir='ltr'><strong><em>Παντάπασι</em></strong></span> <span class='ocrx_word' id='word_1_52' title='bbox 1810 850 1981 972; x_wconf 46' lang='grc' dir='ltr'><strong><em>γάῃρ,</em></strong></span> <span class='ocrx_word' id='word_1_53' title='bbox 1999 855 2149 969; x_wconf 78' lang='grc' dir='ltr'><strong><em>ἔφη,</em></strong></span> <span class='ocrx_word' id='word_1_54' title='bbox 2186 848 2373 918; x_wconf 83' lang='grc' dir='ltr'><strong><em>ταῦτ’</em></strong></span> 
     </span>
     <span class='ocr_line' id='line_1_8' title="bbox 362 939 2376 1034; baseline -0.002 -15"><span class='ocrx_word' id='word_1_55' title='bbox 362 977 449 1018; x_wconf 91' lang='grc' dir='ltr'><strong><em>αν</em></strong></span> <span class='ocrx_word' id='word_1_56' title='bbox 471 944 715 1034; x_wconf 86' lang='grc' dir='ltr'><strong><em>λέγοι</em></strong></span> <span class='ocrx_word' id='word_1_57' title='bbox 683 973 721 1015; x_wconf 94' lang='grc' dir='ltr'><strong><em>ο</em></strong></span> <span class='ocrx_word' id='word_1_58' title='bbox 755 945 829 1015; x_wconf 83' lang='grc' dir='ltr'><strong><em>τὸ</em></strong></span> <span class='ocrx_word' id='word_1_59' title='bbox 863 943 1115 1014; x_wconf 77' lang='grc' dir='ltr'><strong><em>ἀδικεῖν</em></strong></span> <span class='ocrx_word' id='word_1_60' title='bbox 1150 950 1464 1014; x_wconf 73' lang='grc' dir='ltr'><strong><em>ἐπαινῶν.</em></strong></span> <span class='ocrx_word' id='word_1_61' title='bbox 1510 946 1786 1016; x_wconf 81' lang='grc' dir='ltr'><strong><em>Οὐκοῦν</em></strong></span> <span class='ocrx_word' id='word_1_62' title='bbox 1819 939 1911 1015; x_wconf 79' lang='grc' dir='ltr'><strong><em>αὖ</em></strong></span> <span class='ocrx_word' id='word_1_63' title='bbox 1952 945 1989 1016; x_wconf 97' lang='lat'><em>6</em></span> <span class='ocrx_word' id='word_1_64' title='bbox 2038 946 2118 1016; x_wconf 79' lang='grc' dir='ltr'><strong><em>τὰ</em></strong></span> <span class='ocrx_word' id='word_1_65' title='bbox 2155 952 2376 1016; x_wconf 85' lang='grc' dir='ltr'><strong><em>δίκαια</em></strong></span> 
     </span>
     <span class='ocr_line' id='line_1_9' title="bbox 361 1039 2378 1163; baseline -0.001 -48"><span class='ocrx_word' id='word_1_66' title='bbox 361 1049 577 1132; x_wconf 89' lang='grc' dir='ltr'><strong><em>λέγων</em></strong></span> <span class='ocrx_word' id='word_1_67' title='bbox 594 1054 961 1115; x_wconf 70' lang='grc' dir='ltr'><strong><em>λυσιτελεῖν</em></strong></span> <span class='ocrx_word' id='word_1_68' title='bbox 983 1039 1218 1163; x_wconf 73' lang='grc' dir='ltr'><strong><em>φαίη’“</em></strong></span> <span class='ocrx_word' id='word_1_69' title='bbox 1172 1070 1259 1112; x_wconf 91' lang='grc' dir='ltr'><strong><em>αν</em></strong></span> <span class='ocrx_word' id='word_1_70' title='bbox 1283 1048 1422 1112; x_wconf 88' lang='grc' dir='ltr'><strong><em>δεῖν</em></strong></span> <span class='ocrx_word' id='word_1_71' title='bbox 1441 1053 1651 1112; x_wconf 82' lang='grc' dir='ltr'><strong><em>ταῦτα</em></strong></span> <span class='ocrx_word' id='word_1_72' title='bbox 1684 1045 1992 1133; x_wconf 87' lang='grc' dir='ltr'><strong><em>πράττειν</em></strong></span> <span class='ocrx_word' id='word_1_73' title='bbox 2023 1046 2135 1114; x_wconf 83' lang='grc' dir='ltr'><strong><em>καὶ</em></strong></span> <span class='ocrx_word' id='word_1_74' title='bbox 2166 1051 2378 1113; x_wconf 80' lang='grc' dir='ltr'><strong><em>ταῦτα</em></strong></span> 
     </span>
     <span class='ocr_line' id='line_1_10' title="bbox 363 1137 2373 1228; baseline -0 -16"><span class='ocrx_word' id='word_1_75' title='bbox 363 1146 598 1228; x_wconf 82' lang='grc' dir='ltr'><strong><em>λέγειν,</em></strong></span> <span class='ocrx_word' id='word_1_76' title='bbox 628 1141 799 1211; x_wconf 80' lang='grc' dir='ltr'><strong><em>ὅθεν</em></strong></span> <span class='ocrx_word' id='word_1_77' title='bbox 817 1150 941 1210; x_wconf 80' lang='grc' dir='ltr'><strong><em>τοῦ</em></strong></span> <span class='ocrx_word' id='word_1_78' title='bbox 972 1137 1401 1225; x_wconf 67' lang='grc' dir='ltr'><strong><em>ἀνθρώπου’</em></strong></span> <span class='ocrx_word' id='word_1_79' title='bbox 1369 1168 1406 1209; x_wconf 91' lang='grc' dir='ltr'><strong><em>ο</em></strong></span> <span class='ocrx_word' id='word_1_80' title='bbox 1445 1141 1632 1221; x_wconf 78' lang='grc' dir='ltr'><strong><em>ἐντὸς</em></strong></span> <span class='ocrx_word' id='word_1_81' title='bbox 1659 1139 2022 1227; x_wconf 75' lang='grc' dir='ltr'><strong><em>ἅνθρωπος</em></strong></span> <span class='ocrx_word' id='word_1_82' title='bbox 2054 1147 2235 1211; x_wconf 78' lang='grc' dir='ltr'><strong><em>ἔσται</em></strong></span> <span class='ocrx_word' id='word_1_83' title='bbox 2265 1145 2373 1228; x_wconf 85' lang='grc' dir='ltr'><strong><em>έγ-</em></strong></span> 
     </span>
     <span class='ocr_line' id='line_1_11' title="bbox 298 1239 2370 1327; baseline -0.003 -18"><span class='ocrx_word' id='word_1_84' title='bbox 298 1274 339 1323; x_wconf 86' lang='lat' dir='ltr'>B</span> <span class='ocrx_word' id='word_1_85' title='bbox 373 1243 823 1327; x_wconf 86' lang='grc' dir='ltr'><strong><em>κρατέστατος,</em></strong></span> <span class='ocrx_word' id='word_1_86' title='bbox 847 1239 957 1307; x_wconf 78' lang='grc' dir='ltr'><strong><em>καὶ</em></strong></span> <span class='ocrx_word' id='word_1_87' title='bbox 990 1245 1113 1307; x_wconf 85' lang='grc' dir='ltr'><strong><em>τοῦ</em></strong></span> <span class='ocrx_word' id='word_1_88' title='bbox 1145 1239 1624 1324; x_wconf 74' lang='grc' dir='ltr'><strong><em>πολυκεφάλου</em></strong></span> <span class='ocrx_word' id='word_1_89' title='bbox 1657 1244 2036 1327; x_wconf 79' lang='grc' dir='ltr'><strong><em>θρέμματος</em></strong></span> <span class='ocrx_word' id='word_1_90' title='bbox 2068 1240 2370 1327; x_wconf 44' lang='grc' dir='ltr'><strong><em>ἐπιμελής</em></strong></span> 
     </span>
     <span class='ocr_line' id='line_1_12' title="bbox 370 1333 2378 1427; baseline 0.001 -23"><span class='ocrx_word' id='word_1_91' title='bbox 370 1359 551 1406; x_wconf 84' lang='grc' dir='ltr'><strong><em>σεται</em></strong></span> <span class='ocrx_word' id='word_1_92' title='bbox 588 1334 808 1424; x_wconf 74' lang='grc' dir='ltr'><strong><em>ὥσπερ</em></strong></span> <span class='ocrx_word' id='word_1_93' title='bbox 846 1335 1160 1422; x_wconf 82' lang='grc' dir='ltr'><strong><em>γεωργός,</em></strong></span> <span class='ocrx_word' id='word_1_94' title='bbox 1205 1333 1285 1404; x_wconf 77' lang='grc' dir='ltr'><strong><em>τὰ</em></strong></span> <span class='ocrx_word' id='word_1_95' title='bbox 1323 1336 1445 1423; x_wconf 75' lang='grc' dir='ltr'><strong><em>μὲν</em></strong></span> <span class='ocrx_word' id='word_1_96' title='bbox 1478 1335 1694 1425; x_wconf 85' lang='grc' dir='ltr'><strong><em>ἥμερα</em></strong></span> <span class='ocrx_word' id='word_1_97' title='bbox 1732 1341 2000 1427; x_wconf 79' lang='grc' dir='ltr'><strong><em>τρέφων</em></strong></span> <span class='ocrx_word' id='word_1_98' title='bbox 2034 1341 2144 1408; x_wconf 89' lang='grc' dir='ltr'><strong><em>καὶ</em></strong></span> <span class='ocrx_word' id='word_1_99' title='bbox 2182 1349 2378 1406; x_wconf 84' lang='grc' dir='ltr'><strong><em>τιθα-</em></strong></span> 
     </span>
     <span class='ocr_line' id='line_1_13' title="bbox 368 1431 2378 1523; baseline 0.001 -21"><span class='ocrx_word' id='word_1_100' title='bbox 368 1434 609 1520; x_wconf 89' lang='grc' dir='ltr'><strong><em>σεύων,</em></strong></span> <span class='ocrx_word' id='word_1_101' title='bbox 633 1432 713 1503; x_wconf 74' lang='grc' dir='ltr'><strong><em>τὰ</em></strong></span> <span class='ocrx_word' id='word_1_102' title='bbox 740 1435 810 1502; x_wconf 74' lang='grc' dir='ltr'><strong><em>δὲ</em></strong></span> <span class='ocrx_word' id='word_1_103' title='bbox 835 1434 1032 1521; x_wconf 69' lang='grc' dir='ltr'><strong><em>ἄγρια</em></strong></span> <span class='ocrx_word' id='word_1_104' title='bbox 1054 1431 1469 1503; x_wconf 76' lang='grc' dir='ltr'><strong><em>ἀποκωλύων</em></strong></span> <span class='ocrx_word' id='word_1_105' title='bbox 1493 1435 1812 1521; x_wconf 85' lang='grc' dir='ltr'><strong><em>φύεσθαι,</em></strong></span> <span class='ocrx_word' id='word_1_106' title='bbox 1835 1437 2174 1523; x_wconf 82' lang='grc' dir='ltr'><strong><em>ξύμμαχον</em></strong></span> <span class='ocrx_word' id='word_1_107' title='bbox 2195 1461 2378 1523; x_wconf 85' lang='grc' dir='ltr'><strong><em>ποιη-</em></strong></span> 
     </span>
     <span class='ocr_line' id='line_1_14' title="bbox 368 1532 2379 1622; baseline 0 -22"><span class='ocrx_word' id='word_1_108' title='bbox 368 1532 652 1619; x_wconf 84' lang='grc' dir='ltr'><strong><em>σάμενος</em></strong></span> <span class='ocrx_word' id='word_1_109' title='bbox 669 1532 792 1619; x_wconf 80' lang='grc' dir='ltr'><strong><em>τὴν</em></strong></span> <span class='ocrx_word' id='word_1_110' title='bbox 814 1539 938 1600; x_wconf 85' lang='grc' dir='ltr'><strong><em>τοῦ</em></strong></span> <span class='ocrx_word' id='word_1_111' title='bbox 957 1535 1224 1611; x_wconf 88' lang='grc' dir='ltr'><strong><em>λέοντος</em></strong></span> <span class='ocrx_word' id='word_1_112' title='bbox 1252 1532 1483 1619; x_wconf 89' lang='grc' dir='ltr'><strong><em>φύσιν,</em></strong></span> <span class='ocrx_word' id='word_1_113' title='bbox 1505 1536 1617 1602; x_wconf 88' lang='grc' dir='ltr'><strong><em>καὶ</em></strong></span> <span class='ocrx_word' id='word_1_114' title='bbox 1650 1542 1847 1622; x_wconf 82' lang='grc' dir='ltr'><strong><em>κοινῇ</em></strong></span> <span class='ocrx_word' id='word_1_115' title='bbox 1868 1534 2139 1603; x_wconf 88' lang='grc' dir='ltr'><strong><em>πάντων</em></strong></span> <span class='ocrx_word' id='word_1_116' title='bbox 2174 1532 2379 1620; x_wconf 86' lang='grc' dir='ltr'><strong><em>κηδό-</em></strong></span> 
     </span>
     <span class='ocr_line' id='line_1_15' title="bbox 368 1629 2377 1723; baseline -0 -24"><span class='ocrx_word' id='word_1_117' title='bbox 368 1656 586 1718; x_wconf 88' lang='grc' dir='ltr'><strong><em>μενος,</em></strong></span> <span class='ocrx_word' id='word_1_118' title='bbox 630 1637 792 1717; x_wconf 90' lang='grc' dir='ltr'><strong><em>φίλα</em></strong></span> <span class='ocrx_word' id='word_1_119' title='bbox 835 1630 1281 1717; x_wconf 76' lang='grc' dir='ltr'><strong><em>ποιησάμενος</em></strong></span> <span class='ocrx_word' id='word_1_120' title='bbox 1332 1629 1639 1720; x_wconf 82' lang='grc' dir='ltr'><strong><em>ἀλλήλοις</em></strong></span> <span class='ocrx_word' id='word_1_121' title='bbox 1684 1658 1757 1701; x_wconf 88' lang='grc' dir='ltr'><strong><em>τε</em></strong></span> <span class='ocrx_word' id='word_1_122' title='bbox 1795 1636 1906 1701; x_wconf 87' lang='grc' dir='ltr'><strong><em>καὶ</em></strong></span> <span class='ocrx_word' id='word_1_123' title='bbox 1948 1629 2153 1723; x_wconf 75' lang='grc' dir='ltr'><strong><em>αὐτῷ,</em></strong></span> <span class='ocrx_word' id='word_1_124' title='bbox 2201 1656 2377 1701; x_wconf 87' lang='grc' dir='ltr'><strong><em>ουτω</em></strong></span> 
     </span>
     <span class='ocr_line' id='line_1_16' title="bbox 370 1722 2380 1818; baseline 0 -23"><span class='ocrx_word' id='word_1_125' title='bbox 370 1729 637 1813; x_wconf 70' lang='grc' dir='ltr'><strong><em>θρέψεις</em></strong></span> <span class='ocrx_word' id='word_1_126' title='bbox 675 1733 936 1818; x_wconf 82' lang='grc' dir='ltr'><strong><em>Κομιδῇ</em></strong></span> <span class='ocrx_word' id='word_1_127' title='bbox 969 1727 1100 1816; x_wconf 77' lang='grc' dir='ltr'><strong><em>γὰρ</em></strong></span> <span class='ocrx_word' id='word_1_128' title='bbox 1141 1722 1230 1795; x_wconf 83' lang='grc' dir='ltr'><strong><em>αὖ</em></strong></span> <span class='ocrx_word' id='word_1_129' title='bbox 1266 1733 1442 1816; x_wconf 84' lang='grc' dir='ltr'><strong><em>λέγει</em></strong></span> <span class='ocrx_word' id='word_1_130' title='bbox 1476 1737 1684 1798; x_wconf 85' lang='grc' dir='ltr'><strong><em>ταῦτα</em></strong></span> <span class='ocrx_word' id='word_1_131' title='bbox 1717 1728 1754 1797; x_wconf 89' lang='lat'><em>6</em></span> <span class='ocrx_word' id='word_1_132' title='bbox 1790 1727 1862 1798; x_wconf 75' lang='grc' dir='ltr'><strong><em>τὸ</em></strong></span> <span class='ocrx_word' id='word_1_133' title='bbox 1902 1733 2160 1798; x_wconf 82' lang='grc' dir='ltr'><strong><em>δίκαιον</em></strong></span> <span class='ocrx_word' id='word_1_134' title='bbox 2193 1732 2380 1797; x_wconf 81' lang='grc' dir='ltr'><strong><em>ἐπαι-</em></strong></span> 
     </span>
     <span class='ocr_line' id='line_1_17' title="bbox 368 1825 2376 1915; baseline 0 -21"><span class='ocrx_word' id='word_1_135' title='bbox 368 1852 527 1895; x_wconf 87' lang='grc' dir='ltr'><strong><em>νων.</em></strong></span> <span class='ocrx_word' id='word_1_136' title='bbox 570 1826 759 1894; x_wconf 82' lang='grc' dir='ltr'><strong><em>Κατὰ</em></strong></span> <span class='ocrx_word' id='word_1_137' title='bbox 782 1826 999 1895; x_wconf 88' lang='grc' dir='ltr'><strong><em>πάντα</em></strong></span> <span class='ocrx_word' id='word_1_138' title='bbox 1021 1826 1274 1914; x_wconf 88' lang='grc' dir='ltr'><strong><em>τρόπον</em></strong></span> <span class='ocrx_word' id='word_1_139' title='bbox 1296 1825 1433 1913; x_wconf 66' lang='grc' dir='ltr'><strong><em>δὴ“</em></strong></span> <span class='ocrx_word' id='word_1_140' title='bbox 1400 1854 1435 1895; x_wconf 93' lang='grc' dir='ltr'><strong><em>ο</em></strong></span> <span class='ocrx_word' id='word_1_141' title='bbox 1459 1827 1582 1914; x_wconf 74' lang='grc' dir='ltr'><strong><em>μὲν</em></strong></span> <span class='ocrx_word' id='word_1_142' title='bbox 1602 1827 1683 1896; x_wconf 86' lang='grc' dir='ltr'><strong><em>τά</em></strong></span> <span class='ocrx_word' id='word_1_143' title='bbox 1704 1831 1924 1896; x_wconf 86' lang='grc' dir='ltr'><strong><em>δίκαια</em></strong></span> <span class='ocrx_word' id='word_1_144' title='bbox 1956 1828 2376 1915; x_wconf 76' lang='grc' dir='ltr'><strong><em>ἐγκωμιάζων</em></strong></span> 
     </span>
     <span class='ocr_line' id='line_1_18' title="bbox 298 1920 2378 2013; baseline -0.002 -17"><span class='ocrx_word' id='word_1_145' title='bbox 298 1943 335 1996; x_wconf 86' lang='lat' dir='ltr'>c</span> <span class='ocrx_word' id='word_1_146' title='bbox 368 1920 596 2011; x_wconf 80' lang='grc' dir='ltr'><strong><em>ἀληθῆ</em></strong></span> <span class='ocrx_word' id='word_1_147' title='bbox 640 1951 728 1992; x_wconf 92' lang='grc' dir='ltr'><strong><em>αν</em></strong></span> <span class='ocrx_word' id='word_1_148' title='bbox 769 1925 972 2011; x_wconf 92' lang='grc' dir='ltr'><strong><em>λέγοι,</em></strong></span> <span class='ocrx_word' id='word_1_149' title='bbox 1021 1921 1057 1992; x_wconf 88' lang='lat'><em>6</em></span> <span class='ocrx_word' id='word_1_150' title='bbox 1097 1923 1168 1993; x_wconf 67' lang='grc' dir='ltr'><strong><em>δὲ</em></strong></span> <span class='ocrx_word' id='word_1_151' title='bbox 1203 1922 1284 1992; x_wconf 84' lang='grc' dir='ltr'><strong><em>τά</em></strong></span> <span class='ocrx_word' id='word_1_152' title='bbox 1329 1922 1525 1994; x_wconf 85' lang='grc' dir='ltr'><strong><em>α’δικα</em></strong></span> <span class='ocrx_word' id='word_1_153' title='bbox 1570 1924 1902 2007; x_wconf 75' lang='grc' dir='ltr'><strong><em>ψεύδοιτο.</em></strong></span> <span class='ocrx_word' id='word_1_154' title='bbox 1946 1925 2113 2013; x_wconf 65' lang='grc' dir='ltr'><strong><em>πρός</em></strong></span> <span class='ocrx_word' id='word_1_155' title='bbox 2145 1952 2216 1996; x_wconf 84' lang='grc' dir='ltr'><strong><em>τε</em></strong></span> <span class='ocrx_word' id='word_1_156' title='bbox 2250 1924 2378 2012; x_wconf 76' lang='grc' dir='ltr'><strong><em>γὰρ</em></strong></span> 
     </span>
     <span class='ocr_line' id='line_1_19' title="bbox 366 2018 2378 2114; baseline 0.001 -25"><span class='ocrx_word' id='word_1_157' title='bbox 366 2018 625 2108; x_wconf 79' lang='grc' dir='ltr'><strong><em>ἡδονὴν</em></strong></span> <span class='ocrx_word' id='word_1_158' title='bbox 656 2024 769 2090; x_wconf 82' lang='grc' dir='ltr'><strong><em>καὶ</em></strong></span> <span class='ocrx_word' id='word_1_159' title='bbox 804 2020 973 2106; x_wconf 79' lang='grc' dir='ltr'><strong><em>πρὸς</em></strong></span> <span class='ocrx_word' id='word_1_160' title='bbox 1007 2019 1313 2102; x_wconf 80' lang='grc' dir='ltr'><strong><em>εὐδοξίαν</em></strong></span> <span class='ocrx_word' id='word_1_161' title='bbox 1354 2025 1464 2092; x_wconf 79' lang='grc' dir='ltr'><strong><em>καὶ</em></strong></span> <span class='ocrx_word' id='word_1_162' title='bbox 1499 2021 1826 2110; x_wconf 70' lang='grc' dir='ltr'><strong><em>ὠφέλειαν</em></strong></span> <span class='ocrx_word' id='word_1_163' title='bbox 1866 2026 2301 2114; x_wconf 78' lang='grc' dir='ltr'><strong><em>σκοπουμένῳ</em></strong></span> <span class='ocrx_word' id='word_1_164' title='bbox 2341 2023 2378 2091; x_wconf 90' lang='lat'><em>6</em></span> 
     </span>
     <span class='ocr_line' id='line_1_20' title="bbox 368 2116 2379 2209; baseline 0.003 -26"><span class='ocrx_word' id='word_1_165' title='bbox 368 2116 490 2204; x_wconf 72' lang='grc' dir='ltr'><strong><em>μὲν</em></strong></span> <span class='ocrx_word' id='word_1_166' title='bbox 524 2120 863 2203; x_wconf 74' lang='grc' dir='ltr'><strong><em>ἐπαινέτης</em></strong></span> <span class='ocrx_word' id='word_1_167' title='bbox 895 2125 1018 2186; x_wconf 86' lang='grc' dir='ltr'><strong><em>τοῦ</em></strong></span> <span class='ocrx_word' id='word_1_168' title='bbox 1054 2123 1318 2188; x_wconf 89' lang='grc' dir='ltr'><strong><em>δικαίου</em></strong></span> <span class='ocrx_word' id='word_1_169' title='bbox 1349 2118 1686 2209; x_wconf 87' lang='grc' dir='ltr'><strong><em>ἀληθεύει,</em></strong></span> <span class='ocrx_word' id='word_1_170' title='bbox 1729 2119 1764 2189; x_wconf 86' lang='grc' dir='ltr'>ὁ</span> <span class='ocrx_word' id='word_1_171' title='bbox 1805 2125 1876 2190; x_wconf 72' lang='grc' dir='ltr'><strong><em>δὲ</em></strong></span> <span class='ocrx_word' id='word_1_172' title='bbox 1909 2125 2150 2209; x_wconf 80' lang='grc' dir='ltr'><strong><em>ψέκτης</em></strong></span> <span class='ocrx_word' id='word_1_173' title='bbox 2178 2119 2379 2190; x_wconf 75' lang='grc' dir='ltr'><strong><em>οὐδὲν</em></strong></span> 
     </span>
     <span class='ocr_line' id='line_1_21' title="bbox 369 2210 2377 2305; baseline 0.002 -24"><span class='ocrx_word' id='word_1_174' title='bbox 369 2210 550 2300; x_wconf 77' lang='grc' dir='ltr'><strong><em>ὑγιὲς</em></strong></span> <span class='ocrx_word' id='word_1_175' title='bbox 571 2211 719 2282; x_wconf 83' lang='grc' dir='ltr'><strong><em>οὐδ’</em></strong></span> <span class='ocrx_word' id='word_1_176' title='bbox 748 2213 936 2295; x_wconf 72' lang='grc' dir='ltr'><strong><em>εἰδώς</em></strong></span> <span class='ocrx_word' id='word_1_177' title='bbox 955 2219 1142 2302; x_wconf 81' lang='grc' dir='ltr'><strong><em>ψέγει</em></strong></span> <span class='ocrx_word' id='word_1_178' title='bbox 1163 2215 1206 2285; x_wconf 89' lang='lat'><em>6&#39;</em></span> <span class='ocrx_word' id='word_1_179' title='bbox 1222 2244 1286 2286; x_wconf 92' lang='grc' dir='ltr'><strong><em>τι</em></strong></span> <span class='ocrx_word' id='word_1_180' title='bbox 1307 2222 1510 2303; x_wconf 80' lang='grc' dir='ltr'><strong><em>ψέγει.</em></strong></span> <span class='ocrx_word' id='word_1_181' title='bbox 1558 2217 1666 2287; x_wconf 76' lang='grc' dir='ltr'><strong><em>Οὔ</em></strong></span> <span class='ocrx_word' id='word_1_182' title='bbox 1696 2246 1808 2305; x_wconf 88' lang='grc' dir='ltr'><strong><em>μοι</em></strong></span> <span class='ocrx_word' id='word_1_183' title='bbox 1852 2224 2063 2304; x_wconf 89' lang='grc' dir='ltr'><strong><em>δοκεῖ,</em></strong></span> <span class='ocrx_word' id='word_1_184' title='bbox 2099 2211 2143 2304; x_wconf 83' lang='grc' dir='ltr'><strong><em>ἦ</em></strong></span> <span class='ocrx_word' id='word_1_185' title='bbox 2182 2220 2246 2287; x_wconf 90' lang='grc' dir='ltr'><strong><em>δ’</em></strong></span> <span class='ocrx_word' id='word_1_186' title='bbox 2284 2216 2377 2303; x_wconf 80' lang='grc' dir='ltr'><strong><em>ὅς,</em></strong></span> 
     </span>
     <span class='ocr_line' id='line_1_22' title="bbox 370 2309 2382 2404; baseline 0.002 -25"><span class='ocrx_word' id='word_1_187' title='bbox 370 2309 634 2400; x_wconf 78' lang='grc' dir='ltr'><strong><em>οὐδαμῇ</em></strong></span> <span class='ocrx_word' id='word_1_188' title='bbox 655 2336 749 2396; x_wconf 89' lang='grc' dir='ltr'><strong><em>γε.</em></strong></span> <span class='ocrx_word' id='word_1_189' title='bbox 785 2320 1141 2399; x_wconf 78' lang='grc' dir='ltr'><strong><em>Πείθωμεν</em></strong></span> <span class='ocrx_word' id='word_1_190' title='bbox 1160 2321 1394 2382; x_wconf 85' lang='grc' dir='ltr'><strong><em>τοίνυν</em></strong></span> <span class='ocrx_word' id='word_1_191' title='bbox 1420 2314 1629 2385; x_wconf 82' lang='grc' dir='ltr'><strong><em>αὐτὸν</em></strong></span> <span class='ocrx_word' id='word_1_192' title='bbox 1663 2317 1911 2404; x_wconf 88' lang='grc' dir='ltr'><strong><em>πράως,</em></strong></span> <span class='ocrx_word' id='word_1_193' title='bbox 1949 2317 2032 2383; x_wconf 83' lang='grc' dir='ltr'><strong><em>ού</em></strong></span> <span class='ocrx_word' id='word_1_194' title='bbox 2052 2313 2184 2402; x_wconf 85' lang='grc' dir='ltr'><strong><em>γάρ</em></strong></span> <span class='ocrx_word' id='word_1_195' title='bbox 2208 2316 2382 2385; x_wconf 78' lang='grc' dir='ltr'><strong><em>έκων</em></strong></span> 
     </span>
     <span class='ocr_line' id='line_1_23' title="bbox 369 2405 2383 2499; baseline 0.003 -24"><span class='ocrx_word' id='word_1_196' title='bbox 369 2408 753 2495; x_wconf 77' lang='grc' dir='ltr'><strong><em>ἁμαρτάνει,</em></strong></span> <span class='ocrx_word' id='word_1_197' title='bbox 796 2413 1197 2495; x_wconf 77' lang='grc' dir='ltr'><strong><em>ἐρωτῶντες·</em></strong></span> <span class='ocrx_word' id='word_1_198' title='bbox 1239 2405 1296 2479; x_wconf 71' lang='grc' dir='ltr'><em>ὦ</em></span> <span class='ocrx_word' id='word_1_199' title='bbox 1336 2413 1636 2499; x_wconf 85' lang='grc' dir='ltr'><strong><em>μακάριε,</em></strong></span> <span class='ocrx_word' id='word_1_200' title='bbox 1677 2411 1760 2481; x_wconf 87' lang='grc' dir='ltr'><strong><em>ού</em></strong></span> <span class='ocrx_word' id='word_1_201' title='bbox 1795 2416 1905 2481; x_wconf 86' lang='grc' dir='ltr'><strong><em>καὶ</em></strong></span> <span class='ocrx_word' id='word_1_202' title='bbox 1938 2411 2019 2482; x_wconf 84' lang='grc' dir='ltr'><strong><em>τά</em></strong></span> <span class='ocrx_word' id='word_1_203' title='bbox 2061 2413 2231 2482; x_wconf 84' lang='grc' dir='ltr'><strong><em>καλά</em></strong></span> <span class='ocrx_word' id='word_1_204' title='bbox 2272 2416 2383 2482; x_wconf 77' lang='grc' dir='ltr'><strong><em>καὶ</em></strong></span> 
     </span>
     <span class='ocr_line' id='line_1_24' title="bbox 369 2504 2381 2599; baseline 0.002 -26"><span class='ocrx_word' id='word_1_205' title='bbox 369 2504 603 2592; x_wconf 80' lang='grc' dir='ltr'><strong><em>αἰσχρὰ</em></strong></span> <span class='ocrx_word' id='word_1_206' title='bbox 638 2508 886 2594; x_wconf 88' lang='grc' dir='ltr'><strong><em>νόμιμα</em></strong></span> <span class='ocrx_word' id='word_1_207' title='bbox 921 2506 1029 2577; x_wconf 76' lang='grc' dir='ltr'><strong><em>διὰ</em></strong></span> <span class='ocrx_word' id='word_1_208' title='bbox 1061 2509 1142 2577; x_wconf 79' lang='grc' dir='ltr'><strong><em>τὰ</em></strong></span> <span class='ocrx_word' id='word_1_209' title='bbox 1176 2507 1433 2578; x_wconf 83' lang='grc' dir='ltr'><strong><em>τοιαῦτ’</em></strong></span> <span class='ocrx_word' id='word_1_210' title='bbox 1479 2505 1567 2578; x_wconf 75' lang='grc' dir='ltr'><strong><em>ἀν</em></strong></span> <span class='ocrx_word' id='word_1_211' title='bbox 1602 2525 1848 2599; x_wconf 91' lang='grc' dir='ltr'><strong><em>φαῖμεν</em></strong></span> <span class='ocrx_word' id='word_1_212' title='bbox 1881 2515 2260 2598; x_wconf 89' lang='grc' dir='ltr'><strong><em>γεγονέναι·</em></strong></span> <span class='ocrx_word' id='word_1_213' title='bbox 2297 2512 2381 2579; x_wconf 85' lang='grc' dir='ltr'><strong><em>τά</em></strong></span> 
     </span>
     <span class='ocr_line' id='line_1_25' title="bbox 290 2602 2380 2698; baseline 0.002 -25"><span class='ocrx_word' id='word_1_214' title='bbox 290 2616 332 2665; x_wconf 89' lang='lat' dir='ltr'>D</span> <span class='ocrx_word' id='word_1_215' title='bbox 370 2606 492 2691; x_wconf 73' lang='grc' dir='ltr'><strong><em>μὲν</em></strong></span> <span class='ocrx_word' id='word_1_216' title='bbox 513 2604 683 2674; x_wconf 77' lang='grc' dir='ltr'><strong><em>καλὰ</em></strong></span> <span class='ocrx_word' id='word_1_217' title='bbox 707 2607 788 2674; x_wconf 81' lang='grc' dir='ltr'><strong><em>τά</em></strong></span> <span class='ocrx_word' id='word_1_218' title='bbox 813 2602 944 2674; x_wconf 76' lang='grc' dir='ltr'><strong><em>ὑπὸ</em></strong></span> <span class='ocrx_word' id='word_1_219' title='bbox 967 2613 1061 2696; x_wconf 74' lang='grc' dir='ltr'><strong><em>τῷ</em></strong></span> <span class='ocrx_word' id='word_1_220' title='bbox 1083 2605 1453 2696; x_wconf 70' lang='grc' dir='ltr'><strong><em>ἀνθρώπω,</em></strong></span> <span class='ocrx_word' id='word_1_221' title='bbox 1475 2616 1732 2694; x_wconf 76' lang='grc' dir='ltr'><strong><em>μᾶλλον</em></strong></span> <span class='ocrx_word' id='word_1_222' title='bbox 1754 2611 1827 2676; x_wconf 70' lang='grc' dir='ltr'><strong><em>δὲ</em></strong></span> <span class='ocrx_word' id='word_1_223' title='bbox 1849 2618 2005 2688; x_wconf 77' lang='grc' dir='ltr'><strong><em>ἴσως</em></strong></span> <span class='ocrx_word' id='word_1_224' title='bbox 2023 2605 2105 2676; x_wconf 85' lang='grc' dir='ltr'><strong><em>τά</em></strong></span> <span class='ocrx_word' id='word_1_225' title='bbox 2131 2607 2262 2676; x_wconf 84' lang='grc' dir='ltr'><strong><em>ὑπὸ</em></strong></span> <span class='ocrx_word' id='word_1_226' title='bbox 2287 2615 2380 2698; x_wconf 75' lang='grc' dir='ltr'><strong><em>τῷ</em></strong></span> 
     </span>
     <span class='ocr_line' id='line_1_26' title="bbox 369 2700 2382 2794; baseline 0.001 -24"><span class='ocrx_word' id='word_1_227' title='bbox 369 2708 536 2794; x_wconf 75' lang='grc' dir='ltr'><strong><em>θείῳ</em></strong></span> <span class='ocrx_word' id='word_1_228' title='bbox 575 2700 658 2771; x_wconf 78' lang='grc' dir='ltr'><strong><em>τὰ</em></strong></span> <span class='ocrx_word' id='word_1_229' title='bbox 700 2704 1007 2792; x_wconf 74' lang='grc' dir='ltr'><strong><em>θηριώδη</em></strong></span> <span class='ocrx_word' id='word_1_230' title='bbox 1049 2713 1373 2773; x_wconf 86' lang='grc' dir='ltr'><strong><em>ποιοῦντα</em></strong></span> <span class='ocrx_word' id='word_1_231' title='bbox 1414 2712 1532 2792; x_wconf 82' lang='grc' dir='ltr'><strong><em>τῆς</em></strong></span> <span class='ocrx_word' id='word_1_232' title='bbox 1572 2705 1870 2793; x_wconf 88' lang='grc' dir='ltr'><strong><em>φύσεως,</em></strong></span> <span class='ocrx_word' id='word_1_233' title='bbox 1909 2705 2143 2792; x_wconf 79' lang='grc' dir='ltr'><strong><em>αἰσχρὰ</em></strong></span> <span class='ocrx_word' id='word_1_234' title='bbox 2191 2707 2264 2773; x_wconf 76' lang='grc' dir='ltr'><strong><em>δὲ</em></strong></span> <span class='ocrx_word' id='word_1_235' title='bbox 2301 2705 2382 2772; x_wconf 79' lang='grc' dir='ltr'><strong><em>τὰ</em></strong></span> 
     </span>
     <span class='ocr_line' id='line_1_27' title="bbox 369 2795 2383 2891; baseline 0.002 -25"><span class='ocrx_word' id='word_1_236' title='bbox 369 2795 500 2867; x_wconf 82' lang='grc' dir='ltr'><strong><em>ὑπὸ</em></strong></span> <span class='ocrx_word' id='word_1_237' title='bbox 528 2808 622 2890; x_wconf 73' lang='grc' dir='ltr'><strong><em>τῷ</em></strong></span> <span class='ocrx_word' id='word_1_238' title='bbox 651 2798 859 2891; x_wconf 72' lang='grc' dir='ltr'><strong><em>ἀγρίῳ</em></strong></span> <span class='ocrx_word' id='word_1_239' title='bbox 895 2799 968 2869; x_wconf 82' lang='grc' dir='ltr'>τὸ</span> <span class='ocrx_word' id='word_1_240' title='bbox 997 2797 1248 2888; x_wconf 82' lang='grc' dir='ltr'><strong><em>ἥμερον</em></strong></span> <span class='ocrx_word' id='word_1_241' title='bbox 1273 2801 1727 2888; x_wconf 80' lang='grc' dir='ltr'><strong><em>δουλούμενα;</em></strong></span> <span class='ocrx_word' id='word_1_242' title='bbox 1766 2802 2095 2890; x_wconf 77' lang='grc' dir='ltr'><strong><em>ξυμφήσει</em></strong></span> <span class='ocrx_word' id='word_1_243' title='bbox 2140 2799 2185 2890; x_wconf 80' lang='grc' dir='ltr'><em>ἢ</em></span> <span class='ocrx_word' id='word_1_244' title='bbox 2207 2809 2383 2884; x_wconf 66' lang='grc' dir='ltr'><strong><em>πῶςς</em></strong></span> 
     </span>
     <span class='ocr_line' id='line_1_28' title="bbox 365 2891 2386 2989; baseline 0.002 -27"><span class='ocrx_word' id='word_1_245' title='bbox 365 2894 514 2963; x_wconf 86' lang='grc' dir='ltr'><strong><em>Ἐάν</em></strong></span> <span class='ocrx_word' id='word_1_246' title='bbox 548 2923 680 2982; x_wconf 90' lang='grc' dir='ltr'><strong><em>μοι,</em></strong></span> <span class='ocrx_word' id='word_1_247' title='bbox 715 2903 863 2984; x_wconf 79' lang='grc' dir='ltr'><strong><em>ἔφη,</em></strong></span> <span class='ocrx_word' id='word_1_248' title='bbox 897 2905 1224 2984; x_wconf 73' lang='grc' dir='ltr'><strong><em>πείθηται.</em></strong></span> <span class='ocrx_word' id='word_1_249' title='bbox 1270 2898 1500 2966; x_wconf 88' lang='grc' dir='ltr'><strong><em>Ἕστιν</em></strong></span> <span class='ocrx_word' id='word_1_250' title='bbox 1525 2891 1673 2985; x_wconf 81' lang='grc' dir='ltr'><strong><em>οὖν,</em></strong></span> <span class='ocrx_word' id='word_1_251' title='bbox 1707 2900 1916 2985; x_wconf 84' lang='grc' dir='ltr'><strong><em>εἶπον,</em></strong></span> <span class='ocrx_word' id='word_1_252' title='bbox 1954 2898 2086 2989; x_wconf 79' lang='grc' dir='ltr'><strong><em>ὄτω</em></strong></span> <span class='ocrx_word' id='word_1_253' title='bbox 2121 2908 2386 2968; x_wconf 91' lang='grc' dir='ltr'><strong><em>λυσιτε-</em></strong></span> 
     </span>
     <span class='ocr_line' id='line_1_29' title="bbox 371 2993 2384 3084; baseline 0.002 -24"><span class='ocrx_word' id='word_1_254' title='bbox 371 3000 475 3061; x_wconf 89' lang='grc' dir='ltr'><strong><em>λεῖ</em></strong></span> <span class='ocrx_word' id='word_1_255' title='bbox 488 2998 560 3062; x_wconf 75' lang='grc' dir='ltr'><strong><em>ἐκ</em></strong></span> <span class='ocrx_word' id='word_1_256' title='bbox 583 2993 829 3064; x_wconf 90' lang='grc' dir='ltr'><strong><em>τούτου</em></strong></span> <span class='ocrx_word' id='word_1_257' title='bbox 847 3004 972 3063; x_wconf 80' lang='grc' dir='ltr'><strong><em>τοῦ</em></strong></span> <span class='ocrx_word' id='word_1_258' title='bbox 996 2995 1204 3081; x_wconf 82' lang='grc' dir='ltr'><strong><em>λόγου</em></strong></span> <span class='ocrx_word' id='word_1_259' title='bbox 1222 3001 1503 3081; x_wconf 89' lang='grc' dir='ltr'><strong><em>χρυσίον</em></strong></span> <span class='ocrx_word' id='word_1_260' title='bbox 1523 2997 1890 3084; x_wconf 83' lang='grc' dir='ltr'><strong><em>λαμβάνειν</em></strong></span> <span class='ocrx_word' id='word_1_261' title='bbox 1910 2996 2173 3084; x_wconf 87' lang='grc' dir='ltr'><strong><em>ἀδίκως,</em></strong></span> <span class='ocrx_word' id='word_1_262' title='bbox 2198 3007 2384 3082; x_wconf 80' lang='grc' dir='ltr'><strong><em>εἴπερ</em></strong></span> 
     </span>
     <span class='ocr_line' id='line_1_30' title="bbox 368 3089 2382 3199; baseline 0.001 -41"><span class='ocrx_word' id='word_1_263' title='bbox 368 3089 629 3159; x_wconf 85' lang='grc' dir='ltr'><strong><em>τοιόνδε</em></strong></span> <span class='ocrx_word' id='word_1_264' title='bbox 658 3117 723 3159; x_wconf 91' lang='grc' dir='ltr'><strong><em>τι</em></strong></span> <span class='ocrx_word' id='word_1_265' title='bbox 743 3097 1057 3177; x_wconf 88' lang='grc' dir='ltr'><strong><em>γίγνεται,</em></strong></span> <span class='ocrx_word' id='word_1_266' title='bbox 1078 3093 1442 3199; x_wconf 82' lang='grc' dir='ltr'><strong><em>λαμβάνων</em></strong></span> <span class='ocrx_word' id='word_1_267' title='bbox 1462 3090 1536 3161; x_wconf 82' lang='grc' dir='ltr'><strong><em>τὸ</em></strong></span> <span class='ocrx_word' id='word_1_268' title='bbox 1568 3102 1847 3179; x_wconf 90' lang='grc' dir='ltr'><strong><em>χρυσίον</em></strong></span> <span class='ocrx_word' id='word_1_269' title='bbox 1882 3121 2017 3181; x_wconf 93' lang='grc' dir='ltr'><strong><em>αμα</em></strong></span> <span class='ocrx_word' id='word_1_270' title='bbox 2049 3099 2382 3164; x_wconf 83' lang='grc' dir='ltr'><strong><em>καταδου-</em></strong></span> 
     </span>
     <span class='ocr_line' id='line_1_31' title="bbox 369 3172 2385 3282; baseline 0 -24"><span class='ocrx_word' id='word_1_271' title='bbox 369 3193 603 3258; x_wconf 82' lang='grc' dir='ltr'><strong><em>λοῦται</em></strong></span> <span class='ocrx_word' id='word_1_272' title='bbox 635 3188 710 3256; x_wconf 83' lang='grc' dir='ltr'>τὸ</span> <span class='ocrx_word' id='word_1_273' title='bbox 748 3172 1102 3276; x_wconf 83' lang='grc' dir='ltr'><strong><em>βέλτιστον</em></strong></span> <span class='ocrx_word' id='word_1_274' title='bbox 1123 3194 1369 3261; x_wconf 80' lang='grc' dir='ltr'><strong><em>ἑαυτοῦ</em></strong></span> <span class='ocrx_word' id='word_1_275' title='bbox 1400 3199 1496 3281; x_wconf 72' lang='grc' dir='ltr'><strong><em>τῷ</em></strong></span> <span class='ocrx_word' id='word_1_276' title='bbox 1530 3192 2045 3282; x_wconf 77' lang='grc' dir='ltr'><strong><em>μοχθηροτάτω;</em></strong></span> <span class='ocrx_word' id='word_1_277' title='bbox 2090 3219 2131 3278; x_wconf 91' lang='grc' dir='ltr'><strong><em>η</em></strong></span> <span class='ocrx_word' id='word_1_278' title='bbox 2176 3196 2236 3259; x_wconf 86' lang='grc' dir='ltr'><strong><em>εί</em></strong></span> <span class='ocrx_word' id='word_1_279' title='bbox 2262 3188 2385 3277; x_wconf 72' lang='grc' dir='ltr'><strong><em>μὲν</em></strong></span> 
     </span>
     <span class='ocr_line' id='line_1_32' title="bbox 303 3285 2393 3377; baseline -0.001 -19"><span class='ocrx_word' id='word_1_280' title='bbox 303 3307 345 3358; x_wconf 82' lang='grc' dir='ltr'>Ε</span> <span class='ocrx_word' id='word_1_281' title='bbox 367 3285 596 3373; x_wconf 83' lang='grc' dir='ltr'><strong><em>λαβων</em></strong></span> <span class='ocrx_word' id='word_1_282' title='bbox 616 3294 892 3375; x_wconf 92' lang='grc' dir='ltr'><strong><em>χρυσίον</em></strong></span> <span class='ocrx_word' id='word_1_283' title='bbox 914 3285 1119 3358; x_wconf 78' lang='grc' dir='ltr'><strong><em>υίὸν</em></strong></span> <span class='ocrx_word' id='word_1_284' title='bbox 1086 3317 1128 3376; x_wconf 92' lang='grc' dir='ltr'><strong><em>η</em></strong></span> <span class='ocrx_word' id='word_1_285' title='bbox 1120 3286 1492 3374; x_wconf 74' lang='grc' dir='ltr'><strong><em>’θυγατέρα</em></strong></span> <span class='ocrx_word' id='word_1_286' title='bbox 1515 3291 1898 3377; x_wconf 79' lang='grc' dir='ltr'><strong><em>ἐδουλοῦτο,</em></strong></span> <span class='ocrx_word' id='word_1_287' title='bbox 1921 3291 2034 3358; x_wconf 81' lang='grc' dir='ltr'><strong><em>καὶ</em></strong></span> <span class='ocrx_word' id='word_1_288' title='bbox 2065 3288 2253 3357; x_wconf 85' lang='grc' dir='ltr'><strong><em>ταῦτ’</em></strong></span> <span class='ocrx_word' id='word_1_289' title='bbox 2297 3293 2393 3367; x_wconf 77' lang='grc' dir='ltr'><strong><em>εἰς</em></strong></span> 
     </span>
     <span class='ocr_line' id='line_1_33' title="bbox 370 3381 2392 3475; baseline 0.001 -27"><span class='ocrx_word' id='word_1_290' title='bbox 370 3381 622 3468; x_wconf 90' lang='grc' dir='ltr'><strong><em>ἀγρίων</em></strong></span> <span class='ocrx_word' id='word_1_291' title='bbox 663 3411 733 3453; x_wconf 91' lang='grc' dir='ltr'><strong><em>τε</em></strong></span> <span class='ocrx_word' id='word_1_292' title='bbox 777 3388 885 3454; x_wconf 84' lang='grc' dir='ltr'><strong><em>καὶ</em></strong></span> <span class='ocrx_word' id='word_1_293' title='bbox 920 3413 1152 3455; x_wconf 90' lang='grc' dir='ltr'><strong><em>κακων</em></strong></span> <span class='ocrx_word' id='word_1_294' title='bbox 1187 3387 1476 3473; x_wconf 88' lang='grc' dir='ltr'><strong><em>ἀνδρων,</em></strong></span> <span class='ocrx_word' id='word_1_295' title='bbox 1521 3384 1646 3454; x_wconf 86' lang='grc' dir='ltr'><strong><em>ούκ</em></strong></span> <span class='ocrx_word' id='word_1_296' title='bbox 1693 3414 1781 3455; x_wconf 90' lang='grc' dir='ltr'><strong><em>αν</em></strong></span> <span class='ocrx_word' id='word_1_297' title='bbox 1817 3385 1996 3475; x_wconf 72' lang='grc' dir='ltr'><strong><em>αὐτῷ</em></strong></span> <span class='ocrx_word' id='word_1_298' title='bbox 2032 3388 2392 3454; x_wconf 79' lang='grc' dir='ltr'><strong><em>ἐλυσιτέλει</em></strong></span> 
     </span>
    </p>
   </div>
   <div class='ocr_carea' id='block_1_3' title="bbox 2590 546 2595 1243">
    <p class='ocr_par' dir='ltr' id='par_1_3' title="bbox 2590 546 2595 1243">
     <span class='ocr_line' id='line_1_34' title="bbox 2590 546 2595 1243; baseline 0 0"><span class='ocrx_word' id='word_1_299' title='bbox 2590 546 2595 1243; x_wconf 95' lang='lat' dir='ltr'><strong><em> </em></strong></span> 
     </span>
    </p>
   </div>
  </div>
 </body>
</html>
