2602 3928
381 214 509 280 436
1097 217 1669 277 ΠΛΑΤΩΝΟΣ
2312 226 2416 281 118

380 371 556 465 ἦσαν
584 376 870 463 οἰκήσεις
892 380 1261 463 δεδομέναι.
1305 374 1388 443 τά
1413 378 1482 443 δὲ
1506 377 1753 464 νεῶρια
1774 377 2071 465 τριήρων
2093 375 2301 465 μεστὰ
2325 371 2417 465 ἦν

382 477 494 544 καὶ
540 481 804 542 σκευῶν
846 469 974 541 ὅσα
1014 473 1317 560 τριήρεσι
1358 473 1699 560 προσήκει,
1744 473 1966 541 πάντα
2006 477 2416 561 ἐξηρτυμένα

378 577 644 651 ἱκανῶς.
712 572 824 639 καὶ
859 568 941 638 τὰ
978 569 1105 657 μὲν
1136 567 1219 657 δὴ
1262 572 1413 658 περὶ
1442 568 1568 657 τὴν
1600 578 1738 639 τῶν
1780 575 2116 658 βασιλέων
2149 582 2417 660 οἴκησιν

379 668 559 739 οὕτω
580 670 1067 739 κατεσκεύαστο
1088 694 1102 708 ·
1148 668 1456 756 διαβάντι
1483 670 1557 737 δὲ
1588 666 1751 749 τοὺς
1781 673 2052 756 λιμένας
2081 671 2205 751 ἔξω
2239 685 2417 755 τρεῖς

310 776 352 829 Ε
386 766 585 849 ὄντας
601 767 978 856 ἀρξάμενον
999 764 1131 836 άπὸ
1152 777 1272 855 τῆς
1291 766 1627 854 θαλάττης
1647 766 1797 857 ᾔειν
1827 770 1902 835 ἐν
1932 768 2158 860 κύκλςο
2181 782 2415 856 τεῖχος,

381 866 795 954 πεντήκοντα
815 870 1127 945 σταδίους
1144 875 1270 935 τοῦ
1295 873 1613 952 μεγίστου
1638 875 1883 954 τροχοῦ
1899 891 1974 934 τε
2006 869 2117 935 καὶ
2147 873 2417 954 λιμένος

380 966 627 1055 άπέχον
662 975 980 1054 πανταχῇ,
1018 968 1130 1034 καὶ
1161 968 1549 1034 συνέκλειεν
1581 970 1675 1044 είς
1706 962 1956 1033 ταύτὸν
1989 963 2158 1050 πρὸς
2186 966 2268 1034 τὸ
2298 976 2419 1054 τῆς

382 1065 708 1151 διώρυχος
729 1065 943 1150 στόμα
960 1063 1036 1135 τό
1061 1065 1228 1152 πρὸς
1249 1063 1604 1152 θαλάττης.
1666 1072 1864 1131 τοῦτο
1902 1060 1983 1149 δή
2019 1072 2156 1132 πᾶν
2187 1083 2417 1156 συνῳ-

379 1179 556 1234 κεῖτο
579 1163 702 1249 μὲν
735 1159 865 1230 ὑπὸ
907 1169 1177 1230 πολλῶν
1209 1165 1322 1230 καὶ
1357 1167 1639 1230 πυκνῶν
1676 1162 2025 1248 οἰκήσεων,
2067 1158 2105 1229 ὁ
2144 1160 2219 1230 δὲ
2246 1158 2418 1230 άνά-

380 1271 592 1340 πλους
625 1262 738 1328 καὶ
774 1257 810 1327 ὁ
855 1261 1161 1346 μέγιστος
1197 1258 1400 1347 λιμὴν
1437 1264 1631 1346 ἔγεμε
1663 1264 1918 1328 πλοίων
1953 1259 2065 1327 καὶ
2101 1258 2415 1344 ἐμπόρων

383 1357 905 1446 ἀφικνουμένων
922 1356 1288 1441 πάντοθεν,
1314 1357 1555 1443 φωνὴν
1582 1359 1695 1424 καὶ
1728 1356 2041 1444 θόρυβον
2074 1361 2414 1426 παντοδα-

382 1456 515 1525 πὸν
536 1454 793 1524 κτύπον
811 1480 885 1523 τε
917 1451 1076 1541 μεθ’
1114 1452 1370 1542 ἡμέραν
1400 1458 1512 1523 καὶ
1533 1453 1644 1523 διὰ
1666 1454 1913 1535 νυκτὸς
1942 1452 2075 1523 ὑπὸ
2104 1454 2416 1543 πλήθους

385 1553 875 1640 παρεχομένων.

553 1655 627 1719 Χ.
681 1648 771 1719 T&
799 1651 924 1736 μὲν
945 1642 1075 1718 οὖν
1096 1648 1270 1718 ἄστυ
1291 1652 1405 1717 καὶ
1424 1648 1498 1716 τὸ
1524 1652 1678 1736 περὶ
1696 1648 1820 1737 τὴν
1846 1647 2128 1737 ἀρχαίαν
2150 1659 2415 1738 οἴκησιν

387 1748 625 1836 σχεδὸν
649 1746 740 1828 ῶς
759 1748 901 1828 τότ’
927 1751 1167 1835 ἐλέχθη
1189 1756 1323 1817 νῦν
1346 1747 1932 1834 διεμνημόνευται·
1973 1756 2091 1835 τῆς
2119 1745 2182 1815 δ’
2208 1747 2415 1836 ἄλλης

255 1853 354 1909 118
379 1848 600 1934 χώρας
642 1843 734 1926 ὡς
773 1844 816 1934 ἡ
857 1846 1062 1932 φύσις
1096 1843 1223 1931 εἶχε
1250 1846 1362 1913 καὶ
1402 1845 1477 1913 τὰ
1512 1853 1634 1932 τῆς
1673 1845 2173 1933 διακοσμήσεως
2213 1844 2412 1933 εἶδος,

382 1944 971 2034 ἀπομνημονεῦσαι
984 1947 1352 2031 πειρατέον.
1376 1953 1647 2028 πρῶτον
1665 1942 1789 2031 μὲν
1811 1935 1939 2012 οὖν
1959 1940 1997 2013 ὁ
2014 1943 2220 2023 τόπος
2243 1940 2417 2025 ἅπας

383 2047 642 2130 ἐλέγετο
665 2044 934 2130 σφόδρα
957 2068 1028 2110 τε
1055 2040 1314 2129 ὑψηλὰς
1338 2046 1451 2111 καὶ
1470 2041 1808 2129 άπότομος
1837 2046 1912 2112 ἐκ
1942 2043 2301 2130 θαλάττης,
2335 2040 2414 2111 τό

384 2142 458 2210 δὲ
478 2144 629 2229 περὶ
650 2143 778 2228 τὴν
807 2139 1006 2209 πόλιν
1027 2148 1166 2209 πᾶν
1187 2147 1442 2227 πεδίον,
1461 2144 1725 2229 ἐκείνην
1746 2144 1870 2229 μὲν
1891 2148 2219 2228 περιέχον,
2244 2139 2410 2210 αὐτὰ

385 2243 458 2309 δὲ
496 2238 726 2331 κύκλῳ
760 2238 1236 2327 περιεχόμενον
1270 2239 1457 2329 ὄρεσι
1489 2245 1679 2329 μέχρι
1712 2239 1883 2326 πρὸς
1912 2238 2039 2326 τὴν
2068 2238 2417 2308 θάλατταν

384 2344 829 2426 καθειμένοις,
850 2347 1035 2407 λεῖον
1059 2341 1171 2408 καὶ
1195 2336 1460 2426 ὁμαλές,
1483 2340 1824 2426 πρόμηκες
1855 2340 1930 2407 δὲ
1959 2347 2115 2422 πᾶν,
2153 2341 2260 2406 ἐπὶ
2293 2341 2416 2426 μὲν

382 2437 642 2525 θάτερα
661 2445 1039 2526 τρισχιλίων
1062 2442 1374 2523 σταδίων,
1402 2434 1569 2505 κατὰ
1597 2438 1668 2506 δὲ
1690 2441 1899 2524 μέσον
1919 2434 2052 2506 άπὸ
2079 2437 2416 2524 θαλάττης

384 2535 525 2607 ἅνω
558 2542 913 2623 δισχιλίων.
959 2535 996 2605 ὁ
1041 2538 1114 2605 δὲ
1155 2536 1360 2617 τόπος
1398 2527 1596 2617 οὗτος
1634 2536 1794 2624 ’ὅλης
1821 2546 1953 2625 ,τῆς
1986 2536 2204 2624 νήσου
2249 2536 2418 2624 πρὸς

309 2652 353 2703 Β
387 2636 590 2707 νότον
642 2638 1012 2722 ἐτέτραπτο,
1056 2633 1186 2704 άπὸ
1228 2646 1366 2705 τῶν
1411 2635 1681 2725 ἄρκτων
1726 2637 2140 2724 κατάβορρος
2155 2661 2170 2675 ·
2216 2633 2302 2703 τὰ
2346 2638 2419 2703 δὲ

385 2739 537 2823 περὶ
555 2733 768 2804 αὐτὸν
789 2731 916 2822 ὅρη
936 2733 1086 2803 τότε
1107 2731 1380 2822 ὑμνεῖτο
1404 2744 1667 2823 πλῆθος
1687 2737 1800 2803 καὶ
1821 2737 2108 2822 μέγεθος
2129 2736 2242 2803 καὶ
2264 2734 2416 2804 κάλ·

385 2842 500 2914 λος
511 2831 693 2918 παρὰ
709 2830 1022 2901 πάντατὰ
1042 2840 1174 2900 νῦν
1196 2830 1364 2902 ὄντα
1382 2836 1752 2921 γεγονέναι,
1776 2831 2028 2912 πολλὰς
2044 2832 2170 2919 μὲν
2187 2833 2420 2919 κῶμας
2549 2908 2550 2933 3

388 2931 499 2998 καὶ
522 2937 844 3010 πλουσίας
877 2935 1238 3014 περιοίκων
1274 2933 1352 2999 έν
1385 2932 1644 3012 ἑαυτοῖς
1673 2937 1928 3018 ἔχοντα,
1964 2928 2313 3019 ποταμοὺς
2348 2934 2421 3000 δὲ

387 3031 496 3096 καὶ
530 3034 766 3117 λίμνας
795 3032 908 3099 καὶ
938 3037 1266 3116 λειμῶνας
1298 3029 1563 3118 τροφὴν
1596 3043 1733 3109 τοῖς
1769 3039 1977 3098 πᾶσιν
2005 3028 2279 3118 ἡμέροις
2308 3032 2420 3099 καὶ

389 3124 645 3214 άγρίοις
667 3125 909 3215 ἱκανὴν
929 3132 1335 3216 θρέμμασιν,
1358 3126 1535 3216 ὕλην
1555 3131 1630 3198 δὲ
1649 3131 1761 3198 καὶ
1782 3130 2029 3216 πλήθει
2049 3131 2160 3197 καὶ
2193 3130 2419 3216 γένεσι

390 3231 697 3308 ποικίλην
719 3225 1013 3309 ξύμπασί
1041 3253 1113 3294 τε
1145 3241 1283 3306 τοῖς
1307 3231 1526 3313 ἔργοις
1559 3231 1671 3296 καὶ
1707 3224 1875 3312 πρὸς
1907 3228 2152 3296 ἕκαστα
2184 3227 2419 3314 ἄφθο-
2545 3258 2546 3263 ’

296 3337 361 3389 Ὃ
389 3346 532 3387 νον.
580 3312 710 3386 ὦδε
737 3315 864 3389 οὖν
882 3321 958 3392 τὸ
981 3330 1214 3394 πεδίον
1245 3327 1450 3413 φύσει
1469 3330 1583 3395 καὶ
1616 3324 1748 3395 ὑπὸ
1781 3327 2110 3415 βασιλέων
2143 3333 2419 3395 πολλῶν

391 3417 466 3481 ἐν
523 3422 749 3499 πολλῶ
801 3418 1023 3502 χρόνω
1080 3423 1539 3511 διεπεπόνητο.
1615 3424 2037 3512 τετράγωνον
2078 3422 2204 3511 μὲν
2245 3421 2415 3494 αὔθ’
