2602 3928
951 207 1520 269 ΠΟΛΙΤΕΙΑΣ
1556 201 1615 267 ε’.
2170 208 2294 274 139
2403 270 2416 281 ,

288 367 616 453 πράττειν,
631 377 940 437 πλεῖστον
960 372 1451 455 κεχωρισμένην
1472 367 1682 453 φύσιν
1705 375 2002 455 ἔχοντας·
1984 421 2005 453 ,
2026 374 2188 454 ἕξεις
2207 399 2291 462 τι,

288 492 342 532 ω
364 466 722 553 θαυμάσιε,
745 465 913 551 πρὸς
930 462 1115 533 ταῦτ’
1144 462 1650 551 ἀπολογεῖσθαι·
1633 515 1651 546 ,
1690 466 1802 546 Ὡς
1816 472 1939 554 μὲν
1958 473 2289 557 ἐξαίφνης,

287 568 436 649 ἔφη,
459 560 544 630 οὐ
576 564 758 631 πάνυ
792 562 1059 652 ράδιον·
1102 562 1268 631 ἀλλὰ
1303 571 1433 631 σοῦ
1465 563 1786 651 δεήσομαί
1812 591 1883 632 τε
1919 567 2031 634 καὶ
2066 570 2294 653 δέομαι

285 658 537 729 καὶτὸν
558 659 784 748 ὑπὲρ
751 688 943 749 ημων
975 662 1201 746 λόγον,
1239 659 1420 740 οστις
1451 659 1595 728 ποτ’
1633 664 1831 749 ἐστίν,
1871 663 2287 749 ἑρμηνεῦσαι.

293 756 498 826 Ταῦτ’
521 761 721 845 ἐστίν,
743 752 830 845 ἦν
854 757 918 827 δ’
943 759 1092 845 ἐγώ,
1119 750 1173 826 οἷ
1192 758 1542 844 Γλαύκων,
1565 762 1674 829 καὶ
1707 760 1875 829 ἄλλα
1913 758 2123 829 πολλὰ
2153 788 2293 830 τοι-

286 862 474 941 αῦτα,
499 853 543 922 ὁὶ
586 854 713 941 ἐγώ
750 856 955 925 πάλαι
999 862 1316 939 προορῶν
1348 857 1736 943 ἐφοβούμην
1767 883 1838 924 τε
1882 860 1992 926 καὶ
2022 856 2291 928 ὤκνουν
2328 870 2373 923 D

286 951 614 1022 ἅπτεσθαι
635 959 757 1020 τοῦ
774 952 991 1040 νόμου
1011 962 1132 1019 τοῦ
1153 956 1304 1032 περὶ
1324 953 1449 1038 τὴν
1471 960 1565 1020 τω
1571 980 1607 1019 ν
1637 963 1984 1038 γυναικοῖν
2005 958 2117 1025 καὶ
2137 963 2294 1026 παί-

288 1053 426 1116 δων
445 1057 680 1136 κτῆσιν
702 1054 812 1118 καὶ
830 1049 1108 1137 τροφήν.
1161 1049 1264 1118 Οῦ
1285 1048 1377 1136 μά
1400 1049 1521 1118 τὸν
1546 1062 1701 1137 Δία,
1727 1058 1874 1138 ἔφη,
1898 1050 1982 1120 ού
2013 1054 2142 1139 γὰρ
2177 1051 2291 1121 εύ-

286 1147 463 1237 κάλω
485 1152 719 1216 ἔοικεν.
770 1145 876 1217 Ού
897 1149 1047 1234 γάρ,
1073 1147 1292 1217 εἷπον·
1320 1145 1486 1216 ἀλλὰ
1512 1150 1593 1235 δη
1619 1142 1740 1217 ωδ’
1768 1155 1930 1237 ἔχει·
1970 1150 2058 1218 ὅὶν
2090 1156 2165 1219 τέ
2193 1178 2291 1231 τις

287 1251 378 1323 εἰς
418 1248 904 1334 κολυμβήθραν
936 1247 1182 1332 μικρὰν
1215 1249 1461 1334 ἐμπέσῃ
1506 1245 1593 1314 ἄν
1633 1274 1704 1316 τε
1741 1254 1833 1327 εἰς
1861 1247 1936 1317 τὸ
1981 1252 2292 1335 μέγιστον

285 1345 566 1427 πέλαγος
594 1348 818 1428 μέσον,
841 1369 1019 1429 ομως
1036 1370 1111 1429 γε
1134 1356 1239 1411 νεῖ
1255 1340 1455 1412 οὐδὲν
1486 1334 1704 1430 ἦττον.
1760 1346 1954 1415 Πάνυ
1989 1346 2110 1433 μὲν
2144 1340 2287 1415 οὖν.

289 1437 564 1507 Οὐκοῦν
606 1441 715 1507 καὶ
755 1437 915 1525 ἡμῖν
940 1443 1255 1509 νευστέον
1298 1443 1409 1509 καὶ
1450 1444 1799 1528 πειρατέον
1842 1444 2172 1524 σώζεσθαι
2214 1447 2288 1512 ἐκ

285 1547 408 1607 τοῦ
441 1537 668 1625 λόγου,
692 1536 838 1624 ἤτοι
860 1537 1140 1624 δελφῖνά
1165 1562 1316 1604 τινα
1343 1536 1769 1618 ἐλπίζοντας’
1734 1547 1906 1625 ημᾶς
1927 1537 2291 1628 ὑπολαβεῖν

285 1635 371 1703 ἀν
391 1634 438 1723 ἤ
459 1662 607 1704 τινα
632 1635 840 1722 ἄλλην
863 1634 1120 1722 ἄπορον
1141 1643 1488 1722 σωτηρίαν.
1502 1634 1796 1721 ”Εοικεν,’
1816 1641 1964 1722 ἔφη.
1989 1639 2158 1722 Φέρε
2183 1638 2288 1724 δή,
2325 1649 2365 1699 E

284 1728 373 1821 ἦν
394 1733 456 1803 δ’
483 1735 635 1821 ἐγώ,
660 1734 780 1801 ἐάν
804 1758 894 1823 πῃ
918 1734 1219 1820 εὕρωμεν
1240 1732 1365 1820 τὴν
1392 1737 1640 1813 ἔξοδον.
1666 1731 2136 1820 ὡμολογοῦμεν
2159 1738 2288 1819 γὰρ

288 1831 367 1919 δὴ
406 1829 617 1917 ἀλλην
652 1832 860 1917 φύσιν
892 1831 1052 1899 ἄλλο
1086 1836 1228 1899 δεῖν
1263 1831 1691 1917 ἐπιτηδεύειν,
1727 1829 2043 1917 γυναικὸς
2076 1832 2147 1899 δὲ
2179 1832 2289 1898 καὶ

283 1926 527 2015 ἀνδρὸς
550 1927 760 2015 ἄλλην
781 1928 949 1997 εἶναι
967 1955 980 1969 ·
1026 1926 1142 2008 τὰς
1175 1929 1248 1999 δὲ
1282 1927 1485 2007 ἄλλας
1508 1928 1741 2015 φύσεις
1776 1926 1855 1997 τὰ
1879 1924 2049 1996 αὐτά
2070 1953 2291 2015 φαμεν

287 2036 417 2094 νῦν
439 2033 579 2094 δεῖν
611 2030 1046 2112 ἐπιτηδεῦσαι.
1086 2035 1292 2094 ταῦτα
1324 2024 1512 2112 ἡμῶν
1535 2040 1985 2112 κατηγορεῖτε;
2027 2030 2291 2112 Κομιδῇ

283 2151 379 2210 γε.
415 2118 497 2191 Ἦ
517 2131 813 2209 γενναία,
837 2117 925 2209 ἦν
947 2121 1007 2190 δ’
1033 2125 1185 2209 ἐγώ,
1211 2116 1266 2190 οἷ
1283 2123 1633 2208 Γλαύκων,
1657 2121 1698 2208 ἡ
1723 2123 2003 2209 δύναμις
2030 2132 2143 2208 τῆς
2164 2120 2289 2190 ἀν-
2322 2145 2426 2202 454

284 2229 613 2307 τιλογικῆς
633 2223 879 2307 τέχνης.
930 2228 1009 2288 Τι’
1032 2220 1112 2307 δή
1126 2249 1144 2300 ;
1174 2220 1336 2306 Ὅτι,
1361 2219 1569 2303 εἷπον,
1594 2225 1877 2288 δοκοῦσί
1896 2247 2009 2306 μοι
2042 2227 2134 2298 είς
2166 2217 2291 2286 αὐ-

286 2319 408 2404 τὴν.
430 2320 541 2385 καὶ
563 2317 836 2397 ἄκοντες
858 2320 1088 2386 πολλοὶ
1110 2322 1452 2403 ἐμπίπτειν
1473 2319 1583 2385 καὶ
1598 2327 1860 2385 οἴεσθαι
1885 2313 2009 2385 ούκ
2032 2319 2288 2403 ἐρίζειν,

286 2414 450 2485 ἀλλά
477 2419 924 2502 διαλέγεσθαι,
952 2413 1061 2482 διὰ
1083 2414 1156 2482 τό
1180 2413 1266 2501 μὴ
1295 2416 1634 2483 δύνασθαι
1656 2414 1804 2483 κατ’
1828 2421 1965 2502 εῖδη
1990 2416 2292 2501 διαιρού-

286 2541 475 2600 μενοι
491 2512 565 2581 τὸ
592 2515 956 2601 λεγόμενον
974 2518 1381 2599 ἐπισκοπεῖν,
1417 2510 1585 2581 ἀλλὰ
1621 2512 1766 2581 κατ’
1794 2509 1953 2581 αὐτὸ
1979 2511 2051 2580 τὸ
2076 2512 2291 2598 ὄνομα

288 2613 553 2680 διώκειν
570 2617 694 2679 τοῦ
715 2616 1066 2697 λεχθέντος
1083 2608 1206 2697 τὴν
1227 2613 1635 2695 ἐναντίωσιν,
1660 2615 1846 2695 ἔριδι,
1872 2608 1955 2678 ού
1977 2614 2291 2699 διαλέκτῳ

288 2707 453 2793 πρὸς
477 2706 808 2794 ἀλλήλους
818 2709 1161 2795 χρεόμενοι.
1177 2707 1363 2775 Ἕστι
1383 2709 1511 2793 γὰρ
1537 2708 1641 2794 δή,
1663 2713 1811 2793 ἔφη,
1836 2709 1984 2791 περὶ
2007 2705 2293 2785 πολλοῦς

286 2813 482 2874 τοῦτο
502 2804 577 2873 τὸ
603 2806 824 2883 πάθος
840 2830 854 2843 ·
899 2803 1067 2873 ἀλλὰ
1095 2812 1242 2891 μοδν
1268 2806 1381 2873 καὶ
1406 2803 1572 2889 πρὸς
1591 2802 1763 2890 ἡμᾶς
1786 2812 1980 2872 τοῦτο
2003 2811 2198 2871 τείνει
2219 2806 2294 2872 ἐν

287 2911 378 2993 τῷ
401 2904 713 2989 παρόντι;
737 2903 1133 2971 Παντάπασι
1157 2909 1281 2989 μὲν
1304 2896 1450 2987 οὖν,
1486 2896 1574 2989 ἦν
1607 2902 1672 2971 δ’
1708 2903 1864 2987 ἐγώ·
1899 2902 2294 2969 κινδυνεύο-
2330 2929 2368 2977 p,

289 3028 412 3087 μεν
456 3010 625 3087 γοῦν
666 3001 940 3079 ἄκοντες
986 3000 1359 3089 ἀντιλογίας
1399 3000 1751 3070 ἅπτεσθαι.
1794 3008 1978 3080 Πωςς
2038 2998 2127 3068 Τό
2171 2999 2294 3087 τὴν

287 3098 501 3185 ἄλλην
523 3100 729 3186 φύσιν
751 3099 853 3168 ὅτι
875 3097 958 3169 ού
980 3107 1117 3167 τῶν
1134 3099 1359 3169 αὐτῶν
1382 3105 1487 3167 δεῖ
1502 3098 2036 3186 ἐπιτηδευμάτων
2046 3098 2294 3183 τυγχά-

288 3224 431 3265 νειν
453 3198 635 3265 πάνυ
657 3196 974 3284 ἀνδρείως
994 3225 1064 3266 τε
1091 3199 1201 3267 καὶ
1222 3202 1558 3282 ἐριστικοῖς
1577 3196 1743 3267 κατὰ
1775 3196 1850 3265 τὸ
1886 3197 2099 3281 ὄνομα
2136 3194 2298 3261 διιό-

288 3322 518 3382 κομεν,
541 3297 1050 3382 ἐπεσκεψάμεθα
1070 3299 1141 3366 δὲ
1163 3294 1309 3363 οὐδ’
1333 3295 1617 3383 ὁπῃοῦν,
1652 3303 1721 3364 τί
1736 3293 2001 3374 εἷδοςτό
2024 3301 2137 3378 τῆς
2160 3294 2297 3361 ἑτέ-

291 3418 407 3478 ρας
431 3419 501 3459 τε
522 3393 633 3460 καὶ
653 3400 768 3478 τῆς
788 3391 991 3479 αὐτῆς
1003 3393 1271 3479 φύσεως
1293 3396 1402 3461 καὶ
1425 3392 1591 3479 πρὸς
1612 3400 1680 3460 τί
1693 3406 1911 3459 τεῖνον
1926 3385 2297 3472 ὡριζόμεθα
