2602 3928
308 228 432 291 452
1151 226 1523 289 ΜΙΝΩΣ.
1793 251 1813 262 ⁴
1997 247 2036 287 ·.
2230 238 2336 291 134

475 395 632 459 xm.
667 389 834 476 ’Ήδη
862 385 990 457 οὖν
1023 391 1132 457 καὶ
1156 390 1306 474 περὶ
1331 396 1554 474 Μίνω,
1592 386 1682 468 ὥς
1717 388 1927 457 αὐτὸν
1950 389 2238 476 Ὅμηρός
2262 416 2336 457 τε

240 511 277 561 Β
311 491 422 557 καὶ
466 486 773 567 Ἡσίοδος
828 488 1329 575 ἐγκωμιάζουσι,
1377 487 1625 556 τούτου
1667 487 1865 555 ἕνεκα
1908 487 2169 574 φράσω,
2221 492 2333 556 ἵνα

305 585 394 675 μὴ
418 586 783 674 ἄνθρωπος
804 582 904 654 ὃν
922 585 1297 672 ἀνθρώπου
1322 592 1413 665 εἰς
1444 583 1588 673 ἥρω
1608 582 1777 665 Διὸς
1809 585 1962 654 υἱὸν
1984 586 2162 677 λόγῳ
2186 590 2335 668 ἐξα-

306 684 661 774 μαρτάνης.
704 684 992 773 Ὅμηρος
1035 682 1166 773 γὰρ
1207 685 1357 770 περὶ
1392 684 1657 771 Κρήτης
1692 688 1927 771 λέγων,
1964 681 2066 761 ὅτι
2097 687 2335 754 πολλοὶ

308 782 664 872 ἄνθρωποι
692 785 766 851 ἐν
790 778 961 871 αὐτῇ
997 785 1120 852 εἰσὶ
1160 786 1273 853 καὶ
1308 784 1709 869 ἐνενήκοντα
1743 783 2006 871 πόληες,
2040 792 2193 872 τῇσι
2234 786 2333 871 δέ,

308 886 534 967 φησιν)

646 985 745 1048 ἔνι
768 980 1048 1070 Κνωσός
1069 980 1319 1067 μεγάλη
1344 981 1555 1067 πόλις,
1581 986 1750 1048 ἔνθα
1773 1007 1842 1048 τε
1863 988 2102 1061 Μίνως

475 1083 800 1163 ἐννέωρος
828 1085 1160 1166 βασίλευε,
1193 1079 1358 1156 Διὸς
1378 1079 1675 1165 μεγάλου
1699 1075 2025 1167 ὀαριστής.

232 1198 273 1250 c
307 1179 486 1244 ἔστιν
523 1176 651 1244 οὐν
678 1186 877 1246 τοῦτο
906 1173 1200 1265 Ομήρου
1227 1176 1561 1263 ἐγκοόμιον
1597 1183 1688 1256 είς
1719 1183 1966 1246 Μίνων
2009 1179 2117 1247 διὰ
2160 1187 2335 1268 βρα-

306 1279 475 1359 χέων
511 1278 879 1363 εἰρημένον,
915 1271 1062 1344 οἷον
1104 1271 1255 1343 οὐδ’
1303 1276 1469 1355 είς““’
1429 1301 1546 1342 ενα
1578 1301 1714 1343 των
1746 1274 1990 1363 ἡρώων
2024 1281 2337 1365 ἐποίησεν

290 1370 596 1459 Όμηρος,
655 1400 756 1441 οτι
789 1376 913 1460 μὲν
947 1372 1078 1460 γὰρ
1111 1372 1146 1440 ὁ
1181 1370 1352 1452 Ζευς
1383 1374 1703 1460 σοφιστής
1736 1376 1872 1441 ἐστι
1906 1377 2015 1443 καὶ
2056 1402 2099 1462 η
2126 1378 2335 1505 τέχνη

306 1469 476 1557 αὕτη
509 1471 813 1559 παγκάλη
840 1475 993 1557 ἐστί,
1019 1480 1357 1558 πολλαχοῦ
1379 1476 1489 1539 καὶ
1524 1471 1768 1541 άλλοθι
1789 1477 1997 1561 δηλοῖ,
2025 1471 2193 1559 ἀτὰρ
2218 1481 2332 1544 καὶ

306 1571 621 1638 ἐνταῦθα.
666 1576 841 1656 λε’γει
861 1571 992 1657 γὰρ
1014 1568 1134 1638 τόν
1172 1577 1416 1639 Μίνων
1449 1577 1932 1657 συγγίγνεσθαι
1963 1573 2173 1666 ἐνάτῳ
2202 1581 2334 1643 ἔτει

304 1676 399 1757 τῷ
419 1671 536 1737 Διὶ
558 1673 632 1737 ἐν
653 1670 878 1755 λόγοις
899 1672 1009 1738 καὶ
1030 1677 1273 1758 φοιτᾷν
1298 1669 1923 1757 παιδευθησόμενον
1944 1668 2033 1751 ὥς
2055 1667 2187 1739 ὑπὸ
2210 1695 2334 1739 σο-

305 1775 550 1851 φιστοῦ
571 1764 764 1846 ὄντος
785 1776 907 1836 τοῦ
932 1767 1114 1847 Διός.
1162 1766 1265 1835 ὅτι
1287 1761 1417 1836 οὖν
1436 1774 1633 1836 τοῦτο
1669 1769 1743 1837 τὸ
1779 1772 1975 1857 γέρας
2001 1767 2127 1839 οὐκ
2150 1776 2332 1839 ἔστιν

305 1863 436 1953 ὅτῳ
472 1863 1141 1954 άπένειμεν·“ομηρος
1173 1872 1313 1935 τῶν
1333 1865 1595 1954 ἡρώων,
1619 1863 1751 1934 ὑπὸ
1774 1866 1940 1946 Διὸς
1965 1874 2327 1938 πεπαιδεῦ-

229 1989 273 2040 1)
309 1962 697 2054 σθαι,.ἇ’λλῳ
723 1960 1013 2054 ήΜίνῳ,
1047 1963 1231 2034 τοῦτ’
1271 1971 1452 2033 ἔστιν
1475 1971 1745 2044 ἔπαινος
1765 1968 2170 2053 θαυμαστός.
2219 1972 2331 2038 καὶ

297 2059 675 2139 Ὀδυσσείας
687 2064 764 2131 ἐν
781 2068 1042 2152 Νεκυίᾳ
1058 2063 1405 2144 δικάζοντα
1425 2072 1727 2149 χρυσοῦν
1742 2072 2081 2151 σκῆπτρον
2092 2071 2328 2152 ἔχοντα

303 2165 620 2247 πεποίηκε
642 2161 760 2227 τὸν
782 2167 1050 2248 Μίνων,
1077 2159 1159 2231 οὐ
1181 2162 1301 2231 τὸν
1328 2161 1797 2248 Ῥαδάμανθυν
1812 2188 1826 2202 ·
1855 2159 2330 2250 Ῥαδάμανθυν

304 2258 375 2327 δὲ
400 2257 549 2325 οὔτ’
572 2263 872 2327 ἐνταῦθα
909 2261 1256 2342 δικάζοντα
1293 2267 1657 2348 πεποίηκεν
1692 2260 1847 2328 οὔτε
1881 2262 2332 2350 συγγιγνόμε-

301 2383 425 2424 νον
449 2363 543 2446 τῷ
563 2360 679 2426 Διὶ
715 2356 1019 2445 οὐδαμοῦ
1040 2388 1054 2401 ·
1100 2359 1207 2426 διὰ
1236 2359 1448 2427 ταῦτά
1478 2359 1646 2446 φημ’
1674 2362 1801 2443 ἐγώ
1839 2366 2087 2428 Μίνων
2108 2356 2331 2429 ἁπάν-

300 2482 435 2523 των
469 2457 753 2543 μάλιστα
788 2455 919 2525 ὑπὸ
953 2455 1247 2545 Ὁμήρου
1279 2457 1829 2543 ἐγκεκωμιάσθαι.
1893 2457 1967 2525 τὸ
2000 2457 2128 2543 γὰρ
2158 2458 2332 2539 Διὸς

300 2554 461 2625 ὄντα
484 2560 684 2623 παῖδα
707 2556 922 2641 μόνον
944 2555 1076 2625 ὑπὸ
1100 2556 1268 2636 Διὸς
1297 2561 1786 2624 πεπαιδεῦσθαι
1810 2553 1933 2624 οὐκ
1954 2561 2082 2643 ἔχει
2112 2554 2330 2643 ὑπερ-

298 2651 511 2742 βολὴν
534 2657 831 2723 ἐπαίνου.

465 2759 621 2821 XIV.
676 2761 888 2821 Τοῦτο
910 2750 1038 2839 γὰρ
1062 2761 1365 2839 σημαίνει
1386 2753 1457 2821 τὸ
1486 2760 1642 2832 ἔπος
1663 2751 1736 2820 τὸ

551 2855 878 2939 ἐννέωρος
899 2858 1228 2940 βασίλευε,
1256 2850 1418 2931 Διὸς
1439 2852 1735 2938 μεγάλου
1757 2850 2088 2939 ὀαριστής,

223 2973 262 3022 E
300 2947 796 3037 συνουσιαστὴν
828 2958 953 3018 τοῦ
973 2953 1142 3029 Διὸς
1178 2950 1348 3019 εἶναι
1379 2948 1503 3019 τὸν
1533 2956 1800 3018 Μίνων.
1842 2955 1913 3019 οἱ
1948 2949 2096 3037 γὰρ·
2130 2950 2328 3037 ὅαροι

298 3046 486 3131 λόγοι
532 3051 679 3134 εἰσί,
722 3050 832 3117 καὶ
876 3046 1186 3136 ὀαριστής
1229 3047 1715 3135 συνουσιαστής
1754 3053 1933 3118 ἐστιν
1967 3053 2042 3119 ἐν
2080 3042 2328 3134 λόγοις.

297 3149 532 3231 ἐφοίτα
569 3138 697 3215 οὖν
739 3147 829 3215 δι’
880 3150 1119 3216 ἐνάτου
1154 3155 1342 3228 ἔτους
1385 3154 1477 3228 εἰς
1517 3148 1589 3216 τό
1636 3155 1757 3217 τοῦ
1792 3146 1960 3227 Διὸς
1992 3146 2247 3234 ἄντρον
2291 3144 2328 3216 ὁ

299 3249 557 3329 Μίνως,
580 3244 662 3312 τὰ
695 3245 818 3330 μὲν
851 3247 1345 3335 μαθησόμενος,
1381 3273 1460 3314 τα
1497 3245 1571 3315 δὲ
1602 3244 2199 3333 ἀποδειξόμενος,
2170 3274 2215 3314 α
2243 3254 2330 3336 τῇ

300 3346 587 3431 προτέρᾳ
611 3348 1010 3430 ἐννεετηρίδι
1042 3346 1453 3468 ἐμεμαθήκει
1490 3372 1667 3433 παρα
1704 3352 1825 3414 τοῦ
1858 3345 2042 3424 Διός.
2092 3348 2217 3414 είσὶ
2253 3347 2329 3414 δὲ

302 3443 368 3501 οἳ
396 3433 946 3527 υπολαμβάνουσι
985 3443 1108 3510 τὸν
1141 3442 1462 3533 ὀαριστὴν
1500 3445 1850 3531 συμπότην
1883 3447 1992 3512 καὶ
2027 3464 2329 3530 συμπαι-
