2602 3928
341 266 468 330 382
1076 253 1289 327 ΠᾸΑ
1309 268 1510 329 ΤΩΝ
1527 270 1653 327 οΣ
1860 255 1864 260 ’
2285 278 2364 331 64

343 428 623 497 ἑκάστου
655 426 729 495 τὸ
768 435 1072 496 τοιοῦτον
1106 440 1340 514 σημεῖα
1374 430 1810 513 ἐναργέστερα
1842 433 1989 514 ἔχει,
2030 434 2363 514 στερηθὲν

345 527 417 594 δὲ
460 533 581 593 τοῦ
617 531 735 611 ζῇν
768 529 1000 610 γέγονε
1042 526 1301 611 τυφλὸν
1345 527 1455 592 καὶ
1496 524 1578 592 τὰ
1621 540 1894 611 μαντεῖα
1937 524 2361 612 ἀμυδρότερα

273 652 312 703 c
344 629 489 710 ἔσχε
510 631 637 691 τοῦ
655 650 719 690 τι
740 627 946 708 σαφὲς
969 629 1332 709 σημαίνειν.
1395 620 1522 709 ἡδ’
1556 615 1644 688 αὖ
1681 630 1806 691 τοῦ
1840 630 2136 709 γείτονος
2171 623 2362 712 αὐτῷ

343 722 648 802 ξύστασις
668 724 779 789 καὶ
797 724 957 806 ἕδρα
978 722 1365 807 σπλάγχνου
1386 726 1662 806 γέγονεν
1685 725 1750 801 ἐξ
1783 719 2128 807 ἀριστεροῖς
2160 722 2359 808 χάριν

341 823 621 903 ἐκείνου,
663 828 788 887 τοῦ
821 824 1128 907 παρέχειν
1165 818 1329 887 αὐτὸ
1374 817 1680 906 λαμπρὸν
1722 817 1824 887 ἀεὶ
1864 822 1976 888 καὶ
2016 819 2353 906 καθαρόν,

342 912 485 984 οἷον
520 916 865 1007 κατόπτρῳ
900 921 1525 1004 παρεσκευασμένον
1560 920 1669 987 καὶ
1701 919 1967 1004 ἕτοιμον
2001 917 2102 987 ἀεὶ
2136 944 2354 1004 παρα-

341 1023 647 1102 κείμενον
690 1019 1070 1101 ἐκμαγεῖον·
1127 1014 1232 1085 διὰ
1273 1015 1354 1102 δὴ
1388 1019 1497 1083 καὶ
1530 1014 1694 1084 ὅταν
1733 1016 1904 1096 τινες
1946 1015 2356 1100 ἀκαθαρσιάι

341 1123 700 1199 γίγνωνται
744 1114 853 1182 διὰ
889 1116 1134 1194 νόσους
1170 1115 1470 1200 σώματος
1504 1116 1654 1202 περὶ
1695 1113 1768 1183 τό
1802 1107 2005 1201 ἧπαρ,
2049 1116 2267 1183 πάντα
2312 1113 2357 1203 ἡ

341 1212 631 1297 σπληνὸς
664 1219 1085 1296 καθαίρουσα
1123 1210 1291 1280 αὐτοὶ
1328 1216 1577 1298 δέχεται
1612 1212 1923 1298 μανότης,
1966 1210 2081 1279 ἅτε
2117 1218 2353 1281 κὀίλου

338 1311 450 1377 καὶ
481 1308 770 1395 ἀναίμου
798 1307 1252 1395 ὑφανθέντος·
1293 1308 1463 1379 ὅθεν
1505 1310 1961 1398 πληρούμενος
1999 1318 2136 1377 τῶν
2179 1308 2355 1378 ἀπο-

262 1440 304 1490 1)
341 1410 851 1492 καθαιρομένων
871 1410 1072 1494 μέγας
1092 1410 1202 1477 καὶ
1236 1407 1529 1487 ὕπουλος
1565 1406 1934 1492 αὐξάνεται,
1977 1410 2087 1475 καὶ
2130 1410 2352 1495 πάλιν,

337 1502 498 1571 ὅταν
519 1514 840 1594 καθαρθῇ
859 1504 934 1573 τὸ
953 1513 1162 1592 σῶμα,
1176 1505 1691 1593 ταπεινούμενος
1713 1514 1803 1585 εἰς
1824 1504 2070 1574 ταύτὸν
2091 1512 2349 1587 ξυνίζει.

501 1609 767 1673 XXXIII.
821 1604 916 1671 Τά
946 1605 1069 1691 μὲν
1102 1599 1227 1673 οὖν
1261 1610 1410 1690 περὶ
1451 1613 1693 1691 ψυχῆς,
1742 1602 1904 1672 ὅσον
1938 1605 2197 1692 θνητὸν
2222 1611 2351 1691 ἔχει

341 1704 451 1768 καὶ
493 1701 656 1770 ὅσον
695 1712 908 1787 θεῖον,
954 1705 1062 1770 καὶ
1095 1728 1249 1791 οπη,
1296 1707 1407 1770 καὶ
1447 1702 1607 1790 μεθ’
1644 1694 1760 1789 ὦν,
1804 1705 1916 1770 καὶ
1959 1700 2047 1769 δι’
2070 1699 2115 1769 ἃ
2153 1704 2351 1789 χωρὶς

341 1795 630 1888 ωκίσθη,
662 1797 735 1867 τὸ
774 1802 897 1886 μὲν
929 1799 1196 1887 ἀληθές,
1243 1798 1331 1879 ὡς
1364 1810 1642 1887 εἴρηται,
1687 1807 1861 1868 θεοῦ
1886 1801 2350 1887 ξυμφήσαντος

336 1893 476 1964 τότ’
523 1922 609 1962 αν
652 1894 831 1963 οὕτω
872 1897 1093 1984 μόνως
1130 1902 1713 1986 διισχυριζοίμεθα·
1758 1899 1834 1967 τό
1878 1925 1954 1986 γε
1997 1896 2130 1986 μὴν
2173 1900 2348 1978 εἰκὸς

337 1991 496 2080 ἡμῖν
517 2000 822 2080 εἰρῆσθαι
843 1999 954 2065 καὶ
976 2006 1106 2064 νῦν
1137 2001 1246 2064 καὶ
1280 2004 1375 2066 ἔτι
1413 2005 1667 2084 μᾶλλον
1701 1997 2161 2066 ἀνασκοποῦσι
2202 2003 2350 2064 δια-

265 2130 306 2180 E
343 2096 814 2161 κινδυνευτέον
834 2093 908 2162 τὸ
935 2096 1165 2181 φάναι,
1190 2098 1299 2164 καὶ
1322 2096 1670 2183 πεφάσθω.
1696 2094 1769 2164 τὸ
1808 2094 1872 2164 δ’
1905 2099 2048 2183 ἑξῆς
2084 2097 2163 2182 δὴ
2188 2098 2350 2164 τού-

335 2210 505 2257 τοισι
535 2191 700 2258 κατὰ
744 2189 949 2260 ταῦτα
992 2197 1499 2279 μεταδιωκτέον·
1544 2188 1631 2281 ἦν
1667 2196 1738 2262 δὲ
1770 2193 1845 2262 τό
1885 2201 2007 2262 τοῦ
2049 2197 2350 2281 σώματος

335 2280 742 2356 ἐπίλοιπον
697 2316 740 2378 ῃ
762 2294 1053 2375 γέγονεν.
1079 2295 1152 2359 ἐκ
1180 2291 1260 2379 δὴ
1283 2299 1606 2379 λογισμοῦ
1626 2298 1887 2363 τοιοῦδε
1912 2298 2349 2373 ξυνίστασθαι

334 2384 596 2476 μάλιστ’
634 2383 721 2457 ἀν
755 2386 915 2457 αὐτὸ
953 2390 1225 2457 πάντων
1251 2394 1507 2474 πρέποι.
1557 2389 1683 2477 τὴν
1715 2394 2039 2477 ἐσομένην
2079 2396 2153 2458 έν
2188 2389 2350 2478 ἡμῖν

341 2497 565 2555 ποτῶν
613 2490 721 2556 καὶ
778 2490 1063 2555 ἐδεστῶν
1115 2487 1480 2556 ἀκολασίαν
1531 2489 1779 2575 ᾔδεσαν
1823 2493 1895 2556 οἰ
1929 2492 2348 2568 ξυντιθέντες

336 2585 525 2674 ἡμῶν
546 2585 620 2653 τὸ
654 2588 864 2670 γένος,
912 2588 1020 2653 καὶ
1053 2583 1154 2652 ὅτι
1194 2594 1319 2653 τοῦ
1359 2594 1629 2672 μετρίου
1670 2589 1779 2654 καὶ
1823 2585 2189 2672 ἀναγκαίου
2234 2587 2344 2654 διοὶ

338 2683 714 2773 μαργότητα
739 2690 966 2772 πολλῷ
985 2691 1396 2772 χρησοίμεθα
1418 2689 1675 2753 πλέονι·
1710 2683 1806 2752 ἵν’
1831 2677 1957 2752 οὖν
1992 2683 2081 2771 μὴ
2109 2685 2344 2770 φθορὰ
2393 2762 2397 2767 ,

340 2781 447 2850 διὰ
471 2782 717 2861 νόσους
747 2779 924 2861 ὀξεῖα
944 2789 1234 2866 γίγνοιτο
1261 2786 1373 2851 καὶ
1405 2780 1626 2862 ἀτελὲς
1665 2782 1740 2851 τὸ
1776 2787 1966 2868 γένος
2012 2781 2223 2860 εὐθὺς
2264 2782 2341 2849 τὸ

232 2917 303 2977 73
336 2879 594 2966 θνητὸν
614 2889 915 2971 τελευτῷ,
937 2889 1143 2948 ταῦτα
1165 2881 1622 2968 προορώμενοι
1642 2888 1723 2970 τῇ
1759 2890 1883 2949 τοῦ
1911 2904 2346 2968 περιγενησο-

338 2981 544 3063 μένου
567 2979 859 3064 πόματος
877 2980 1229 3065 ἐδέσματός
1248 3004 1319 3047 τε
1340 2981 1465 3060 ἕξει
1484 2978 1607 3066 τὴν
1639 2977 2132 3067 ὀνομαζομένην
2162 2980 2346 3047 κάτω

337 3080 597 3143 κοιλίαν
616 3073 953 3163 ὑποδοχὴν
976 3083 1241 3163 ἔθεσαν,
1284 3078 1531 3159 εἵλιξάν
1552 3103 1622 3147 τε
1641 3081 1825 3162 πέριξ
1860 3077 1984 3165 τήν
2002 3086 2137 3146 των
2160 3082 2343 3145 ἐντέ-

337 3200 476 3261 ρων
498 3177 782 3259 γένεσιν,
829 3198 1009 3254 οπως
1050 3172 1138 3261 μὴ
1170 3202 1335 3260 ταχυ
1379 3180 1788 3260 διεκπερῶσα
1831 3174 1873 3262 ἦ
1916 3174 2128 3261 τροφὴ
2174 3174 2343 3261 ταχὺ

336 3270 537 3337 πάλιν
578 3278 831 3357 τροφῆς
873 3273 1092 3373 έτέρας
1135 3278 1396 3342 δεῖσθαι
1436 3272 1511 3341 τὸ
1559 3281 1746 3359 σωμα
1790 3273 2176 3359 ἀναγκάζοι,
2230 3277 2342 3341 καὶ

339 3371 714 3452 παρέχουσα
733 3358 1097 3456 ἀπληστίαν
1120 3372 1224 3439 διὰ
1247 3378 1768 3458 γαστριμαργίαν
1790 3368 2208 3456 ἀφιλόσοφον
2228 3375 2338 3439 καὶ

338 3461 639 3542 ἄμουσον
658 3472 793 3532 πᾶν
816 3464 1216 3536 ἀποτελοῖτο
1246 3475 1458 3555 γένος,
1496 3470 1882 3555 ἀνυπήκοον
1915 3476 2036 3537 τοῦ
2071 3476 2338 3537 θειοτάω

888 3703 919 3715 ⁸-
