2602 3928
356 226 441 288 92
567 156 589 243 ς
1084 226 1659 287 ΠΛΑΤΩΝΟΣ

357 384 489 471 ἐγω
511 389 589 454 λε”
628 414 700 471 ω,
723 390 1043 471 ἐχρῶντος
1054 382 1134 508 tif
1156 383 1241 453 ού
1274 390 1624 472 μέμνησαι,
1652 384 1754 453 ὅτι
1788 389 1897 454 καὶ
1933 395 2023 476 τῷ
2049 390 2367 479 Μενέλεω

360 485 434 552 ἐκ
455 484 589 551 τοῦ
586 485 976 569 τραύματος
998 475 1083 550 οὗ
1103 481 1139 551 ὁ
1163 484 1522 568 Πάνδαρος
1542 489 1779 570 ἔβαλεν

527 576 668 668 αἷμ’
689 578 1122 667 ἐκμυζήσαντ’
1152 583 1267 648 ἐπί
1280 579 1342 648 τ’
1377 580 1540 667 ἤπια
1561 581 1835 668 φάρμακ
1846 581 2198 669 ’ἔπασσον,

357 675 399 744 ὅ
417 704 480 744 τι
505 676 567 744 δ’
593 683 792 765 ἐχρῆν
814 676 975 763 μετὰ
1005 685 1204 747 τοῦτο
1228 673 1274 764 ἦ
1312 693 1488 746 πιεῖν
1522 674 1565 764 ἢ
1608 695 1849 765 φαγεῖν
1882 681 2081 750 οὐδὲν
2113 689 2370 766 μᾶλλον

353 770 400 859 ἦ
419 783 514 865 τῷ
534 772 916 864 Εὐρυπύλῳ
939 777 1402 871 προσέταττον,
1421 802 1509 854 ως
1530 777 1835 846 ἰκανων”
1796 804 2013 846 οντων
2033 787 2169 848 τῶν
2192 806 2370 865 φαρ-

356 873 589 958 μάκων
625 873 946 941 ἰάσασθαι
977 872 1227 957 ἄνδρας
1270 873 1398 991 πρὸ
1435 882 1572 941 τῶν
1604 875 2002 961 τραυμάτων
2034 873 2370 962 ὑγιεινούς

280 983 318 1031 Β
356 997 425 1038 τε
446 973 556 1039 καὶ
583 977 900 1057 κοσμίους
923 975 996 1039 ἐν
1009 975 1245 1056 διαίτῃ,
1260 965 1391 1037 κᾶν
1404 975 1465 1038 εἰ
1480 969 1744 1055 τύχοιεν
1765 974 1839 1039 ἐν
1858 982 1954 1062 τῷ
1975 982 2370 1059 παραχρῆμα

354 1075 664 1137 κυκεῶνα
679 1069 967 1154 πιόντες,
991 1068 1255 1154 νοσώδη
1279 1067 1352 1137 δὲ
1376 1068 1576 1153 φύσει
1596 1095 1666 1136 τε
1687 1073 1797 1137 καὶ
1819 1068 2191 1138 ἀκόλαστον
2215 1069 2371 1138 οὔτε

355 1165 580 1245 αὐτοῖς
623 1165 778 1234 οὔτε
820 1181 955 1245 τοῖς
989 1164 1212 1245 ἄλλοις
1255 1165 1467 1253 ᾤοντο
1492 1175 1858 1235 λυσιτελεῖν
1892 1174 2030 1254 ζῇν,
2077 1165 2228 1236 οὐδ’
2266 1170 2372 1237 ἐπὶ

353 1266 614 1342 τούτοις
635 1264 757 1350 τὴν
777 1267 1016 1350 τέχνην
1050 1269 1189 1332 δεῖν
1222 1263 1412 1349 εἶναι,
1447 1263 1607 1333 οὐδὲ
1629 1269 2083 1350 θεραπευτέον
2102 1264 2370 1348 αὐτούς,

355 1360 504 1429 οὐδ’
554 1367 614 1429 εἰ
642 1366 874 1429 Μίδου
907 1362 1384 1446 πλουσιώτεροι
1419 1361 1568 1431 εἶεν.
1610 1363 1811 1431 Πάνυ
1844 1365 2165 1451 κομψούς,
2215 1369 2372 1449 ἔφη,

352 1463 559 1544 λέγεις
589 1459 982 1546 Ἀσκληπιοῦ
1004 1465 1258 1540 παῖδας.

520 1563 674 1625 XVI.
713 1561 985 1643 Πρέπει,
1007 1552 1097 1644 ἦν
1121 1557 1181 1624 δ’
1210 1557 1359 1643 ἐγώ.
1409 1568 1623 1628 καίτοι
1646 1558 2086 1640 ἀπειθοῦντές
2106 1586 2182 1645 γε
2207 1558 2368 1646 ἡμῖν

354 1661 423 1724 οἰ
445 1661 961 1746 τραγῳδιοποιοί
977 1683 1047 1727 τε
1069 1658 1182 1725 καὶ
1203 1662 1543 1743 Πίνδαρος
1558 1657 1971 1738 ’Λπόλλωνος
2002 1663 2125 1744 μέν
2159 1677 2366 1743 φασιν

287 1766 324 1816 G
349 1751 744 1841 Ἀσκληπιὸν
790 1754 979 1841 εἶναι,
1043 1752 1174 1823 ὑπὸ
1221 1755 1294 1825 δὲ
1337 1762 1595 1840 χρυσοῦ
1637 1764 1997 1843 πεισθῆναι
2040 1756 2367 1825 πλούσιον

353 1852 570 1936 ἄνδρα
590 1855 976 1938 θανάσιμον
994 1852 1122 1939 ἤδη
1146 1853 1312 1921 ὅντα
1334 1854 1674 1940 ἰάσασθαι,
1698 1853 1871 1923 ὅθεν
1885 1852 1965 1940 δὴ
1990 1856 2099 1922 καὶ
2120 1878 2367 1937 κεραυ-
2409 1850 2415 1855 ’

353 1959 663 2036 νωθῆναι
685 1949 912 2019 αὐτόν.
973 1948 1161 2036 ἡμεις
1197 1950 1270 2019 δὲ
1306 1949 1473 2019 κατὰ
1512 1978 1593 2019 τα
1626 1954 2070 2039 προειρημένα
2104 1947 2188 2019 ού
2224 1975 2368 2018 πει-

352 2048 623 2133 θόμεθα
656 2046 882 2127 αὐτοῖς
915 2046 1279 2134 ἀμφότερα,
1319 2046 1466 2116 ἀλλ’
1503 2055 1565 2117 εἰ
1590 2051 1713 2135 μὲν
1745 2059 1919 2118 θεοῦ
1954 2043 2062 2136 ἦν,
2099 2047 2223 2117 οὐκ
2253 2041 2366 2133 ἦν,

351 2145 678 2231 φήσομεν,
701 2145 1193 2233 αἰσχροκερδής,
1218 2154 1280 2216 εἰ
1299 2143 1362 2213 δ’
1387 2146 1879 2242 αἰσχροκερδής,
1920 2144 2045 2214 οὐκ
2066 2139 2154 2232 ἦν
2173 2153 2364 2212 θεου.

349 2243 737 2331 Ὀρθότατα,
764 2240 810 2332 ἦ
834 2243 897 2312 δ’
932 2273 1026 2332 ος,
1048 2248 1256 2314 ταῦτά
1279 2273 1376 2331 γε.
1415 2245 1583 2315 άλλα
1617 2250 1768 2331 περὶ
1799 2251 1997 2315 τοῦδε
2033 2252 2101 2313 τί
2136 2250 2364 2329 λέγεις,

353 2368 406 2408 ω
429 2342 818 2428 Σώκρατες;
864 2334 979 2428 αρ’
1005 2341 1133 2411 οὐκ
1155 2342 1462 2429 αγαθους
1484 2349 1589 2412 δει
1601 2347 1678 2412 ἐν
1690 2370 1770 2430 τη
1793 2343 1982 2411 πόλει
2004 2345 2369 2427 κεκτῆσθαι

353 2440 653 2524 ίατρούς;
699 2439 833 2507 εἷεν
857 2438 920 2507 δ’
946 2439 1036 2508 ἅν
1057 2465 1193 2508 που
1215 2440 1494 2526 μάλιστα
1516 2449 1823 2526 τοιοῦτοι,
1850 2439 1999 2508 ὅσοι
2020 2446 2366 2517 πλείστους

284 2556 321 2604 D
351 2541 476 2623 μὲν
507 2536 864 2625 ὑγιεινούς,
890 2547 1235 2619 πλείστους
1255 2541 1328 2608 δὲ
1351 2542 1667 2617 νοσώδεις
1688 2546 2232 2625 μετεχειρίσαντο,
2255 2539 2368 2606 καὶ

352 2638 655 2704 δικασταὶ
675 2631 767 2704 αὖ
797 2635 1111 2716 ὡσαύτως
1132 2642 1202 2705 οἱ
1232 2644 1680 2715 παντοδαπαῖς
1712 2638 1999 2722 φύσεσιν
2033 2633 2367 2720 ωμιληκό-

351 2759 472 2812 τες.
538 2738 670 2802 Καὶ
717 2734 915 2821 μάλα,
961 2734 1169 2820 εἶπον,
1216 2735 1519 2821 ἀγαθοὺς
1562 2736 1764 2820 λέγω·
1799 2731 1945 2806 ἀλλ’
2001 2731 2202 2801 οἶσθα
2247 2728 2367 2808 οὓς

349 2828 641 2918 ἡγοῦμαι
661 2834 1037 2914 τοιούτους;
1059 2829 1188 2902 Αν
1203 2843 1412 2922 εἴπης,
1438 2837 1585 2919 ἔφη.
1627 2832 1817 2901 ’Λλλα
1841 2832 2258 2916 πειράσομαι,
2280 2854 2367 2913 ην

353 2927 418 2998 δ’
444 2930 605 3014 ἐγώ·
632 2927 720 2996 συ
741 2931 968 3014 μέντοι
989 2928 1111 3015 οὐχ
1133 2930 1369 3015 ὅμοιον
1388 2953 1658 3015 πραγμα
1671 2937 1765 3019 τῷ
1777 2927 1958 3017 αὐτςο
1930 2924 2215 3017 2679st
2169 2950 2363 3012 ηρου.

351 3036 538 3107 Πως;
561 3035 708 3114 ἔφη.
745 3027 980 3112 Ἰατροὶ
1013 3029 1158 3115 μέν,
1193 3026 1405 3113 εἷπον,
1431 3028 1796 3095 δεινότατοι
1827 3055 1914 3094 αν
1948 3030 2270 3111 γένοιντο,
2310 3040 2367 3089 ει

351 3132 422 3193 ἐκ
446 3131 708 3193 παίδων
728 3124 1086 3212 ἀρξάμενοι
1122 3127 1289 3211 πρὸς
1323 3135 1419 3216 τῷ
1450 3127 1827 3212 μανθάνειν
1849 3124 1975 3211 τὴν
2005 3129 2241 3209 τέχνην
2276 3118 2366 3196 ὡς

276 3248 314 3295 E
351 3229 679 3301 πλείστοις
720 3248 792 3289 τε
837 3227 948 3291 καὶ
982 3223 1463 3308 πονηροτάτοις
1496 3223 1801 3308 σωμασιν
1836 3219 2222 3309 ὁμιλήσειαν
2253 3218 2369 3285 καὶ

351 3318 540 3388 αὐτοὶ
581 3320 796 3400 πάσας
831 3320 1078 3399 νόσους
1112 3320 1394 3406 κάμοιεν
1429 3323 1539 3389 καὶ
1561 3319 1707 3387 εἶεν
1745 3347 1835 3407 μη
1871 3320 2054 3389 πάνυ
2085 3316 2369 3420 υγιεινοὶ

353 3421 572 3505 φύσει.
616 3445 703 3487 ου
745 3419 899 3505 γάρ,
940 3416 1145 3505 οἶμαι,
1190 3418 1442 3506 σώματι
1477 3425 1666 3507 σῶμα
1705 3419 2237 3505 θεραπεύουσιν·
2285 3439 2369 3483 ου
