2602 3928
948 239 1518 300 ΠΟΛΙΤΕΙΑΣ
1550 231 1612 315 ζ’.
2161 240 2286 304 221

261 399 386 470 οὐκ
415 399 666 468 οἷσθ’”
624 427 728 469 οτι
751 402 862 470 καὶ
887 401 1035 485 περὶ
1059 397 1441 487 ἆρμονίας“”
1404 426 1633 487 ετερον
1654 410 1966 471 τοιοῦτον
1985 411 2284 484 ποιοῦσι;
2322 419 2414 473 531

260 496 379 578 τὰς
397 495 528 585 γάρ
552 497 968 586 ἀκουομένας
993 488 1084 565 αὖ
1115 507 1509 585 συμφωνίας
1543 501 1654 568 καὶ
1694 501 2047 587 φθόγγους
2079 499 2291 590 ἀλλη»

260 605 401 676 λοις
447 594 976 682 ἀναμετροῦντες
1024 593 1327 681 ἀνήνυτα
1362 595 1584 686 ωσπερ
1622 601 1691 665 oc
1722 597 2127 685 ἀστρονόμοι
2161 624 2290 667 πο·-

261 702 521 763 νοῦσιν.
566 695 675 782 Νὴ
710 692 867 774 τοῦς
889 691 1116 778 θεούς,
1140 698 1288 780 ἔφη,
1314 696 1426 762 καὶ
1458 700 1730 779 γελοίως
1762 722 1859 781 γε,
1891 693 2283 783 πυκνώματ’

258 793 424 861 ἅττα
475 790 911 878 ὀνομάζοντες
953 793 1064 861 καὶ
1119 792 1657 880 παραβάλλοντες
1699 798 1780 861 τὰ
1825 785 1981 880 εἶτα,
2026 789 2169 863 οἷον
2213 798 2286 863 ἐκ

260 892 585 978 γειτόνων
608 888 846 977 φωνὴν
867 890 1338 977 θηρευόμενοι,
1373 893 1442 958 οἰ
1457 891 1580 976 μέν
1601 912 1809 977 φασιν
1832 897 1926 959 ἔτι
1955 890 2286 959 κατακού-
2328 886 2341 895 ’

258 1017 360 1059 ειν
397 994 471 1057 έν
494 992 672 1079 μέσῳ
701 990 849 1056 τινὰ
883 986 1055 1075 ἠχὴν
1083 989 1194 1057 καὶ
1230 988 1672 1075 σμικρότατον
1705 987 1874 1057 εἶναι
1908 996 2103 1058 τοῦτο
2141 994 2288 1058 δια-

260 1109 548 1178 στημα,
523 1080 576 1154 ὦ
600 1089 979 1174 μετρητέον,
1005 1089 1074 1153 οἱ
1092 1086 1163 1160 δὲ
1188 1083 1761 1172 ἀμφισβητοῦντες
1786 1084 1876 1165 ὥς
1900 1084 2136 1173 όμοιον
2157 1086 2283 1174 ἤδη

258 1186 768 1272 φθεγγομένων,
814 1182 1179 1271 ἀμφότεροι
1218 1209 1354 1251 ωτα
1395 1189 1519 1251 τοῦ
1562 1191 1692 1252 νοῦ
1734 1184 2283 1273 προστησαμενοι.
2324 1203 2361 1251 Β

259 1281 369 1352 Σὺ
393 1284 537 1369 μέν,
569 1274 656 1367 ἦν
687 1279 749 1349 δ’
792 1281 944 1368 ἐγώ,
974 1306 1131 1360 τους
1167 1277 1493 1368 χρηστοὺς
1524 1284 1733 1367 λέγεις
1765 1280 1923 1363 τοῦς
1955 1297 2094 1362 ταῖς
2126 1309 2284 1370 χορ-

261 1386 405 1460 δαῖς
447 1404 799 1467 πραγματα
854 1383 1261 1465 παρέχοντας
1312 1381 1422 1446 καὶ
1464 1386 1956 1468 βασανίζοντας,
2002 1384 2106 1450 ἐπὶ.
2146 1409 2286 1450 των

259 1477 613 1546 κολλόπων
650 1484 1158 1564 στρεβλοῦντας.
1216 1480 1329 1544 ἵνα
1366 1474 1438 1543 δὲ
1468 1474 1557 1564 μὴ
1599 1481 1971 1564 μακροτέρα
2008 1476 2049 1565 ἡ
2084 1478 2285 1548 εἰκών

260 1584 581 1662 γίγνηται,
604 1573 913 1663 πλήκτρῳ
936 1599 1005 1641 τε
1028 1581 1299 1659 πληγῶν
1324 1579 1739 1660 γιγνομένων
1758 1579 1869 1643 καὶ
1888 1585 2284 1665 κατηγορίας

262 1675 415 1756 πέρι
442 1675 552 1739 καὶ
575 1672 983 1758 ἐξαρνήσεως
1003 1674 1112 1739 καὶ
1137 1667 1519 1752 ἀλαζονείας
1535 1677 1819 1758 χορδῶν,
1855 1675 2150 1759 παύομαι
2170 1684 2286 1762 τῆς

264 1768 521 1849 εἰκόνος
566 1771 676 1837 καὶ
719 1770 804 1838 οὔ
836 1797 1007 1857 φημι
1037 1770 1319 1848 τούτους
1360 1772 1598 1855 λέγειν,
1643 1766 1790 1838 ἀλλ’
1839 1773 2133 1852 ἐκείνους
2167 1773 2285 1854 οὓς

261 1871 516 1953 ἔφαμεν
536 1874 669 1936 νῦν
692 1867 772 1954 δὴ
798 1870 947 1954 περὶ
969 1866 1289 1955 ἁρμονίας
1312 1866 1688 1955 ἐρήσεσθαι.
1714 1866 1961 1938 ταύτὸν
1980 1869 2110 1959 γὰρ
2134 1896 2286 1940 ποι-

261 1973 415 2035 οῦσι
457 1980 593 2045 τοῖς
637 1970 709 2034 έν
750 1973 836 2054 τῇ
878 1964 1320 2056 ἀστρονομία·
1377 1963 1536 2046 τοῦς
1572 1966 1700 2052 γὰρ
1739 1970 1813 2034 ἐν
1843 1969 2114 2051 ταύταις
2146 1986 2287 2051 ταῖς
2320 1987 2360 2038 G

205 2137 210 2142 ,
262 2070 678 2151 συμφωνίαις
716 2079 858 2144 ταῖς
900 2066 1344 2151 ἀκουομέναις
1391 2064 1723 2152 ἀριθμούς
1769 2072 2096 2156 ζητοῦσιν,
2134 2067 2284 2138 ἀλλ’

262 2161 389 2230 οὐκ
414 2168 507 2242 εἰς
523 2164 958 2251 προβλήματα
990 2161 1252 2233 ἀνίασιν
1291 2168 1691 2250 ἐπισκοπεῖν,
1729 2172 1902 2246 τίνες
1937 2170 2288 2254 ξύμφωνοι

263 2260 540 2348 ἀριθμοὶ
560 2265 671 2330 καὶ
702 2271 876 2341 τίνες
899 2260 1007 2348 οὔ,
1031 2265 1141 2331 καὶ
1166 2261 1274 2330 διὰ
1298 2269 1367 2331 τί
1381 2263 1695 2351 ἑκάτεροι.
1733 2266 2111 2351 Δαιμόνιον
2130 2267 2283 2354 γάρ,

263 2366 415 2446 ἔφη,
449 2367 719 2447 πρᾶγμα
756 2364 982 2447 λέγεις.
1026 2362 1375 2449 Χρήσιμον
1397 2364 1520 2448 μὲν
1542 2354 1688 2449 οὖν,
1730 2354 1815 2448 ἦν
1839 2360 1903 2431 δ’
1941 2365 2095 2451 ἐγώ,
2121 2362 2285 2453 πρὸς

262 2457 387 2545 τὴν
408 2464 530 2526 τοῦ
552 2467 763 2527 καλοῦ
784 2486 853 2527 τε
876 2460 986 2527 καὶ
1009 2458 1281 2544 ἀγαθοῦ
1303 2460 1586 2547 ζήτησιν,
1611 2458 1829 2540 ἄλλως
1853 2462 1926 2530 δὲ
1960 2469 2284 2549 μεταδιω-

263 2554 551 2643 κόμενον
575 2556 923 2644 ἄχρηστον.
970 2559 1171 2638 Είκός
1192 2556 1279 2644 γ’,
1306 2564 1455 2645 ἔφη.

432 2659 588 2722 xl11.
638 2654 839 2742 Οἶμαι
880 2659 958 2724 δέ
993 2682 1090 2741 γε,
1124 2648 1210 2742 ἦν
1245 2653 1309 2723 δ’
1349 2655 1499 2742 ἐγώ,
1531 2654 1702 2744 καὶὴ
1728 2658 1988 2727 τούτων
2008 2659 2284 2727 πάντων

262 2746 361 2823 ὦν
376 2752 865 2841 διεληλύθαμεν
878 2758 1169 2842 μέθοδος
1190 2753 1308 2824 ἐὰν
1318 2754 1442 2842 μὲν
1456 2755 1561 2823 ἐπὶ
1580 2753 1703 2841 τὴν
1721 2753 2030 2843 ἀλλήλων
2043 2783 2288 2826 κοινω-
2324 2781 2365 2830 D

261 2862 415 2922 νίαν
458 2850 775 2940 ἀφίκηται
817 2854 927 2921 καὶ
973 2858 1379 2939 ξυγγένειαν,
1416 2853 1526 2921 καὶ
1562 2858 1966 2945 ξυλλογισθῇ
1997 2864 2205 2924 ταῦτα
2238 2848 2283 2946 ᾗ

263 2957 443 3018 ἔστιν
466 2950 775 3037 ἀλλήλοις
800 2958 1029 3036 οἰκεῖα,
1067 2955 1301 3038 φέρειν
1331 2978 1395 3020 τι
1428 2949 1652 3020 αὐτων
1688 2959 1779 3033 είς
1815 2980 1858 3021 α
1890 2956 2283 3042 βουλόμεθα
2365 2963 2371 2968 ’

262 3049 385 3135 τὴν
421 3056 871 3135 πραγματείαν
902 3052 1013 3119 καὶ
1048 3047 1173 3119 οὐκ
1207 3047 1502 3138 ἀνόνητα
1550 3061 1926 3142 πονεῖσθαι,
1971 3060 2030 3122 εί
2063 3055 2135 3123 δὲ
2170 3054 2280 3142 μή,

263 3143 578 3234 ἀνόνητα.
622 3150 753 3218 Καὶ
789 3149 941 3236 ἐγώ,
988 3155 1136 3237 ἔφη,
1171 3148 1349 3218 οὕτω
1389 3151 1820 3238 μαντεύομαι.
1887 3149 2054 3221 ἀλλὰ
2103 3151 2282 3239 πάμ-

260 3254 438 3315 πολυ
480 3251 680 3333 ἔργον
714 3249 943 3335 λέγεις,
976 3239 1030 3317 οἶ
1064 3247 1438 3332 Σώκρατες.
1493 3253 1632 3318 Τοῦ
1671 3257 2045 3336 προοιμίου,
2079 3243 2169 3336 ἦν
2215 3247 2276 3316 δ’

261 3343 411 3431 ἐγώ,
437 3338 484 3431 ἦ
503 3351 682 3424 τίνος
707 3348 943 3431 λέγεις·,
963 3340 1008 3432 ἢ
1031 3342 1156 3413 οὐκ
1190 3356 1403 3433 ἴσμεν,
1426 3345 1527 3414 ὅτι
1564 3347 1777 3415 πάντα
1806 3354 2013 3415 ταῦτα
2045 3353 2280 3431 προοιὲ-

261 3440 381 3523 μιά
405 3443 587 3511 ἐστιν
623 3439 839 3512 αὐτοῦ
870 3451 995 3513 τοῦ
1027 3443 1265 3536 νόμου,
1305 3442 1386 3513 δν
1420 3449 1523 3513 δεῖ
1547 3456 1820 3532 μαθεῖν;
1867 3444 1949 3512 οῦ
1980 3445 2110 3532 γάρ
2145 3468 2279 3512 που
