2602 3928
250 235 281 290 7
1036 226 1476 284 ΤΙΜΑΙΟΣ
2128 226 2254 291 325

250 385 413 454 κατά
465 412 542 471 γε
585 383 749 471 ἐμὴν
803 384 1003 464 δόξαν
1048 380 1203 451 οὔτε
1240 381 1546 464 Ἡσίοδος
1588 384 1743 467 οὔτε
1776 383 2061 473 Ὅμηρος
2104 388 2258 458 οὔτε
2296 402 2337 452 D

249 483 446 562 ἄλλος
467 478 686 562 οὐδεὶς
704 480 976 568 ποιητὴς
998 478 1519 568 εὐδοκιμώτερος
1539 485 1796 567 ἐγένετο
1834 483 1920 551 ἄν
1951 510 2110 554 ποτε
2132 485 2260 553 αὐ-

248 588 386 649 τοῦ.
439 586 551 659 Τίς
573 576 635 646 δ’
664 571 745 665 ἦν
767 575 802 647 ὁ
825 578 1044 665 λόγος,
1074 571 1117 665 ἦ
1144 576 1206 645 δ’
1246 575 1341 665 ὅς,
1384 572 1439 646 οἷ
1473 584 1744 661 Κριτίας
1779 573 1862 648 Ἦ
1890 587 2041 665 περὶ
2073 590 2258 668 μεγί-

249 697 425 764 στης,
448 683 598 762 ἔφη,
631 677 742 744 καὶ
773 675 1298 765 ὀνομαστοτάτης
1320 687 1557 747 πασῶν
1580 677 1937 749 δικαιότατ’
1972 675 2061 748 ἂν
2082 683 2258 765 πρά-

250 781 410 857 ξεως
436 773 661 861 οὔσης,
682 771 770 860 ἣν
786 774 906 862 ἥδε
937 774 979 863 ἡ
1003 776 1192 855 πόλις
1214 781 1450 862 ἔπραξε
1471 780 1615 864 μέν,
1649 774 1756 844 διὰ
1791 779 1863 846 δὲ
1883 778 2129 863 χρόνον
2149 781 2260 848 καὶ

251 874 526 960 φθορὰν
567 882 703 941 τῶν
746 877 1215 961 ἐργασαμένων
1257 872 1342 943 ού
1377 873 1679 960 διήρκεσε
1714 878 1915 958 δεῦρο
1959 872 1995 942 ὁ
2040 876 2256 962 λόγος.

248 975 418 1056 Λέγε
439 974 503 1051 ἐξ
528 967 752 1055 ἀρχῆς,
777 963 822 1056 ἦ
856 970 920 1038 δ’
955 969 1051 1056 ὅς,
1085 977 1155 1038 τί
1181 996 1251 1038 τε
1282 973 1394 1038 καὶ
1426 978 1565 1049 πῶς
1588 972 1698 1038 καὶ
1731 969 1910 1054 παρὰ
1949 978 2149 1040 τίνων
2170 971 2258 1052 ὥς

249 1069 472 1156 ἀληθῆ
498 1068 862 1153 διακηκοως
883 1075 1107 1154 ἔλεγεν
1139 1065 1175 1136 ὁ
1212 1066 1478 1137 Σόλων.
1523 1068 1708 1137 ’Ἐστι
1738 1095 1835 1148 τις
1860 1070 2005 1138 κατ’
2041 1080 2257 1155 Αίγυ-
2297 1077 2334 1126 Ε

250 1194 437 1251 πτον,
458 1160 504 1252 ἦ
527 1164 590 1234 δ’
616 1165 710 1249 ὅς,
734 1169 810 1234 ἐν
830 1175 921 1257 τῷ
942 1172 1181 1248 Δέλτα,
1213 1169 1364 1253 περὶ
1385 1163 1422 1236 ὃ
1443 1165 1609 1234 κατὰ
1637 1167 1948 1254 κορυφὴν
1981 1175 2258 1256 σχίζεται

250 1262 323 1331 τὸ
369 1270 491 1331 τοῦ
533 1269 786 1332 Νείλου
822 1267 1070 1351 ῥεῦμα,
1116 1264 1432 1344 Σαῖτικός
1473 1264 1988 1352 ἐπικαλούμενος
2029 1267 2255 1353 νομός,

250 1363 496 1431 τούτου
537 1362 609 1430 δὲ
649 1370 773 1430 τοῦ
814 1369 1033 1447 νομοῦ
1072 1370 1342 1451 μεγίστη
1378 1362 1570 1441 πόλις
1599 1361 1787 1447 Σάῖς,
1818 1362 1987 1431 ὅθεν
2020 1361 2100 1450 δὴ
2145 1366 2258 1432 καὶ

240 1457 505 1546 Ἄμασις
534 1453 622 1547 ἦν
650 1458 686 1528 ὁ
724 1462 1036 1547 βασιλεύς
1056 1486 1070 1500 ·
1111 1456 1208 1540 οἷς
1233 1469 1350 1545 τῆς
1378 1460 1631 1539 πόλεως
1661 1460 1821 1538 θεὸς
1851 1459 2134 1547 ἀρχηγός
2161 1468 2258 1541 τίς

250 1561 449 1641 ἐστιν,
471 1559 859 1642 Αἰγυπτιστὶ
890 1557 1011 1644 μὲν
1034 1557 1332 1643 τοῦνομα
1355 1562 1566 1642 Νηΐθ,
1595 1554 1958 1642 Ἑλληνιστὶ
1990 1561 2083 1642 δέ,
2108 1556 2196 1638 οἱς
2219 1556 2254 1626 ὅ

252 1660 522 1721 εκείνων
552 1655 770 1740 λόγος,
809 1655 1090 1740 Ἀθηνᾶ·
1147 1655 1327 1739 μάλα
1370 1657 1443 1722 δὲ
1484 1653 1921 1740 φιλαθήναιοι
1957 1661 2075 1722 καί
2111 1681 2259 1722 τινα

250 1750 503 1832 τρόπον
525 1757 753 1820 οἰκεῖοι
771 1750 971 1820 τῶνδ’
1008 1749 1179 1819 εἷναί
1207 1770 1434 1838 φασιν.
1477 1746 1543 1818 οἶ
1572 1749 1653 1837 δὴ
1689 1751 1933 1819 Σόλων
1968 1757 2096 1837 ἔφη
2135 1775 2260 1820 πο-

252 1849 517 1930 ρευθεὶς
534 1850 798 1935 σφόδρα
821 1877 891 1919 τε
923 1854 1237 1936 γενέσθαι
1270 1848 1430 1936 παρ’
1467 1849 1689 1928 αὐτοῖς
1723 1854 2000 1935 ἔντιμος,
2033 1852 2144 1919 καὶ
2177 1848 2258 1937 δὴ

250 1949 359 2013 καὶ
392 1943 472 2014 τὰ
508 1946 750 2016 παλαιοὶ
794 1946 1146 2032 ἆνερωτοῖν
1174 1945 1332 2026 τούς
1369 1947 1650 2033 μάλιστα
1684 1950 1837 2033 περὶ
1869 1953 2077 2015 ταῦτα
2116 1956 2252 2016 τοῖν
2284 1960 2353 2013 22

249 2048 485 2128 ἱερέων
505 2048 853 2132 ἐμπείρους
881 2044 1118 2131 σχεδὸν
1142 2045 1296 2114 οὔτε
1319 2043 1532 2113 αὑτὸν
1558 2041 1722 2113 οὔτε
1745 2042 1951 2112 ἄλλον
1968 2043 2258 2131 Ἕλληνα

252 2141 495 2210 οὐδένα
531 2140 728 2210 οὐδὲν
763 2140 851 2221 ὥς
885 2148 1043 2222 ἔπος
1076 2149 1282 2211 εἰπεῖν
1316 2143 1538 2212 εἰδότα
1571 2144 1721 2228 περὶ
1753 2150 1889 2210 τῶν
1932 2143 2256 2210 τοιούτων

252 2238 575 2323 α’νενρεῖν.
639 2247 758 2308 καί
778 2264 935 2308 ποτε
978 2255 1384 2326 προαγαγεῖν
1426 2241 1785 2328 βουληθεὶς
1827 2238 2072 2319 αὐτοὺς
2106 2242 2256 2324 περὶ

250 2345 387 2405 τῶν
419 2336 710 2423 ἀρχαίων
734 2344 828 2417 εἰς
862 2338 1106 2423 λόγους
1133 2345 1270 2407 τῶν
1303 2342 1459 2426 τῇδε
1495 2338 1576 2406 τὰ
1610 2337 2003 2424 ἀρχαιότατα
2043 2340 2258 2423 λέγειν

250 2438 618 2520 ἐπιχειρεῖν,
644 2439 793 2517 περὶ
815 2439 1181 2518 Φορωνέως
1201 2463 1272 2504 τε
1307 2446 1431 2504 τοῦ
1463 2435 1734 2520 πρώτου
1769 2439 2118 2522 λεχθέντος
2148 2435 2257 2501 καὶ

250 2533 527 2619 Νιόβης,
551 2534 659 2600 καὶ
678 2531 838 2618 μετὰ
863 2532 980 2600 τὸν
1001 2532 1469 2620 κατακλυσμὸν
1502 2526 1590 2601 αὖ
1621 2535 1770 2617 περὶ
1791 2538 2259 2610 Δευκαλίωνος

250 2633 362 2698 καὶ
401 2629 674 2715 Πύρρας
703 2627 788 2708 ὥς
817 2633 1187 2715 διεγένοντο
1230 2639 1661 2717 μυθολογεῖν,
1696 2631 1805 2697 καὶ
1844 2628 2000 2708 τοὺς
2033 2631 2098 2707 ἐξ
2132 2626 2259 2695 αὖ·
2291 2641 2331 2690 Β

248 2732 385 2792 τῶν
409 2735 849 2812 γενεαλογεῖν,
873 2730 983 2795 καὶ
1015 2726 1095 2795 τοὶ
1121 2736 1258 2798 τῶν
1279 2731 1449 2796 ἐτοῖν
1479 2724 1605 2794 ὅσα
1637 2719 1725 2812 ἦν
1757 2721 1855 2806 οἷς
1895 2732 2076 2811 ἔλεγε
2113 2750 2259 2794 πει-

251 2829 501 2906 ρᾶσθαι
522 2824 1069 2910 διαμνημονεύων
1101 2824 1260 2903 τοὺς
1285 2823 1570 2910 χρόνους
1592 2821 1931 2908 ἀριθμεῖν·
1977 2830 2091 2891 καί
2112 2852 2259 2892 τινα

251 2924 460 2986 εἰπεῖν
480 2944 617 2988 των
648 2922 881 3005 ἱερέων
905 2913 985 2987 εὖ
1020 2920 1196 3007 μα’λα
1228 2919 1542 2988 παλαιόν
1579 2911 1657 2985 Ὦ
1690 2919 1958 3007 Σόλων,
1993 2920 2258 3005 Σόλων,

233 3009 541 3100 Έλληνες
560 3016 664 3083 ἀεὶ
684 3019 910 3096 παῖδές
929 3020 1093 3104 ἐστε,
1117 3020 1336 3104 γέρων
1357 3015 1466 3085 δὲ”’
1450 3025 1674 3138 Ελλην
1695 3012 1821 3084 ούκ
1842 3021 2036 3084 ἔστιν.
2061 3015 2260 3086 ακού-

251 3131 369 3190 σας
392 3104 539 3199 οὖν,
563 3119 750 3195 Πως;
791 3119 861 3181 τί
872 3122 1071 3183 τοῦτο
1094 3117 1334 3201 λέγεις;
1369 3115 1598 3201 φάναι.
1643 3117 1809 3181 Νέοι
1842 3117 2007 3201 ἐστέ,
2032 3120 2258 3201 εἰπεῖν,

247 3208 363 3289 τὰς
388 3209 599 3296 ψυχὰς
619 3235 890 3291 παντες·
936 3210 1252 3299 οὐδεμίαν
1273 3214 1401 3298 γὰρ
1429 3217 1503 3282 ἐν
1537 3210 1764 3295 αὐταῖς
1803 3218 1976 3299 ἔχετε
2010 3210 2100 3280 δι’
2136 3211 2261 3297 ἆρ-

248 3315 441 3395 χαίαν
463 3309 676 3396 ἇκοὴν
709 3310 999 3380 παλαιὰν
1036 3312 1240 3393 δόξαν
1273 3309 1432 3381 οὐδὲ
1462 3310 1742 3399 μάθημα
1776 3312 1997 3400 χρόνῳ
2019 3306 2259 3378 πολιόν

250 3403 466 3476 οὐδέν.
506 3405 581 3476 τό
608 3409 684 3475 δὲ
705 3409 962 3477 τούτων
983 3418 1199 3477 αἴτιον
1218 3413 1390 3478 τόδε.
1440 3411 1674 3479 πολλαὶ
1706 3409 1816 3476 καὶ
1850 3406 2015 3476 κατὰ
2042 3404 2253 3474 πολλοὶ
2285 3427 2334 3477 ·o
