<?xml version="1.0" encoding="UTF-8"?>
<!DOCTYPE html PUBLIC "-//W3C//DTD XHTML 1.0 Transitional//EN"
    "http://www.w3.org/TR/xhtml1/DTD/xhtml1-transitional.dtd">
<html xmlns="http://www.w3.org/1999/xhtml" xml:lang="en" lang="en">
 <head>
  <title>
</title>
<meta http-equiv="Content-Type" content="text/html;charset=utf-8" />
  <meta name='ocr-system' content='tesseract 3.04.00' />
  <meta name='ocr-capabilities' content='ocr_page ocr_carea ocr_par ocr_line ocrx_word'/>
</head>
<body>
  <div class='ocr_page' id='page_1' title='image "./dialogisecundum07platgoog_0228.png"; bbox 0 0 2602 3928; ppageno 0'>
   <div class='ocr_carea' id='block_1_1' title="bbox 359 202 1651 272">
    <p class='ocr_par' dir='ltr' id='par_1_1' title="bbox 359 202 1651 272">
     <span class='ocr_line' id='line_1_1' title="bbox 359 202 1651 272; baseline -0.01 0"><span class='ocrx_word' id='word_1_1' title='bbox 359 209 477 272; x_wconf 78' lang='lat'><strong><em>192</em></strong></span> <span class='ocrx_word' id='word_1_2' title='bbox 1084 202 1651 263; x_wconf 73' lang='grc' dir='ltr'><em>ΠΛΑΤΩΝΟΣ</em></span> 
     </span>
    </p>
   </div>
   <div class='ocr_carea' id='block_1_2' title="bbox 217 359 2374 3483">
    <p class='ocr_par' dir='ltr' id='par_1_2' title="bbox 355 359 2374 655">
     <span class='ocr_line' id='line_1_2' title="bbox 358 359 2374 452; baseline -0.004 -14"><span class='ocrx_word' id='word_1_3' title='bbox 358 370 483 438; x_wconf 85' lang='grc' dir='ltr'><strong><em>σόν</em></strong></span> <span class='ocrx_word' id='word_1_4' title='bbox 527 371 599 436; x_wconf 89' lang='grc' dir='ltr'><strong><em>έν</em></strong></span> <span class='ocrx_word' id='word_1_5' title='bbox 633 367 795 451; x_wconf 81' lang='grc' dir='ltr'><strong><em>πυρὶ</em></strong></span> <span class='ocrx_word' id='word_1_6' title='bbox 842 362 1386 452; x_wconf 80' lang='grc' dir='ltr'><strong><em>βασανιζόμενον,</em></strong></span> <span class='ocrx_word' id='word_1_7' title='bbox 1420 362 1694 429; x_wconf 79' lang='grc' dir='ltr'><strong><em>στατέον</em></strong></span> <span class='ocrx_word' id='word_1_8' title='bbox 1737 359 2025 446; x_wconf 75' lang='grc' dir='ltr'><strong><em>ἄρχοντα</em></strong></span> <span class='ocrx_word' id='word_1_9' title='bbox 2062 361 2173 429; x_wconf 82' lang='grc' dir='ltr'><strong><em>καὶ</em></strong></span> <span class='ocrx_word' id='word_1_10' title='bbox 2211 364 2374 446; x_wconf 98' lang='grc' dir='ltr'><strong><em>γέρα</em></strong></span> 
     </span>
     <span class='ocr_line' id='line_1_3' title="bbox 359 450 2374 545; baseline -0.006 -9"><span class='ocrx_word' id='word_1_11' title='bbox 359 470 590 537; x_wconf 89' lang='grc' dir='ltr'><strong><em>δοτέον</em></strong></span> <span class='ocrx_word' id='word_1_12' title='bbox 611 465 722 532; x_wconf 84' lang='grc' dir='ltr'><strong><em>καὶ</em></strong></span> <span class='ocrx_word' id='word_1_13' title='bbox 749 468 943 544; x_wconf 80' lang='grc' dir='ltr'><strong><em>ζῶντι</em></strong></span> <span class='ocrx_word' id='word_1_14' title='bbox 964 461 1074 529; x_wconf 85' lang='grc' dir='ltr'><strong><em>καὶ</em></strong></span> <span class='ocrx_word' id='word_1_15' title='bbox 1092 458 1559 545; x_wconf 85' lang='grc' dir='ltr'><strong><em>τελευτήσαντι</em></strong></span> <span class='ocrx_word' id='word_1_16' title='bbox 1577 459 1688 527; x_wconf 82' lang='grc' dir='ltr'><strong><em>καὶ</em></strong></span> <span class='ocrx_word' id='word_1_17' title='bbox 1711 450 1912 526; x_wconf 85' lang='grc' dir='ltr'><strong><em>ἆθλα.</em></strong></span> <span class='ocrx_word' id='word_1_18' title='bbox 1938 454 2181 525; x_wconf 87' lang='grc' dir='ltr'><strong><em>τοιαῦτ’</em></strong></span> <span class='ocrx_word' id='word_1_19' title='bbox 2208 457 2374 525; x_wconf 74' lang='grc' dir='ltr'><strong><em>ἅττα</em></strong></span> 
     </span>
     <span class='ocr_line' id='line_1_4' title="bbox 355 557 2372 655; baseline -0.004 -23"><span class='ocrx_word' id='word_1_20' title='bbox 355 557 443 652; x_wconf 84' lang='grc' dir='ltr'><strong><em>ἦν</em></strong></span> <span class='ocrx_word' id='word_1_21' title='bbox 465 560 544 632; x_wconf 76' lang='grc' dir='ltr'><strong><em>τά</em></strong></span> <span class='ocrx_word' id='word_1_22' title='bbox 566 559 909 655; x_wconf 88' lang='grc' dir='ltr'><strong><em>λεγόμενα,</em></strong></span> <span class='ocrx_word' id='word_1_23' title='bbox 934 558 1362 645; x_wconf 72' lang='grc' dir='ltr'><strong><em>παρεξιόντος</em></strong></span> <span class='ocrx_word' id='word_1_24' title='bbox 1396 558 1506 626; x_wconf 81' lang='grc' dir='ltr'><strong><em>καὶ</em></strong></span> <span class='ocrx_word' id='word_1_25' title='bbox 1541 559 2228 645; x_wconf 76' lang='grc' dir='ltr'><strong><em>παρακαλυπτομένου</em></strong></span> <span class='ocrx_word' id='word_1_26' title='bbox 2250 563 2372 624; x_wconf 86' lang='grc' dir='ltr'><strong><em>τοῦ</em></strong></span> 
     </span>
    </p>

    <p class='ocr_par' dir='ltr' id='par_1_3' title="bbox 288 651 2371 2116">
     <span class='ocr_line' id='line_1_5' title="bbox 288 651 2371 755; baseline -0.003 -26"><span class='ocrx_word' id='word_1_27' title='bbox 288 682 328 735; x_wconf 77' lang='grc' dir='ltr'><strong>Β</strong></span> <span class='ocrx_word' id='word_1_28' title='bbox 362 660 593 755; x_wconf 83' lang='grc' dir='ltr'><strong><em>λόγου,</em></strong></span> <span class='ocrx_word' id='word_1_29' title='bbox 617 659 1088 746; x_wconf 87' lang='grc' dir='ltr'><strong><em>πεφοβημένου</em></strong></span> <span class='ocrx_word' id='word_1_30' title='bbox 1105 669 1319 724; x_wconf 78' lang='grc' dir='ltr'><strong><em>κινεῖν</em></strong></span> <span class='ocrx_word' id='word_1_31' title='bbox 1339 653 1414 724; x_wconf 82' lang='grc' dir='ltr'><strong><em>τὸ</em></strong></span> <span class='ocrx_word' id='word_1_32' title='bbox 1452 662 1586 723; x_wconf 79' lang='grc' dir='ltr'><strong><em>νῦν</em></strong></span> <span class='ocrx_word' id='word_1_33' title='bbox 1619 653 1858 738; x_wconf 86' lang='grc' dir='ltr'><strong><em>παρόν.</em></strong></span> <span class='ocrx_word' id='word_1_34' title='bbox 1907 651 2371 742; x_wconf 84' lang='grc' dir='ltr'><strong><em>Ἀληθέστατα,</em></strong></span> 
     </span>
     <span class='ocr_line' id='line_1_6' title="bbox 357 744 2371 846; baseline -0.003 0"><span class='ocrx_word' id='word_1_35' title='bbox 357 765 507 846; x_wconf 74' lang='grc' dir='ltr'><em>ἔφη,</em></span> <span class='ocrx_word' id='word_1_36' title='bbox 540 760 776 843; x_wconf 62' lang='grc' dir='ltr'><strong><em>λέγεις·</em></strong></span> <span class='ocrx_word' id='word_1_37' title='bbox 821 759 1151 843; x_wconf 72' lang='grc' dir='ltr'><strong><em>μέμνημαι</em></strong></span> <span class='ocrx_word' id='word_1_38' title='bbox 1191 752 1340 841; x_wconf 66' lang='grc' dir='ltr'><strong><em>γάρ·</em></strong></span> <span class='ocrx_word' id='word_1_39' title='bbox 1397 754 1639 833; x_wconf 72' lang='grc' dir='ltr'><strong><em>Ὄκνοε</em></strong></span> <span class='ocrx_word' id='word_1_40' title='bbox 1669 752 1822 840; x_wconf 68' lang='grc' dir='ltr'><strong><em>γάρ,</em></strong></span> <span class='ocrx_word' id='word_1_41' title='bbox 1860 758 2052 840; x_wconf 72' lang='grc' dir='ltr'><strong><em>ἔφην,</em></strong></span> <span class='ocrx_word' id='word_1_42' title='bbox 2098 744 2154 820; x_wconf 79' lang='lat'><strong><em>⁰3</em></strong></span> <span class='ocrx_word' id='word_1_43' title='bbox 2196 758 2371 839; x_wconf 72' lang='grc' dir='ltr'><strong><em>φίλε,</em></strong></span> 
     </span>
     <span class='ocr_line' id='line_1_7' title="bbox 357 849 2371 944; baseline -0.004 -19"><span class='ocrx_word' id='word_1_44' title='bbox 357 855 510 944; x_wconf 70' lang='grc' dir='ltr'><strong><em>ἐγώ,</em></strong></span> <span class='ocrx_word' id='word_1_45' title='bbox 535 861 746 923; x_wconf 77' lang='grc' dir='ltr'><strong><em>εἰπεῖν</em></strong></span> <span class='ocrx_word' id='word_1_46' title='bbox 782 851 864 921; x_wconf 86' lang='grc' dir='ltr'><strong><em>τά</em></strong></span> <span class='ocrx_word' id='word_1_47' title='bbox 901 858 1037 920; x_wconf 85' lang='grc' dir='ltr'><strong><em>νῦν</em></strong></span> <span class='ocrx_word' id='word_1_48' title='bbox 1078 849 1658 938; x_wconf 77' lang='grc' dir='ltr'><strong><em>ἀποτετολμημένα</em></strong></span> <span class='ocrx_word' id='word_1_49' title='bbox 1675 876 1689 890; x_wconf 90' lang='grc'><em>·</em></span> <span class='ocrx_word' id='word_1_50' title='bbox 1736 859 1871 920; x_wconf 86' lang='grc' dir='ltr'><strong><em>νῦν</em></strong></span> <span class='ocrx_word' id='word_1_51' title='bbox 1913 849 1986 919; x_wconf 74' lang='grc' dir='ltr'><strong><em>δὲ</em></strong></span> <span class='ocrx_word' id='word_1_52' title='bbox 2018 858 2216 918; x_wconf 84' lang='grc' dir='ltr'><strong><em>τοῦτο</em></strong></span> <span class='ocrx_word' id='word_1_53' title='bbox 2249 849 2371 936; x_wconf 77' lang='grc' dir='ltr'><strong><em>μὲν</em></strong></span> 
     </span>
     <span class='ocr_line' id='line_1_8' title="bbox 357 948 2370 1042; baseline -0.004 -18"><span class='ocrx_word' id='word_1_54' title='bbox 357 954 788 1042; x_wconf 81' lang='grc' dir='ltr'><strong><em>τετολμήσθω</em></strong></span> <span class='ocrx_word' id='word_1_55' title='bbox 811 958 1037 1037; x_wconf 75' lang='grc' dir='ltr'><strong><em>εἰπεῖν,</em></strong></span> <span class='ocrx_word' id='word_1_56' title='bbox 1063 950 1165 1019; x_wconf 83' lang='grc' dir='ltr'><strong><em>ὅτι</em></strong></span> <span class='ocrx_word' id='word_1_57' title='bbox 1185 948 1345 1030; x_wconf 78' lang='grc' dir='ltr'><strong><em>τοὺς</em></strong></span> <span class='ocrx_word' id='word_1_58' title='bbox 1365 948 1884 1037; x_wconf 79' lang='grc' dir='ltr'><strong><em>ἀκριβεστάτους</em></strong></span> <span class='ocrx_word' id='word_1_59' title='bbox 1914 949 2221 1034; x_wconf 83' lang='grc' dir='ltr'><strong><em>φύλακας</em></strong></span> <span class='ocrx_word' id='word_1_60' title='bbox 2253 974 2370 1034; x_wconf 89' lang='grc' dir='ltr'><strong><em>φι-</em></strong></span> 
     </span>
     <span class='ocr_line' id='line_1_9' title="bbox 357 1045 2370 1138; baseline -0.003 -19"><span class='ocrx_word' id='word_1_61' title='bbox 357 1051 694 1138; x_wconf 81' lang='grc' dir='ltr'><strong><em>λοσόφους</em></strong></span> <span class='ocrx_word' id='word_1_62' title='bbox 738 1055 846 1119; x_wconf 89' lang='grc' dir='ltr'><strong><em>δεῖ</em></strong></span> <span class='ocrx_word' id='word_1_63' title='bbox 872 1048 1290 1119; x_wconf 75' lang='grc' dir='ltr'><strong><em>καθιστάναι.</em></strong></span> <span class='ocrx_word' id='word_1_64' title='bbox 1346 1048 1668 1134; x_wconf 79' lang='grc' dir='ltr'><strong><em>Εἰρήσθω</em></strong></span> <span class='ocrx_word' id='word_1_65' title='bbox 1705 1047 1858 1135; x_wconf 88' lang='grc' dir='ltr'><strong><em>γάρ,</em></strong></span> <span class='ocrx_word' id='word_1_66' title='bbox 1893 1052 2041 1133; x_wconf 80' lang='grc' dir='ltr'><strong><em>ἔφη.</em></strong></span> <span class='ocrx_word' id='word_1_67' title='bbox 2093 1045 2370 1132; x_wconf 89' lang='grc' dir='ltr'><strong><em>Νόησον</em></strong></span> 
     </span>
     <span class='ocr_line' id='line_1_10' title="bbox 358 1144 2369 1238; baseline -0.004 -17"><span class='ocrx_word' id='word_1_68' title='bbox 358 1151 461 1238; x_wconf 89' lang='grc' dir='ltr'><strong><em>δή,</em></strong></span> <span class='ocrx_word' id='word_1_69' title='bbox 487 1147 574 1229; x_wconf 75' lang='grc' dir='ltr'><strong><em>ὡς</em></strong></span> <span class='ocrx_word' id='word_1_70' title='bbox 595 1149 863 1229; x_wconf 78' lang='grc' dir='ltr'><strong><em>εἰκότως</em></strong></span> <span class='ocrx_word' id='word_1_71' title='bbox 879 1147 1094 1235; x_wconf 78' lang='grc' dir='ltr'><strong><em>ὀλίγοι</em></strong></span> <span class='ocrx_word' id='word_1_72' title='bbox 1113 1153 1384 1217; x_wconf 73' lang='grc' dir='ltr'><strong><em>ἔσονταί</em></strong></span> <span class='ocrx_word' id='word_1_73' title='bbox 1400 1166 1521 1215; x_wconf 89' lang='grc' dir='ltr'><strong><em>σοι.</em></strong></span> <span class='ocrx_word' id='word_1_74' title='bbox 1566 1144 1654 1234; x_wconf 76' lang='grc' dir='ltr'><strong><em>ἢν</em></strong></span> <span class='ocrx_word' id='word_1_75' title='bbox 1677 1144 1806 1234; x_wconf 75' lang='grc' dir='ltr'><strong><em>γάρ</em></strong></span> <span class='ocrx_word' id='word_1_76' title='bbox 1842 1144 2208 1233; x_wconf 79' lang='grc' dir='ltr'><strong><em>διήλθομεν</em></strong></span> <span class='ocrx_word' id='word_1_77' title='bbox 2232 1144 2369 1231; x_wconf 82' lang='grc' dir='ltr'><strong><em>φύ-</em></strong></span> 
     </span>
     <span class='ocr_line' id='line_1_11' title="bbox 361 1239 2365 1333; baseline -0.004 -15"><span class='ocrx_word' id='word_1_78' title='bbox 361 1270 473 1319; x_wconf 92' lang='grc' dir='ltr'><strong><em>σιν</em></strong></span> <span class='ocrx_word' id='word_1_79' title='bbox 494 1254 637 1316; x_wconf 88' lang='grc' dir='ltr'><strong><em>δεῖν</em></strong></span> <span class='ocrx_word' id='word_1_80' title='bbox 658 1244 977 1333; x_wconf 77' lang='grc' dir='ltr'><strong><em>ὑπάρχειν</em></strong></span> <span class='ocrx_word' id='word_1_81' title='bbox 1000 1243 1250 1331; x_wconf 74' lang='grc' dir='ltr'><strong><em>αὐτοῖς,</em></strong></span> <span class='ocrx_word' id='word_1_82' title='bbox 1273 1251 1367 1324; x_wconf 84' lang='grc' dir='ltr'><strong><em>είς</em></strong></span> <span class='ocrx_word' id='word_1_83' title='bbox 1386 1243 1591 1314; x_wconf 78' lang='grc' dir='ltr'><strong><em>ταύτὸ</em></strong></span> <span class='ocrx_word' id='word_1_84' title='bbox 1615 1240 2045 1331; x_wconf 82' lang='grc' dir='ltr'><strong><em>ξυμφύεσθαι</em></strong></span> <span class='ocrx_word' id='word_1_85' title='bbox 2064 1241 2266 1329; x_wconf 80' lang='grc' dir='ltr'><strong><em>αὐτῆς</em></strong></span> <span class='ocrx_word' id='word_1_86' title='bbox 2285 1239 2365 1310; x_wconf 77' lang='grc' dir='ltr'><strong><em>τὰ</em></strong></span> 
     </span>
     <span class='ocr_line' id='line_1_12' title="bbox 356 1344 2365 1432; baseline -0.003 -18"><span class='ocrx_word' id='word_1_87' title='bbox 356 1351 521 1432; x_wconf 86' lang='grc' dir='ltr'><strong><em>μέρη</em></strong></span> <span class='ocrx_word' id='word_1_88' title='bbox 555 1344 850 1429; x_wconf 74' lang='grc' dir='ltr'><strong><em>ὀλιγάκις</em></strong></span> <span class='ocrx_word' id='word_1_89' title='bbox 889 1347 1128 1429; x_wconf 78' lang='grc' dir='ltr'><strong><em>ἐθέλει,</em></strong></span> <span class='ocrx_word' id='word_1_90' title='bbox 1159 1345 1241 1412; x_wconf 77' lang='grc' dir='ltr'><strong><em>τὰ</em></strong></span> <span class='ocrx_word' id='word_1_91' title='bbox 1273 1345 1484 1413; x_wconf 77' lang='grc' dir='ltr'><strong><em>πολλοὶ</em></strong></span> <span class='ocrx_word' id='word_1_92' title='bbox 1521 1345 1592 1412; x_wconf 68' lang='grc' dir='ltr'><strong><em>δὲ</em></strong></span> <span class='ocrx_word' id='word_1_93' title='bbox 1622 1346 2066 1428; x_wconf 63' lang='grc' dir='ltr'><strong><em>διεσπάσμένη</em></strong></span> <span class='ocrx_word' id='word_1_94' title='bbox 2110 1344 2365 1428; x_wconf 86' lang='grc' dir='ltr'><strong><em>φύεται.</em></strong></span> 
     </span>
     <span class='ocr_line' id='line_1_13' title="bbox 288 1434 2367 1533; baseline -0.003 -22"><span class='ocrx_word' id='word_1_95' title='bbox 288 1454 326 1505; x_wconf 84' lang='lat' dir='ltr'>C</span> <span class='ocrx_word' id='word_1_96' title='bbox 356 1451 532 1529; x_wconf 87' lang='grc' dir='ltr'><strong><em>Πῶς,</em></strong></span> <span class='ocrx_word' id='word_1_97' title='bbox 554 1448 705 1530; x_wconf 82' lang='grc' dir='ltr'><strong><em>ἔφη,</em></strong></span> <span class='ocrx_word' id='word_1_98' title='bbox 726 1444 967 1527; x_wconf 73' lang='grc' dir='ltr'><strong><em>λέγεις;</em></strong></span> <span class='ocrx_word' id='word_1_99' title='bbox 1004 1439 1347 1528; x_wconf 81' lang='grc' dir='ltr'><strong><em>Εὐμαθεῖς</em></strong></span> <span class='ocrx_word' id='word_1_100' title='bbox 1366 1441 1477 1509; x_wconf 82' lang='grc' dir='ltr'><strong><em>καὶ</em></strong></span> <span class='ocrx_word' id='word_1_101' title='bbox 1498 1438 1830 1527; x_wconf 70' lang='grc' dir='ltr'><strong><em>μνήμονες</em></strong></span> <span class='ocrx_word' id='word_1_102' title='bbox 1850 1439 1963 1533; x_wconf 67' lang='lat' dir='ltr'><strong><em>apd</em></strong></span> <span class='ocrx_word' id='word_1_103' title='bbox 1981 1434 2238 1524; x_wconf 76' lang='grc' dir='ltr'><strong><em>ἀγχίνοι</em></strong></span> <span class='ocrx_word' id='word_1_104' title='bbox 2258 1438 2367 1505; x_wconf 78' lang='grc' dir='ltr'><strong><em>καὶ</em></strong></span> 
     </span>
     <span class='ocr_line' id='line_1_14' title="bbox 359 1517 2366 1621; baseline -0.002 -14"><span class='ocrx_word' id='word_1_105' title='bbox 359 1539 525 1621; x_wconf 79' lang='grc' dir='ltr'><strong><em>ὀξεῖς</em></strong></span> <span class='ocrx_word' id='word_1_106' title='bbox 554 1542 666 1608; x_wconf 81' lang='grc' dir='ltr'><strong><em>καὶ</em></strong></span> <span class='ocrx_word' id='word_1_107' title='bbox 698 1538 825 1608; x_wconf 79' lang='grc' dir='ltr'><strong><em>ὅσα</em></strong></span> <span class='ocrx_word' id='word_1_108' title='bbox 848 1539 1015 1608; x_wconf 77' lang='grc' dir='ltr'><strong><em>ἄλλα</em></strong></span> <span class='ocrx_word' id='word_1_109' title='bbox 1045 1539 1307 1618; x_wconf 80' lang='grc' dir='ltr'><strong><em>τούτοις</em></strong></span> <span class='ocrx_word' id='word_1_110' title='bbox 1339 1539 1561 1606; x_wconf 79' lang='grc' dir='ltr'><strong><em>ἕπεται</em></strong></span> <span class='ocrx_word' id='word_1_111' title='bbox 1594 1535 1777 1606; x_wconf 84' lang='grc' dir='ltr'><strong><em>οἷσθ’</em></strong></span> <span class='ocrx_word' id='word_1_112' title='bbox 1816 1535 1920 1606; x_wconf 82' lang='grc' dir='ltr'><strong><em>ὅτ”ι</em></strong></span> <span class='ocrx_word' id='word_1_113' title='bbox 1938 1534 2068 1604; x_wconf 81' lang='grc' dir='ltr'><strong><em>οὐκ</em></strong></span> <span class='ocrx_word' id='word_1_114' title='bbox 2090 1517 2366 1604; x_wconf 73' lang='grc' dir='ltr'><strong><em>ἐθέλου-</em></strong></span> 
     </span>
     <span class='ocr_line' id='line_1_15' title="bbox 359 1633 2367 1726; baseline -0.003 -19"><span class='ocrx_word' id='word_1_115' title='bbox 359 1659 468 1707; x_wconf 89' lang='grc' dir='ltr'><strong><em>σιν</em></strong></span> <span class='ocrx_word' id='word_1_116' title='bbox 496 1638 632 1726; x_wconf 79' lang='grc' dir='ltr'><strong><em>ἅμα</em></strong></span> <span class='ocrx_word' id='word_1_117' title='bbox 666 1639 964 1724; x_wconf 82' lang='grc' dir='ltr'><strong><em>φύεσθαι</em></strong></span> <span class='ocrx_word' id='word_1_118' title='bbox 989 1639 1100 1707; x_wconf 84' lang='grc' dir='ltr'><strong><em>καὶ</em></strong></span> <span class='ocrx_word' id='word_1_119' title='bbox 1130 1642 1432 1707; x_wconf 86' lang='grc' dir='ltr'><strong><em>νεανικοί</em></strong></span> <span class='ocrx_word' id='word_1_120' title='bbox 1458 1661 1530 1705; x_wconf 89' lang='grc' dir='ltr'><strong><em>τε</em></strong></span> <span class='ocrx_word' id='word_1_121' title='bbox 1560 1636 1672 1704; x_wconf 84' lang='grc' dir='ltr'><strong><em>καὶ</em></strong></span> <span class='ocrx_word' id='word_1_122' title='bbox 1706 1642 2221 1722; x_wconf 67' lang='grc' dir='ltr'><strong><em>μεγαλοπρεπεῖς</em></strong></span> <span class='ocrx_word' id='word_1_123' title='bbox 2253 1633 2367 1715; x_wconf 79' lang='grc' dir='ltr'><strong><em>τὰς</em></strong></span> 
     </span>
     <span class='ocr_line' id='line_1_16' title="bbox 360 1730 2368 1823; baseline -0.001 -19"><span class='ocrx_word' id='word_1_124' title='bbox 360 1740 673 1823; x_wconf 79' lang='grc' dir='ltr'><strong><em>διανοίας,</em></strong></span> <span class='ocrx_word' id='word_1_125' title='bbox 694 1730 825 1803; x_wconf 86' lang='grc' dir='ltr'><strong><em>οἶοι</em></strong></span> <span class='ocrx_word' id='word_1_126' title='bbox 845 1742 1132 1822; x_wconf 84' lang='grc' dir='ltr'><strong><em>κοσμίως</em></strong></span> <span class='ocrx_word' id='word_1_127' title='bbox 1160 1732 1323 1822; x_wconf 77' lang='grc' dir='ltr'><strong><em>μετὰ</em></strong></span> <span class='ocrx_word' id='word_1_128' title='bbox 1347 1730 1621 1821; x_wconf 80' lang='grc' dir='ltr'><strong><em>ἡσυχίας</em></strong></span> <span class='ocrx_word' id='word_1_129' title='bbox 1642 1736 1752 1801; x_wconf 87' lang='grc' dir='ltr'><strong><em>καὶ</em></strong></span> <span class='ocrx_word' id='word_1_130' title='bbox 1772 1733 2197 1821; x_wconf 79' lang='grc' dir='ltr'><strong><em>βεβαιότητος</em></strong></span> <span class='ocrx_word' id='word_1_131' title='bbox 2214 1732 2368 1801; x_wconf 76' lang='grc' dir='ltr'><strong><em>ἐθέ-</em></strong></span> 
     </span>
     <span class='ocr_line' id='line_1_17' title="bbox 355 1827 2366 1921; baseline -0.001 -19"><span class='ocrx_word' id='word_1_132' title='bbox 355 1841 498 1903; x_wconf 88' lang='grc' dir='ltr'><strong><em>λειν</em></strong></span> <span class='ocrx_word' id='word_1_133' title='bbox 520 1839 661 1921; x_wconf 78' lang='grc' dir='ltr'><strong><em>ζῇν,</em></strong></span> <span class='ocrx_word' id='word_1_134' title='bbox 688 1829 836 1901; x_wconf 88' lang='grc' dir='ltr'><strong><em>ἀλλ’</em></strong></span> <span class='ocrx_word' id='word_1_135' title='bbox 862 1837 932 1900; x_wconf 77' lang='lat' dir='ltr'><strong><em>oc</em></strong></span> <span class='ocrx_word' id='word_1_136' title='bbox 959 1838 1249 1900; x_wconf 86' lang='grc' dir='ltr'><strong><em>τοιοῦτοι</em></strong></span> <span class='ocrx_word' id='word_1_137' title='bbox 1268 1828 1401 1899; x_wconf 76' lang='grc' dir='ltr'><strong><em>ὑπὸ</em></strong></span> <span class='ocrx_word' id='word_1_138' title='bbox 1426 1829 1740 1918; x_wconf 78' lang='grc' dir='ltr'><strong><em>ὀξύτητος</em></strong></span> <span class='ocrx_word' id='word_1_139' title='bbox 1774 1835 2093 1918; x_wconf 89' lang='grc' dir='ltr'><strong><em>φέρονται</em></strong></span> <span class='ocrx_word' id='word_1_140' title='bbox 2125 1831 2259 1921; x_wconf 77' lang='grc' dir='ltr'><strong><em>ὅπῃ</em></strong></span> <span class='ocrx_word' id='word_1_141' title='bbox 2279 1827 2366 1899; x_wconf 78' lang='grc' dir='ltr'><strong><em>ἀν</em></strong></span> 
     </span>
     <span class='ocr_line' id='line_1_18' title="bbox 353 1926 2363 2018; baseline 0 -20"><span class='ocrx_word' id='word_1_142' title='bbox 353 1931 622 2018; x_wconf 79' lang='grc' dir='ltr'><strong><em>τύχωσι,</em></strong></span> <span class='ocrx_word' id='word_1_143' title='bbox 665 1932 775 1999; x_wconf 87' lang='grc' dir='ltr'><strong><em>καὶ</em></strong></span> <span class='ocrx_word' id='word_1_144' title='bbox 813 1927 889 1997; x_wconf 82' lang='grc' dir='ltr'><strong><em>τὰ</em></strong></span> <span class='ocrx_word' id='word_1_145' title='bbox 934 1932 1206 2017; x_wconf 86' lang='grc' dir='ltr'><strong><em>βέβαιον</em></strong></span> <span class='ocrx_word' id='word_1_146' title='bbox 1248 1927 1430 1997; x_wconf 78' lang='grc' dir='ltr'><strong><em>ἅπαν</em></strong></span> <span class='ocrx_word' id='word_1_147' title='bbox 1468 1926 1696 1998; x_wconf 81' lang='grc' dir='ltr'><strong><em>αὐτῶν</em></strong></span> <span class='ocrx_word' id='word_1_148' title='bbox 1737 1931 2065 2016; x_wconf 70' lang='grc' dir='ltr'><strong><em>ἐξοίχεται.</em></strong></span> <span class='ocrx_word' id='word_1_149' title='bbox 2096 1926 2363 2015; x_wconf 78' lang='grc' dir='ltr'><strong><em>Ἀληθῆ,</em></strong></span> 
     </span>
     <span class='ocr_line' id='line_1_19' title="bbox 356 2019 2364 2116; baseline -0.001 -20"><span class='ocrx_word' id='word_1_150' title='bbox 356 2035 505 2116; x_wconf 84' lang='grc' dir='ltr'><strong><em>ἔφη,</em></strong></span> <span class='ocrx_word' id='word_1_151' title='bbox 529 2032 757 2114; x_wconf 89' lang='grc' dir='ltr'><strong><em>λέγεις.</em></strong></span> <span class='ocrx_word' id='word_1_152' title='bbox 808 2023 1083 2094; x_wconf 82' lang='grc' dir='ltr'><strong><em>Οὐκοῦν</em></strong></span> <span class='ocrx_word' id='word_1_153' title='bbox 1099 2023 1181 2094; x_wconf 76' lang='grc' dir='ltr'><strong><em>τά</em></strong></span> <span class='ocrx_word' id='word_1_154' title='bbox 1202 2029 1440 2114; x_wconf 91' lang='grc' dir='ltr'><strong><em>βέβαια</em></strong></span> <span class='ocrx_word' id='word_1_155' title='bbox 1464 2019 1554 2095; x_wconf 83' lang='grc' dir='ltr'><strong><em>αὖ</em></strong></span> <span class='ocrx_word' id='word_1_156' title='bbox 1569 2034 1777 2095; x_wconf 81' lang='grc' dir='ltr'><strong><em>ταῦτα</em></strong></span> <span class='ocrx_word' id='word_1_157' title='bbox 1797 2026 1936 2115; x_wconf 75' lang='grc' dir='ltr'><strong><em>ἤθη</em></strong></span> <span class='ocrx_word' id='word_1_158' title='bbox 1956 2029 2071 2096; x_wconf 81' lang='grc' dir='ltr'><strong><em>καὶ</em></strong></span> <span class='ocrx_word' id='word_1_159' title='bbox 2093 2025 2218 2096; x_wconf 82' lang='grc' dir='ltr'><strong><em>οὐκ</em></strong></span> <span class='ocrx_word' id='word_1_160' title='bbox 2250 2025 2364 2095; x_wconf 83' lang='grc' dir='ltr'><strong><em>εὐ-</em></strong></span> 
     </span>
    </p>

    <p class='ocr_par' dir='ltr' id='par_1_4' title="bbox 217 2119 2367 3483">
     <span class='ocr_line' id='line_1_20' title="bbox 291 2119 2355 2214; baseline 0 -19"><span class='ocrx_word' id='word_1_161' title='bbox 291 2158 335 2211; x_wconf 74' lang='lat'><strong><em>1)</em></strong></span> <span class='ocrx_word' id='word_1_162' title='bbox 356 2127 706 2214; x_wconf 88' lang='grc' dir='ltr'><strong><em>μετάβολα,</em></strong></span> <span class='ocrx_word' id='word_1_163' title='bbox 741 2119 837 2205; x_wconf 87' lang='grc' dir='ltr'><strong><em>οἷς</em></strong></span> <span class='ocrx_word' id='word_1_164' title='bbox 858 2124 946 2193; x_wconf 74' lang='grc' dir='ltr'><strong><em>ἄν</em></strong></span> <span class='ocrx_word' id='word_1_165' title='bbox 965 2151 1063 2204; x_wconf 89' lang='grc' dir='ltr'><strong><em>τις</em></strong></span> <span class='ocrx_word' id='word_1_166' title='bbox 1080 2132 1338 2212; x_wconf 85' lang='grc' dir='ltr'><strong><em>μᾶλλον</em></strong></span> <span class='ocrx_word' id='word_1_167' title='bbox 1374 2121 1464 2205; x_wconf 79' lang='grc' dir='ltr'><strong><em>ῶς</em></strong></span> <span class='ocrx_word' id='word_1_168' title='bbox 1497 2139 1749 2205; x_wconf 83' lang='grc' dir='ltr'><strong><em>πιστοῖς</em></strong></span> <span class='ocrx_word' id='word_1_169' title='bbox 1780 2125 2118 2213; x_wconf 89' lang='grc' dir='ltr'><strong><em>χρήσαιτο,</em></strong></span> <span class='ocrx_word' id='word_1_170' title='bbox 2149 2130 2259 2195; x_wconf 78' lang='grc' dir='ltr'><strong><em>καὶ</em></strong></span> <span class='ocrx_word' id='word_1_171' title='bbox 2291 2129 2355 2196; x_wconf 79' lang='grc' dir='ltr'><strong><em>ε’τ</em></strong></span> 
     </span>
     <span class='ocr_line' id='line_1_21' title="bbox 353 2220 2366 2315; baseline -0 -23"><span class='ocrx_word' id='word_1_172' title='bbox 353 2233 448 2315; x_wconf 72' lang='grc' dir='ltr'><strong><em>τῷ</em></strong></span> <span class='ocrx_word' id='word_1_173' title='bbox 467 2224 731 2313; x_wconf 73' lang='grc' dir='ltr'><strong><em>πολέμῳ</em></strong></span> <span class='ocrx_word' id='word_1_174' title='bbox 762 2220 928 2309; x_wconf 77' lang='grc' dir='ltr'><strong><em>πρὸς</em></strong></span> <span class='ocrx_word' id='word_1_175' title='bbox 961 2220 1122 2303; x_wconf 80' lang='grc' dir='ltr'><strong><em>τοὺς</em></strong></span> <span class='ocrx_word' id='word_1_176' title='bbox 1152 2223 1411 2311; x_wconf 86' lang='grc' dir='ltr'><strong><em>φόβους</em></strong></span> <span class='ocrx_word' id='word_1_177' title='bbox 1433 2229 1794 2311; x_wconf 81' lang='grc' dir='ltr'><strong><em>δυσκίνητα</em></strong></span> <span class='ocrx_word' id='word_1_178' title='bbox 1828 2224 2014 2309; x_wconf 75' lang='grc' dir='ltr'><strong><em>ὄντα,</em></strong></span> <span class='ocrx_word' id='word_1_179' title='bbox 2054 2222 2219 2311; x_wconf 85' lang='grc' dir='ltr'><strong><em>πρὸς</em></strong></span> <span class='ocrx_word' id='word_1_180' title='bbox 2252 2221 2366 2302; x_wconf 83' lang='grc' dir='ltr'><strong><em>τοὶς</em></strong></span> 
     </span>
     <span class='ocr_line' id='line_1_22' title="bbox 353 2313 2366 2424; baseline -0.002 -32"><span class='ocrx_word' id='word_1_181' title='bbox 353 2322 682 2409; x_wconf 78' lang='grc' dir='ltr'><strong><em>μαθήσεις</em></strong></span> <span class='ocrx_word' id='word_1_182' title='bbox 712 2315 803 2390; x_wconf 79' lang='grc' dir='ltr'><strong><em>αὖ</em></strong></span> <span class='ocrx_word' id='word_1_183' title='bbox 835 2335 1017 2390; x_wconf 84' lang='grc' dir='ltr'><strong><em>ποιεῖ</em></strong></span> <span class='ocrx_word' id='word_1_184' title='bbox 1043 2318 1314 2407; x_wconf 76' lang='grc' dir='ltr'><strong><em>ταύτόν,</em></strong></span> <span class='ocrx_word' id='word_1_185' title='bbox 1351 2313 1760 2424; x_wconf 67' lang='grc' dir='ltr'><strong><em>δυσκινήτως</em></strong></span> <span class='ocrx_word' id='word_1_186' title='bbox 1792 2327 1922 2409; x_wconf 81' lang='grc' dir='ltr'><strong><em>ἔχει</em></strong></span> <span class='ocrx_word' id='word_1_187' title='bbox 1963 2331 2074 2391; x_wconf 77' lang='grc' dir='ltr'><strong><em>καὶ</em></strong></span> <span class='ocrx_word' id='word_1_188' title='bbox 2109 2327 2366 2409; x_wconf 82' lang='grc' dir='ltr'><strong><em>δυσμα-</em></strong></span> 
     </span>
     <span class='ocr_line' id='line_1_23' title="bbox 354 2418 2365 2508; baseline -0 -19"><span class='ocrx_word' id='word_1_189' title='bbox 354 2426 500 2499; x_wconf 87' lang='grc' dir='ltr'><strong><em>θῶς</em></strong></span> <span class='ocrx_word' id='word_1_190' title='bbox 531 2418 756 2508; x_wconf 74' lang='grc' dir='ltr'><strong><em>ῶσπερ</em></strong></span> <span class='ocrx_word' id='word_1_191' title='bbox 792 2418 1420 2507; x_wconf 78' lang='grc' dir='ltr'><strong><em>ἀπονεναρκωμένα,</em></strong></span> <span class='ocrx_word' id='word_1_192' title='bbox 1458 2423 1574 2490; x_wconf 70' lang='grc' dir='ltr'><strong><em>καὶ</em></strong></span> <span class='ocrx_word' id='word_1_193' title='bbox 1609 2419 1834 2489; x_wconf 74' lang='grc' dir='ltr'><strong><em>ὕπνου</em></strong></span> <span class='ocrx_word' id='word_1_194' title='bbox 1866 2447 1936 2489; x_wconf 93' lang='grc' dir='ltr'><strong><em>τε</em></strong></span> <span class='ocrx_word' id='word_1_195' title='bbox 1973 2424 2083 2489; x_wconf 87' lang='grc' dir='ltr'><strong><em>καὶ</em></strong></span> <span class='ocrx_word' id='word_1_196' title='bbox 2112 2421 2365 2508; x_wconf 89' lang='grc' dir='ltr'><strong><em>χάσμης</em></strong></span> 
     </span>
     <span class='ocr_line' id='line_1_24' title="bbox 353 2503 2364 2606; baseline 0 -21"><span class='ocrx_word' id='word_1_197' title='bbox 353 2521 807 2604; x_wconf 75' lang='grc' dir='ltr'><strong><em>ἐμπίπλανται,</em></strong></span> <span class='ocrx_word' id='word_1_198' title='bbox 824 2516 988 2588; x_wconf 81' lang='grc' dir='ltr'><strong><em>ὅταν</em></strong></span> <span class='ocrx_word' id='word_1_199' title='bbox 998 2503 1061 2586; x_wconf 57' lang='grc' dir='ltr'><strong><em>τι</em></strong></span> <span class='ocrx_word' id='word_1_200' title='bbox 1084 2522 1200 2606; x_wconf 80' lang='grc' dir='ltr'><strong><em>δέῃ</em></strong></span> <span class='ocrx_word' id='word_1_201' title='bbox 1217 2526 1525 2587; x_wconf 81' lang='grc' dir='ltr'><strong><em>τοιοῦτον</em></strong></span> <span class='ocrx_word' id='word_1_202' title='bbox 1546 2523 1905 2589; x_wconf 86' lang='grc' dir='ltr'><strong><em>διαπονεῖν.</em></strong></span> <span class='ocrx_word' id='word_1_203' title='bbox 1934 2520 2121 2589; x_wconf 75' lang='grc' dir='ltr'><strong><em>’Ἐστι</em></strong></span> <span class='ocrx_word' id='word_1_204' title='bbox 2134 2527 2364 2602; x_wconf 83' lang='grc' dir='ltr'><strong><em>ταῦτα,</em></strong></span> 
     </span>
     <span class='ocr_line' id='line_1_25' title="bbox 354 2612 2364 2704; baseline 0.001 -21"><span class='ocrx_word' id='word_1_205' title='bbox 354 2620 503 2703; x_wconf 80' lang='grc' dir='ltr'><strong><em>ἔφη.</em></strong></span> <span class='ocrx_word' id='word_1_206' title='bbox 542 2613 759 2701; x_wconf 84' lang='grc' dir='ltr'><strong><em>Ἡμεῖς</em></strong></span> <span class='ocrx_word' id='word_1_207' title='bbox 782 2619 860 2684; x_wconf 84' lang='grc' dir='ltr'><strong><em>δέ</em></strong></span> <span class='ocrx_word' id='word_1_208' title='bbox 872 2614 938 2701; x_wconf 85' lang='grc' dir='ltr'><strong><em>γ’</em></strong></span> <span class='ocrx_word' id='word_1_209' title='bbox 970 2620 1222 2704; x_wconf 81' lang='grc' dir='ltr'><strong><em>ἔφαμεν</em></strong></span> <span class='ocrx_word' id='word_1_210' title='bbox 1244 2613 1639 2703; x_wconf 81' lang='grc' dir='ltr'><strong><em>ἀμφοτέρων</em></strong></span> <span class='ocrx_word' id='word_1_211' title='bbox 1662 2623 1803 2686; x_wconf 85' lang='grc' dir='ltr'><strong><em>δεῖν</em></strong></span> <span class='ocrx_word' id='word_1_212' title='bbox 1824 2612 1902 2686; x_wconf 82' lang='grc' dir='ltr'><strong><em>εὖ</em></strong></span> <span class='ocrx_word' id='word_1_213' title='bbox 1924 2644 1994 2687; x_wconf 87' lang='grc' dir='ltr'><strong><em>τε</em></strong></span> <span class='ocrx_word' id='word_1_214' title='bbox 2019 2620 2128 2686; x_wconf 81' lang='grc' dir='ltr'><strong><em>καὶ</em></strong></span> <span class='ocrx_word' id='word_1_215' title='bbox 2149 2626 2364 2697; x_wconf 85' lang='grc' dir='ltr'><strong><em>καλῶς</em></strong></span> 
     </span>
     <span class='ocr_line' id='line_1_26' title="bbox 356 2707 2364 2806; baseline 0 -24"><span class='ocrx_word' id='word_1_216' title='bbox 356 2715 670 2801; x_wconf 84' lang='grc' dir='ltr'><strong><em>μετέχειν,</em></strong></span> <span class='ocrx_word' id='word_1_217' title='bbox 705 2707 748 2798; x_wconf 81' lang='grc' dir='ltr'><em>ἢ</em></span> <span class='ocrx_word' id='word_1_218' title='bbox 785 2713 947 2799; x_wconf 88' lang='grc' dir='ltr'><strong><em>μήτε</em></strong></span> <span class='ocrx_word' id='word_1_219' title='bbox 990 2719 1286 2806; x_wconf 77' lang='grc' dir='ltr'><strong><em>παιδείας</em></strong></span> <span class='ocrx_word' id='word_1_220' title='bbox 1328 2721 1443 2801; x_wconf 82' lang='grc' dir='ltr'><strong><em>τῆς</em></strong></span> <span class='ocrx_word' id='word_1_221' title='bbox 1483 2713 1954 2804; x_wconf 84' lang='grc' dir='ltr'><strong><em>ἀκριβεστάτης</em></strong></span> <span class='ocrx_word' id='word_1_222' title='bbox 1997 2722 2136 2784; x_wconf 87' lang='grc' dir='ltr'><strong><em>δεῖν</em></strong></span> <span class='ocrx_word' id='word_1_223' title='bbox 2183 2711 2364 2804; x_wconf 75' lang='grc' dir='ltr'><strong><em>αὐτῷ</em></strong></span> 
     </span>
     <span class='ocr_line' id='line_1_27' title="bbox 355 2807 2363 2900; baseline -0 -21"><span class='ocrx_word' id='word_1_224' title='bbox 355 2811 781 2895; x_wconf 87' lang='grc' dir='ltr'><strong><em>μεταδιδόναι</em></strong></span> <span class='ocrx_word' id='word_1_225' title='bbox 827 2810 990 2898; x_wconf 89' lang='grc' dir='ltr'><strong><em>μήτε</em></strong></span> <span class='ocrx_word' id='word_1_226' title='bbox 1032 2820 1221 2897; x_wconf 79' lang='grc' dir='ltr'><strong><em>τιμῆς</em></strong></span> <span class='ocrx_word' id='word_1_227' title='bbox 1264 2812 1427 2898; x_wconf 89' lang='grc' dir='ltr'><strong><em>μήτε</em></strong></span> <span class='ocrx_word' id='word_1_228' title='bbox 1470 2810 1689 2900; x_wconf 82' lang='grc' dir='ltr'><strong><em>ἀρχῆς.</em></strong></span> <span class='ocrx_word' id='word_1_229' title='bbox 1755 2811 2034 2899; x_wconf 87' lang='grc' dir='ltr'><strong><em>Ὀρθῶς,</em></strong></span> <span class='ocrx_word' id='word_1_230' title='bbox 2075 2807 2119 2899; x_wconf 80' lang='grc' dir='ltr'><strong><em>ἦ</em></strong></span> <span class='ocrx_word' id='word_1_231' title='bbox 2162 2811 2227 2881; x_wconf 88' lang='grc' dir='ltr'><strong><em>δ’</em></strong></span> <span class='ocrx_word' id='word_1_232' title='bbox 2270 2810 2363 2892; x_wconf 82' lang='grc' dir='ltr'><strong><em>ὅς.</em></strong></span> 
     </span>
     <span class='ocr_line' id='line_1_28' title="bbox 281 2904 2366 2993; baseline 0 -15"><span class='ocrx_word' id='word_1_233' title='bbox 281 2928 323 2978; x_wconf 83' lang='grc' dir='ltr'><strong>Ε</strong></span> <span class='ocrx_word' id='word_1_234' title='bbox 358 2904 632 2976; x_wconf 80' lang='grc' dir='ltr'><strong><em>Οὐκοῦν</em></strong></span> <span class='ocrx_word' id='word_1_235' title='bbox 656 2907 944 2976; x_wconf 88' lang='grc' dir='ltr'><strong><em>σπάνιον</em></strong></span> <span class='ocrx_word' id='word_1_236' title='bbox 965 2905 1131 2976; x_wconf 80' lang='grc' dir='ltr'><strong><em>αὐτὰ</em></strong></span> <span class='ocrx_word' id='word_1_237' title='bbox 1170 2917 1294 2976; x_wconf 75' lang='grc' dir='ltr'><strong><em>οἴει</em></strong></span> <span class='ocrx_word' id='word_1_238' title='bbox 1326 2914 1627 2989; x_wconf 81' lang='grc' dir='ltr'><strong><em>ἔσεσθαι;</em></strong></span> <span class='ocrx_word' id='word_1_239' title='bbox 1670 2917 1827 2990; x_wconf 89' lang='grc' dir='ltr'><strong><em>Πῶς</em></strong></span> <span class='ocrx_word' id='word_1_240' title='bbox 1868 2907 1941 2979; x_wconf 89' lang='grc' dir='ltr'><strong><em>δ’</em></strong></span> <span class='ocrx_word' id='word_1_241' title='bbox 1979 2908 2096 2993; x_wconf 70' lang='grc' dir='ltr'><strong><em>οὕς</em></strong></span> <span class='ocrx_word' id='word_1_242' title='bbox 2138 2919 2366 2981; x_wconf 85' lang='grc' dir='ltr'><strong><em>Βασα-</em></strong></span> 
     </span>
     <span class='ocr_line' id='line_1_29' title="bbox 291 3000 2366 3100; baseline 0.003 -29"><span class='ocrx_word' id='word_1_243' title='bbox 291 3094 296 3100; x_wconf 25' lang='grc'><strong><em>’</em></strong></span> <span class='ocrx_word' id='word_1_244' title='bbox 352 3007 616 3073; x_wconf 85' lang='grc' dir='ltr'><strong><em>νιστέον</em></strong></span> <span class='ocrx_word' id='word_1_245' title='bbox 639 3003 719 3091; x_wconf 81' lang='grc' dir='ltr'><strong><em>δὴ</em></strong></span> <span class='ocrx_word' id='word_1_246' title='bbox 750 3010 826 3073; x_wconf 80' lang='grc' dir='ltr'><strong><em>ἔν</em></strong></span> <span class='ocrx_word' id='word_1_247' title='bbox 847 3032 917 3073; x_wconf 89' lang='grc' dir='ltr'><strong><em>τε</em></strong></span> <span class='ocrx_word' id='word_1_248' title='bbox 950 3000 1050 3085; x_wconf 86' lang='grc' dir='ltr'><strong><em>οἷς</em></strong></span> <span class='ocrx_word' id='word_1_249' title='bbox 1080 3007 1229 3074; x_wconf 89' lang='grc' dir='ltr'><strong><em>τότε</em></strong></span> <span class='ocrx_word' id='word_1_250' title='bbox 1265 3009 1575 3093; x_wconf 79' lang='grc' dir='ltr'><strong><em>ἐλέγομεν</em></strong></span> <span class='ocrx_word' id='word_1_251' title='bbox 1608 3008 1839 3089; x_wconf 84' lang='grc' dir='ltr'><strong><em>πόνοις</em></strong></span> <span class='ocrx_word' id='word_1_252' title='bbox 1870 3034 1940 3076; x_wconf 86' lang='grc' dir='ltr'><strong><em>τε</em></strong></span> <span class='ocrx_word' id='word_1_253' title='bbox 1978 3011 2090 3077; x_wconf 83' lang='grc' dir='ltr'><strong><em>καὶ</em></strong></span> <span class='ocrx_word' id='word_1_254' title='bbox 2125 3008 2366 3096; x_wconf 85' lang='grc' dir='ltr'><strong><em>φόβοις</em></strong></span> 
     </span>
     <span class='ocr_line' id='line_1_30' title="bbox 352 3098 2367 3192; baseline 0.002 -24"><span class='ocrx_word' id='word_1_255' title='bbox 352 3102 463 3169; x_wconf 85' lang='grc' dir='ltr'><strong><em>καὶ</em></strong></span> <span class='ocrx_word' id='word_1_256' title='bbox 482 3098 772 3187; x_wconf 77' lang='grc' dir='ltr'><strong><em>ἡδοναῖς,</em></strong></span> <span class='ocrx_word' id='word_1_257' title='bbox 797 3105 910 3171; x_wconf 85' lang='grc' dir='ltr'><strong><em>καὶ</em></strong></span> <span class='ocrx_word' id='word_1_258' title='bbox 934 3109 1028 3172; x_wconf 80' lang='grc' dir='ltr'><strong><em>ἔτι</em></strong></span> <span class='ocrx_word' id='word_1_259' title='bbox 1052 3103 1131 3190; x_wconf 85' lang='grc' dir='ltr'><strong><em>δὴ</em></strong></span> <span class='ocrx_word' id='word_1_260' title='bbox 1160 3099 1202 3170; x_wconf 68' lang='grc' dir='ltr'><strong><em>δ’</em></strong></span> <span class='ocrx_word' id='word_1_261' title='bbox 1229 3104 1378 3171; x_wconf 90' lang='grc' dir='ltr'><strong><em>τότε</em></strong></span> <span class='ocrx_word' id='word_1_262' title='bbox 1413 3120 1730 3192; x_wconf 86' lang='grc' dir='ltr'><strong><em>παρεῖμεν</em></strong></span> <span class='ocrx_word' id='word_1_263' title='bbox 1763 3114 1894 3174; x_wconf 86' lang='grc' dir='ltr'><strong><em>νῦν</em></strong></span> <span class='ocrx_word' id='word_1_264' title='bbox 1924 3107 2225 3192; x_wconf 84' lang='grc' dir='ltr'><strong><em>λέγομεν,</em></strong></span> <span class='ocrx_word' id='word_1_265' title='bbox 2263 3104 2367 3174; x_wconf 80' lang='grc' dir='ltr'><strong><em>ὅτι</em></strong></span> 
     </span>
     <span class='ocr_line' id='line_1_31' title="bbox 351 3198 2367 3290; baseline 0.004 -25"><span class='ocrx_word' id='word_1_266' title='bbox 351 3198 462 3266; x_wconf 82' lang='grc' dir='ltr'><strong><em>καὶ</em></strong></span> <span class='ocrx_word' id='word_1_267' title='bbox 505 3200 579 3267; x_wconf 79' lang='grc' dir='ltr'><strong><em>ἐν</em></strong></span> <span class='ocrx_word' id='word_1_268' title='bbox 615 3199 964 3287; x_wconf 81' lang='grc' dir='ltr'><strong><em>μαθήμασι</em></strong></span> <span class='ocrx_word' id='word_1_269' title='bbox 1006 3209 1271 3281; x_wconf 84' lang='grc' dir='ltr'><strong><em>πολλοῖς</em></strong></span> <span class='ocrx_word' id='word_1_270' title='bbox 1303 3202 1660 3289; x_wconf 76' lang='grc' dir='ltr'><strong><em>γυμνάζειν</em></strong></span> <span class='ocrx_word' id='word_1_271' title='bbox 1697 3208 1802 3273; x_wconf 85' lang='grc' dir='ltr'><strong><em>δεῖ</em></strong></span> <span class='ocrx_word' id='word_1_272' title='bbox 1831 3212 2265 3290; x_wconf 81' lang='grc' dir='ltr'><strong><em>σκοποῦντας,</em></strong></span> <span class='ocrx_word' id='word_1_273' title='bbox 2303 3210 2367 3273; x_wconf 84' lang='grc' dir='ltr'><strong><em>εί</em></strong></span> 
     </span>
     <span class='ocr_line' id='line_1_32' title="bbox 349 3293 2363 3388; baseline 0.004 -26"><span class='ocrx_word' id='word_1_274' title='bbox 349 3296 459 3363; x_wconf 81' lang='grc' dir='ltr'><strong><em>καὶ</em></strong></span> <span class='ocrx_word' id='word_1_275' title='bbox 477 3293 559 3363; x_wconf 74' lang='grc' dir='ltr'><strong><em>τά</em></strong></span> <span class='ocrx_word' id='word_1_276' title='bbox 578 3299 848 3383; x_wconf 86' lang='grc' dir='ltr'><strong><em>μέγιστα</em></strong></span> <span class='ocrx_word' id='word_1_277' title='bbox 871 3300 1229 3385; x_wconf 85' lang='grc' dir='ltr'><strong><em>μαθήματα</em></strong></span> <span class='ocrx_word' id='word_1_278' title='bbox 1261 3300 1511 3387; x_wconf 82' lang='grc' dir='ltr'><strong><em>δυνατὴ</em></strong></span> <span class='ocrx_word' id='word_1_279' title='bbox 1534 3304 1714 3369; x_wconf 73' lang='grc' dir='ltr'><strong><em>ἔσται</em></strong></span> <span class='ocrx_word' id='word_1_280' title='bbox 1748 3304 2063 3388; x_wconf 81' lang='grc' dir='ltr'><strong><em>ἐνεγκεῖν,</em></strong></span> <span class='ocrx_word' id='word_1_281' title='bbox 2089 3311 2217 3370; x_wconf 71' lang='grc' dir='ltr'><strong><em>εἴτε</em></strong></span> <span class='ocrx_word' id='word_1_282' title='bbox 2250 3303 2363 3371; x_wconf 79' lang='grc' dir='ltr'><strong><em>καὶ</em></strong></span> 
     </span>
     <span class='ocr_line' id='line_1_33' title="bbox 217 3389 2357 3483; baseline 0.004 -23"><span class='ocrx_word' id='word_1_283' title='bbox 217 3428 319 3483; x_wconf 73' lang='lat'><strong><em>⁶04</em></strong></span> <span class='ocrx_word' id='word_1_284' title='bbox 352 3389 812 3482; x_wconf 84' lang='grc' dir='ltr'><strong><em>ἀποδειλιάσει,</em></strong></span> <span class='ocrx_word' id='word_1_285' title='bbox 858 3394 1081 3483; x_wconf 78' lang='grc' dir='ltr'><strong><em>ῶσπερ</em></strong></span> <span class='ocrx_word' id='word_1_286' title='bbox 1139 3401 1209 3465; x_wconf 77' lang='grc' dir='ltr'><strong><em>οἱ</em></strong></span> <span class='ocrx_word' id='word_1_287' title='bbox 1255 3400 1330 3465; x_wconf 79' lang='grc' dir='ltr'><strong><em>ἐν</em></strong></span> <span class='ocrx_word' id='word_1_288' title='bbox 1371 3411 1509 3478; x_wconf 83' lang='grc' dir='ltr'><strong><em>τοῖς</em></strong></span> <span class='ocrx_word' id='word_1_289' title='bbox 1559 3397 1797 3479; x_wconf 72' lang='grc' dir='ltr'><strong><em>ἄθλοις</em></strong></span> <span class='ocrx_word' id='word_1_290' title='bbox 1836 3397 2357 3480; x_wconf 69' lang='grc' dir='ltr'><strong><em>ἀποδειλιῶντες.</em></strong></span> 
     </span>
    </p>
   </div>
  </div>
 </body>
</html>
