2602 3928
826 226 833 233 ’
885 225 1474 284 ΠΟΛΙΤΕΙΑΣ
1498 218 1560 284 ε’.
2128 228 2246 297 161

232 373 461 455 ἄλλων
488 387 741 470 ἐκείνης
758 387 1025 471 μετέχῃς
1053 381 1308 467 Οὕτως,
1333 388 1493 470 ἔφη·
1522 384 1971 475 ἀγαπήσομεν.
2014 397 2249 474 Παρα-

236 480 647 568 δεύγματος”
600 507 732 568 αρα
751 483 970 566 ἕνεκα,
989 473 1078 568 ἦν
1097 479 1163 548 δ’
1188 481 1341 568 ἐγω,
1354 485 1707 569 ἐζητοῦμεν
1727 482 1894 553 αὐτό
1914 512 1984 554 τε
1999 491 2251 558 δικαιο-

236 579 453 665 σύνην
471 572 625 647 οἷόν
645 582 802 666 ἐστι,
826 583 939 646 καὶ
959 578 1177 665 ἄνδρα
1199 578 1323 648 τὸν
1345 584 1579 660 τελέως
1611 585 1870 655 δίκαιον
1901 589 1964 653 εἰ
1989 587 2248 671 γένοιτο

232 680 344 745 καὶ
364 671 572 757 οἷος”
526 704 614 744 αν
640 687 739 763 εἴη
760 676 1139 764 γενόμενος,
1163 681 1274 745 καὶ
1295 674 1560 747 ἀδικίαν
1588 671 1680 746 αὖ
1706 682 1818 751 καὶ
1852 679 1970 748 τὸν
2002 679 2253 749 ἀδικεό-

233 800 456 859 τατον,
479 779 592 843 ἵνα
626 781 719 855 εἰς
753 778 1049 854 ἐκείνους
1080 773 1589 862 ἀποβλέποντες,
1620 771 1751 845 οἷοι
1778 772 1865 846 ἀν
1898 775 2058 864 ἡμῖν
2090 785 2252 865 ,φαί-

233 898 481 943 νωνται
501 870 924 959 εὐδαιμονίας
949 897 1020 940 τε
1041 876 1192 957 πέρι
1212 875 1324 943 καὶ
1355 880 1476 942 τοῦ
1510 878 1840 962 ἐναντίου,
1862 872 2253 963 ἀναγκαζώ-

232 982 413 1057 μεθα
435 972 546 1040 καὶ
565 974 719 1056 περὶ
745 969 938 1059 ἡμῶν
960 968 1188 1040 αὐτῶν
1207 967 1580 1059 ὁμολογεῖν,
1605 969 1677 1053 ὃς
1712 971 1799 1042 ἀν
1831 979 2106 1053 ἐκείνοις
2128 972 2169 1042 ὅ
2186 1000 2252 1042 τι
2288 995 2328 1044 D

231 1066 617 1156 ὁμοιότατος
635 1061 703 1158 ᾖ,
735 1068 860 1156 τὴν
882 1072 1157 1147 ἐκείνοις
1175 1083 1418 1155 μοῖραν
1447 1068 1846 1159 ὁμοιοτάτην
1876 1073 2065 1157 ἕξειν,
2093 1069 2245 1141 ἀλλ’

234 1164 322 1233 οὐ
343 1167 587 1236 τούτου
609 1169 826 1253 ἕνεκα,
848 1164 941 1234 ἵν’
979 1164 1428 1252 ἀποδείξωμεν
1471 1164 1562 1248 ὥς
1600 1168 1853 1238 δυνατὰ
1886 1177 2095 1237 ταῦτα
2144 1175 2251 1256 γί-

235 1272 537 1350 γνεσθαι.
592 1272 804 1333 Τοῦτο
846 1267 990 1350 μέν,
1032 1267 1182 1350 ἔφη,
1230 1261 1478 1349 ἀληθὲς
1520 1269 1748 1352 λέγεις.
1794 1275 1939 1337 Οἴει
1991 1261 2079 1335 ἀν
2123 1258 2252 1335 οὖν

228 1352 432 1447 ἧττόν
470 1389 534 1429 τι
575 1360 844 1447 ἀγαθὸν
882 1359 1238 1447 ζωγράφον
1280 1359 1467 1447 εἶναι,
1512 1359 1586 1441 ὃς
1627 1356 1715 1430 ἀν
1729 1363 1990 1449 γράψας
2032 1360 2252 1450 παρά-

231 1464 486 1546 δενγμα,
512 1454 658 1528 οἷον
680 1454 767 1529 ἂν
789 1468 889 1546 εἴη
914 1457 950 1526 ὁ
984 1458 1335 1538 κάλλιστος
1353 1459 1737 1548 ἄνθρωπος,
1773 1463 1884 1531 καὶ
1921 1461 2135 1530 πάντα
2159 1467 2250 1540 εἰς

229 1551 304 1622 τὸ
330 1554 601 1640 γράμμα
632 1558 878 1634 ἱκανῶς
901 1551 1198 1634 ἀποδοὺς
1216 1552 1308 1641 μὴ
1333 1561 1445 1643 ἔχῃ
1475 1552 1832 1642 ἀποδεῖξαι,
1866 1553 1952 1635 ὡς
1988 1559 2100 1627 καὶ
2122 1562 2248 1626 δυ-

229 1649 436 1719 νατόν
477 1655 795 1736 γενέσθαι
845 1662 1154 1721 τοιοῦτον
1205 1652 1461 1737 ἀνδρα,
1507 1649 1631 1719 Μά
1679 1650 1791 1721 Δί’
1843 1651 1970 1721 οὐκ
2017 1652 2244 1740 ἔγωγ’,

230 1752 381 1835 ἔφη.
435 1756 518 1818 Τί
532 1743 691 1829 adm
715 1748 797 1817 οὐ
821 1753 932 1819 καὶ
952 1748 1162 1836 ἡμεῖς,
1187 1754 1429 1836 φαμέν,
1452 1750 1868 1835 παράδειγμα
1890 1752 2246 1836 ἐποιοῦμεν
2278 1774 2318 1822 Ε

231 1848 411 1934 λόγω
434 1842 695 1933 ἀγαθης
716 1846 1003 1929 πόλεως,
1038 1847 1237 1916 Πάνυ
1268 1874 1364 1932 γε.
1409 1838 1649 1914 Ηττόν
1681 1872 1745 1913 τι
1772 1838 1899 1913 οὖν
1923 1856 2047 1915 οἴει
2078 1843 2251 1935 ἡμᾶς

234 1936 315 2012 εὖ
338 1945 552 2031 λέγειν
574 1944 822 2014 τούτου
844 1947 1062 2033 ἕνεκα,
1091 1943 1210 2015 ἐὰν
1242 1974 1332 2034 μη
1359 1951 1609 2033 ἔχωμεν
1630 1942 1986 2030 ἀποδεῖξαι,
2014 1972 2101 2024 ως
2123 1949 2250 2013 δυ·-

228 2039 439 2111 νατὸν
460 2043 634 2114 οὕτω
659 2045 856 2113 πόλιν
881 2049 1142 2131 οἰκῆσαι
1165 2070 1254 2123 ως
1275 2045 1567 2130 ἐλέγετο;
1615 2040 1719 2111 Οὐ
1743 2046 1929 2129 δῆτα,
1956 2049 2102 2130 ἔφη.
2157 2042 2247 2112 T6

224 2141 353 2226 μὲν
375 2147 606 2209 τοίνυν
634 2140 898 2227 ἀληθές,
931 2134 1018 2227 ἦν
1042 2141 1105 2209 δ’
1135 2142 1287 2227 ἐγώ,
1314 2139 1524 2220 οὕτως
1541 2166 1555 2180 ·
1600 2147 1662 2210 εί
1693 2143 1765 2208 δὲ
1792 2138 1872 2227 δὴ
1901 2144 2011 2209 καὶ
2050 2150 2247 2210 τοῦτο

229 2245 762 2325 προθυμηθῆναι
782 2242 886 2306 δεῖ
906 2238 1034 2324 σὴν
1052 2241 1274 2325 χάριν,
1298 2238 1659 2324 ἀποδεῖξαι,
1692 2246 1784 2326 πῇ
1818 2240 2100 2325 μάλιστα
2132 2242 2245 2308 καὶ

224 2335 396 2404 κατὰ
420 2343 489 2405 τί
505 2332 910 2404 δυνατώτατ’
950 2330 1039 2404 ἀν
1072 2347 1197 2424 εῖη,
1221 2336 1423 2405 πάλιν
1441 2363 1555 2423 μοι
1586 2333 1754 2419 πρὸς
1785 2334 1909 2422 τὴν
1930 2338 2245 2424 τοιαύτην

227 2431 570 2514 ἀπόδειξιν
590 2430 671 2501 τὰ
692 2431 859 2501 αὐτοὶ
886 2433 1377 2521 διομολόγησαι.
1423 2433 1518 2501 To}
1541 2447 1729 2516 ποῖα;
1761 2425 1903 2517 Ἆρ’
1927 2430 2075 2504 οἶόν
2095 2438 2169 2502 τέ
2185 2462 2249 2504 τι

226 2539 611 2618 πραχθῆναι
632 2527 721 2611 ὥς
740 2533 1019 2620 λέγεται,
1044 2527 1088 2618 ἢ
1110 2532 1323 2618 φύσιν
1347 2539 1475 2618 ἔχει
1507 2535 1751 2618 πρᾶξιν
1783 2536 2016 2612 λέξεως
2047 2523 2252 2619 ἦττον
2282 2555 2386 2611 473

230 2630 549 2718 ἀληθείας
575 2628 1012 2717 ἐφάπτεσθαι,
1035 2624 1169 2698 κάν
1193 2635 1255 2698 εἰ
1282 2630 1375 2716 μη’
1408 2654 1499 2719 τφ
1522 2634 1722 2714 δοκεῖ,
1749 2627 1914 2698 ἀλλὰ
1939 2628 2028 2697 σὺ
2047 2631 2247 2699 πότε·-

232 2756 359 2814 ρον
384 2727 727 2816 ὁμολογεῖς
748 2727 960 2808 οὕτως
979 2724 1026 2815 ἦ
1045 2727 1163 2811 οὔ,
1146 2759 1162 2773 ·
1195 2726 1559 2817 Ὁμολογεῖ,
1582 2732 1730 2816 ἔφη.
1781 2735 1996 2798 Τοῦτο
2017 2729 2141 2816 μὲν
2162 2726 2243 2817 δὴ

227 2854 320 2913 μη
347 2825 674 2913 ἀνάγκαζέ
690 2853 793 2913 με,
815 2822 920 2897 οἶα
943 2853 1033 2915 τω
1057 2827 1234 2916 λόγω
1270 2824 1657 2914 διήλθομεν,
1684 2833 1958 2894 τοιαῦτα
1988 2827 2247 2896 παντά-

229 2945 394 2993 πασι
413 2928 522 2998 καὶ
545 2932 640 3016 τῷ
668 2929 838 3014 ἔργω
864 2930 1006 2993 δεῖν
1038 2924 1404 3011 γιγνόμενα
1437 2920 1867 3010 ἀποφαίνειν·
1915 2920 2090 3008 ἀλλ’,
2125 2923 2247 2993 ἐὰν

227 3017 446 3091 οἷοίτε
468 3022 823 3109 γενώμεθα
846 3018 1089 3108 εὑρεῖν,
1118 3048 1205 3100 ως
1228 3048 1318 3087 αν
1353 3018 1677 3106 ἐγγύτατα
1706 3048 1845 3090 των
1876 3023 2243 3108 εἰρημένων

222 3122 417 3206 πόλις
435 3122 787 3207 οἰκήσειεν,
804 3122 1017 3209 φάναι
1026 3146 1200 3208 ημας
1212 3118 1716 3208 ἐξευρηκέναι,’
1669 3147 1757 3200 ως
1770 3117 2023 3189 δυνατὰ
2035 3129 2243 3188 ταῦτα

221 3225 600 3307 γίγνεσθαι,
623 3215 669 3285 ὁὶ
693 3216 780 3285 σύ
804 3218 1173 3297 ἐπιτάττεις.
1199 3213 1245 3302 ἦ
1268 3216 1394 3285 οὐκ
1416 3217 1777 3305 ἀγαπήσεις
1797 3219 2056 3286 τούτων
2074 3244 2243 3304 τυγ-
2279 3241 2318 3290 Β

222 3317 486 3405 χάνων,
533 3314 661 3401 ἐγώ
692 3318 815 3402 μὲν
842 3315 972 3405 γάρ
997 3312 1085 3385 ἀν
1119 3312 1459 3402 ἀγαπῴην.
1504 3318 1639 3384 Καὶ
1658 3315 1787 3401 γὰρ
1811 3316 1961 3401 ἐγώ,
1991 3320 2136 3400 ἔφη.

391 3419 604 3482 XVIII.
670 3412 760 3482 T6
806 3413 879 3483 δὲ
921 3414 1003 3501 δὴ
1045 3410 1208 3500 μετὰ
1239 3422 1457 3498 τοῦτο,
1498 3410 1587 3494 ὥς
1618 3417 1822 3498 ἔοικε,
1861 3409 2247 3495 πειρώμεθα

312 3511 497 3565 ΡιΑτο
527 3510 625 3565 Ν.
1873 3509 1933 3559 ll
