2602 3928
212 244 279 300 ⁷7
1024 211 1476 297 ΊἿΜΑΙΟΣ.
2097 239 2226 303 395
2341 258 2355 272 ·

211 395 319 466 διὰ
363 404 497 464 τῶν
538 402 828 483 φλεβῶν,
866 398 1050 476 τάξιν
1081 403 1220 464 τῶν
1255 394 1426 464 κατὰ
1456 398 1668 485 φύσιν
1701 398 1921 467 οὐκέτ’
1956 410 2224 486 ἴσχοντα

208 493 561 581 περιόδων,
588 492 792 582 ἐχθρὰ
828 493 949 580 μὲν
983 491 1152 562 αὐτὰ
1187 490 1412 574 αὐτοῖς
1447 494 1552 563 διὰ
1584 495 1659 563 τὸ
1694 500 2021 582 μηδεμίαν
2052 495 2225 564 ἀπό-

208 602 448 660 λαυσιν
479 592 735 660 ἑαυτῶν
768 597 960 676 ἔχειν,
998 600 1096 682 τῷ
1132 596 1489 672 ξυνεστῶτι
1526 592 1598 661 δὲ
1629 599 1755 660 τοῦ
1786 593 2085 679 σώματος
2116 597 2226 663 καὶ

206 693 476 775 μένοντι
493 688 661 756 κατὰ
704 688 930 774 χώραν
987 695 1287 775 πολέμια,
1343 691 1701 758 διολλύντα
1757 693 1868 759 καὶ
1917 691 2221 777 τήκοντα.

206 787 374 855 ὅσον
393 786 519 873 μὲν
540 779 669 854 οὖν
689 781 777 854 ἂν
797 786 1239 856 παλαιότατον
1261 783 1346 855 ὂν
1365 794 1482 873 τῆς
1502 789 1750 873 σαρκὸς
1769 795 1959 876 τακῇ,
1976 788 2221 856 δύσπε-

207 907 377 954 πτον
409 885 813 971 γιγνόμενον
831 891 1124 972 μελαίνει
1143 889 1266 972 μὲν
1299 882 1432 954 ὑπὸ
1469 893 1751 966 παλαιάς
1781 888 2224 974 ξυγκαύσεως,

209 982 319 1051 διὰ
342 980 417 1051 δὲ
432 980 509 1050 τὸ
530 980 743 1067 πάντη
781 986 1280 1069 διαβεβρῶσθαι
1312 981 1560 1069 πικρὸν
1591 977 1674 1051 ὂν
1708 987 1904 1054 παντὶ
1935 993 2225 1069 χαλεπον

208 1086 601 1165 προσπίπτει
618 1085 742 1147 τοῦ
763 1079 1085 1165 σώματος,
1108 1077 1274 1147 ὅσον
1307 1079 1395 1147 ἄν
1415 1080 1612 1166 μήπω
1636 1085 2137 1169 διεφθαρμένον
2154 1073 2222 1169 ᾖ,
2262 1100 2305 1151 Β

208 1182 320 1247 καὶ
352 1175 499 1246 τοτὲ
530 1176 652 1263 μὲν
684 1173 832 1245 ἀντὶ
860 1183 975 1263 τῆς
1007 1177 1401 1263 πικρότητος
1437 1174 1719 1265 ὀξύτητα
1743 1186 1888 1266 ἔσχε
1910 1178 1987 1248 τὸ
2014 1182 2222 1266 μέλαν

208 1282 459 1362 χρῶμα,
482 1273 1106 1353 άπολεπτυνθέντος
1135 1282 1393 1360 μᾶλλον
1425 1282 1548 1343 τοῦ
1580 1285 1825 1360 πικροῦ
1840 1303 1853 1317 ·
1897 1277 2041 1345 τοτὲ
2077 1280 2150 1345 δὲ
2182 1273 2223 1362 ἡ

209 1372 522 1460 πικρότης
555 1364 645 1439 αὖ
681 1379 968 1459 βαφεῖσα
1001 1375 1226 1457 αἵματι
1248 1380 1480 1459 χρῶμα
1513 1377 1704 1458 ἔσχεν
1735 1371 2225 1459 έρυθρῶτερον,

208 1478 332 1538 τοῦ
353 1469 426 1537 δὲ
447 1472 727 1556 μέλανος
760 1470 979 1558 τούτῳ
1014 1472 1639 1556 ξυγκεραννυμένου
1671 1474 1987 1556 χολῶδες·
2031 1474 2125 1538 ἔτι
2156 1468 2229 1538 δὲ

210 1573 649 1653 ξυμμίγνυται
677 1564 935 1647 ξανθὸν
976 1574 1206 1653 χρῶμα
1248 1565 1409 1653 μετὰ
1443 1574 1560 1653 τῆς
1602 1567 2013 1655 πικρότητος,
2066 1566 2228 1634 ὅταν

138 1687 143 1691 ·
210 1668 330 1732 νέα
353 1669 640 1754 ξυντακῇ
663 1663 826 1751 σὰρξ
849 1662 982 1733 ὑπὸ
1008 1674 1132 1733 τοῦ
1164 1667 1317 1749 περὶ
1340 1667 1464 1751 τὴν
1488 1668 1708 1751 φλόγα
1730 1663 1960 1748 πυρός.
2008 1667 2119 1732 καὶ
2150 1663 2222 1732 τὰ

207 1765 333 1851 μὲν
353 1762 587 1832 κοινὸν
608 1761 820 1849 ὄνομα
853 1771 1015 1831 πᾶσι
1033 1763 1293 1841 τούτοις
1313 1760 1361 1849 η’
1380 1787 1552 1841 τινες
1573 1767 1823 1848 ἰατρῶν
1856 1787 1989 1830 που
2025 1759 2231 1848 χολὴν
2267 1786 2306 1838 c

209 1864 654 1949 ἐπωνόμασαν
679 1859 726 1948 ἦ
744 1868 863 1930 καί
881 1887 977 1941 τις
999 1858 1053 1929 ῶ
1059 1889 1099 1929 ν
1133 1860 1416 1939 δυνατὸς
1439 1867 1530 1939 εἰς
1551 1862 1764 1929 πολλοὶ
1787 1860 1912 1946 μὲν
1931 1863 2042 1929 καὶ
2064 1859 2230 1928 άνό-

210 1991 367 2052 μοια
392 1964 681 2053 βλέπειν,
714 1956 888 2050 ὁρᾷν
908 1959 981 2029 δὲ
998 1963 1072 2028 ἐν
1092 1959 1317 2039 αὐτοῖς
1340 1962 1416 2028 ἓν
1437 1960 1630 2046 γένος
1654 1958 1812 2028 ένὸν
1843 1958 2030 2039 ἄξιον
2055 1962 2228 2027 ἐπω-

211 2069 452 2150 νυμίας
484 2068 677 2128 πᾶσι·
721 2057 802 2127 τὰ
848 2056 915 2126 δ’
957 2056 1126 2126 ἄλλα
1171 2056 1297 2126 ὅσα
1341 2063 1543 2143 χολῆς
1568 2063 1709 2143 εἴδη
1748 2061 2023 2143 λέγεται,
2059 2055 2225 2124 κατά

210 2162 337 2248 τὴν
355 2159 565 2246 χρόαν
586 2164 730 2243 ἔσχε
752 2155 953 2240 λόγον
976 2155 1202 2223 αὐτῶν
1223 2158 1505 2222 ἕκαστον
1529 2159 1722 2224 ἴδιον.
1747 2154 1907 2241 ίχῶρ
1933 2159 2023 2239 δέ,
2045 2153 2079 2223 ὁ
2105 2153 2228 2242 μὲν

212 2263 486 2345 αἵματος
506 2254 661 2344 ὀρός
682 2261 912 2339 πρᾶος,
937 2251 972 2321 ὁ
997 2255 1069 2322 δὲ
1100 2258 1415 2339 μελαίνης
1434 2261 1630 2340 χολῆς
1650 2251 1860 2333 ὀξείας
1881 2279 1951 2321 τε
1979 2253 2227 2340 ἄγριος,

206 2356 378 2424 ὅταν
400 2351 880 2440 ξυμμιγνύηται
901 2349 1012 2418 διὰ
1034 2350 1414 2438 θερμότητα
1450 2348 1714 2439 ἁλμυρᾷ
1751 2349 2061 2438 δυνάμει·
2106 2378 2229 2418 κα-

211 2464 415 2522 λεῖται
456 2451 530 2521 δὲ
569 2448 688 2531 ὀξὺ
730 2451 992 2535 φλέγμα
1023 2445 1098 2515 τὸ
1136 2454 1476 2517 τοιοῦτον·
1517 2449 1592 2517 τὰ
1629 2445 1696 2516 δ’
1734 2440 1824 2515 αὖ
1857 2445 2002 2534 μετ’
2036 2445 2231 2533 ἀέρος

215 2551 584 2638 τηκόμενον
605 2551 677 2615 ἐκ
698 2550 852 2625 νέας
886 2548 998 2614 καὶ
1020 2543 1276 2632 ἁπαλῆς
1297 2546 1564 2634 σαρκός,
1598 2548 1843 2615 τούτου
1869 2545 1942 2614 δὲ
1970 2543 2233 2631 άνεμω-

210 2650 451 2726 θέντος
487 2647 597 2713 καὶ
632 2646 1285 2731 ξυμπεριληφθέντος
1322 2641 1453 2713 ὑπὸ
1488 2642 1872 2731 ὑγρότητος,
1912 2645 2023 2712 καὶ
2053 2662 2229 2729 πομ-
2255 2664 2297 2715 D

214 2744 535 2831 φολύγων
557 2747 901 2822 ξυστασῶν
932 2745 1008 2809 έκ
1026 2747 1149 2809 τοῦ
1171 2740 1440 2821 πάθους
1473 2740 1717 2809 τούτου
1747 2739 1909 2809 καθ’
1946 2741 2231 2826 ἑκάστην

214 2845 335 2928 μὲν
378 2838 686 2925 ἀοράτων
721 2834 828 2906 διὰ
875 2836 1297 2925 σμικρότητα,
1334 2843 1738 2917 ξυναπασῶν
1773 2834 1847 2904 δὲ
1872 2837 1992 2904 τὸν
2025 2835 2231 2923 ὄγκον

216 2939 685 3023 παρεχομένων
705 2931 973 3019 ὁρατόν,
995 2943 1224 3021 χρῶμα
1243 2939 1541 3022 ἐχουσῶν
1564 2933 1671 3002 διὰ
1705 2934 1826 3020 τὴν
1861 2942 1985 3002 τοῦ
2006 2931 2232 3021 άφροῦ

215 3040 480 3121 γένεσιν
521 3038 688 3102 ἰδεῖν
730 3032 997 3119 λευκόν,
1042 3033 1292 3119 ταύτην
1341 3041 1565 3101 πᾶσαν
1605 3032 1931 3118 τηκεδόνα
1977 3029 2234 3119 ἁπαλῆς

217 3129 465 3219 σαρκὸς
474 3128 637 3218 μετὰ
652 3131 1028 3218 πνεύματος
1038 3134 1526 3217 ξυμπλακεϊσαν
1536 3129 1781 3197 λευκὸν
1790 3128 1959 3198 εἶναι
1971 3131 2234 3216 φλέγμα

220 3234 458 3317 φαμέν.
500 3233 872 3315 φλέγματος
913 3229 984 3299 δὲ
1020 3221 1111 3295 αὖ
1144 3233 1305 3297 νέου
1338 3234 1820 3314 ξυνισταμένου
1853 3224 2010 3314 όρὸς
2036 3225 2234 3311 ίδρῶς

218 3330 328 3397 καὶ
350 3329 669 3413 δάκρυον,
695 3324 820 3395 ὅσα
853 3352 923 3394 τε
961 3326 1128 3393 ἄλλα
1159 3335 1432 3394 τοιαῦτα
1462 3333 1653 3412 σῶμα
1684 3325 1760 3393 τὰ
1786 3323 1951 3393 καθ’
1978 3322 2235 3410 ἡμέραν
2271 3343 2312 3392 E

221 3438 423 3514 χεῖται
439 3425 965 3513 καθαιρόμενον·
1001 3425 1111 3493 καὶ
1130 3429 1340 3492 ταῦτα
1360 3425 1483 3512 μὲν
1504 3422 1586 3510 δὴ
1618 3423 1835 3490 πάντα
1856 3419 2080 3489 νόσων
2114 3419 2234 3508 ὅρ-
