2602 3928
371 178 497 245 144
1104 179 1676 238 ΠΛΑΤΩΝΟΣ

372 341 716 424 ξύστασιν·
763 338 893 425 ἐγώ
919 336 977 406 δ’
1007 336 1195 428 ᾆίμην
1218 344 1290 407 ἔκ
1324 364 1401 424 γε
1434 345 1554 406 τοῦ
1591 339 1818 422 ἑτέρου
1852 335 2378 424 ἀποδράσεσθαι,

371 449 436 509 εἰ·
467 458 572 507 σοι
607 438 855 518 δόξειεν
891 434 1225 523 ὠφέλιμον
1259 435 1449 521 εἶναι,
1485 434 1723 505 λοιπὸν
1760 436 1832 504 δὲ
1855 435 1937 522 δή
1959 460 2072 522 μοι
2105 441 2381 504 ἔσεσθαι

371 539 520 623 περὶ
540 543 664 605 τοῦ
688 541 983 603 δυνατοῦ
1005 537 1117 603 καὶ
1138 534 1246 621 μή.
1285 532 1458 603 Ἀλλ’
1497 531 1623 602 ούκ
1643 539 1903 620 ἔλαθες,
1926 527 1970 621 ἦ
1993 535 2063 604 δ’
2088 533 2183 621 ὅς,
2208 532 2374 602 ἀπο-

371 634 768 721 διδράσκων,
793 630 940 701 ἀλλ’
966 631 1363 719 ἀμφοτέρων
1385 636 1537 719 πέρι
1560 636 1753 700 δίδου
1774 631 2378 720 λόγον.’Τφεκτεόν,

370 724 456 819 ἦν
480 729 542 799 δ’
574 732 727 817 ἐγώ,
754 735 965 817 δίκην.
1011 730 1288 798 τοσόνδε
1311 734 1537 817 μέντοι
1558 731 1831 818 χάρισαί
1859 758 1998 819 μοι·
2064 734 2263 802 ἔασόν
2296 758 2380 818 με

231 855 336 914 458
366 827 694 918 ἑορτάσαι,
734 826 954 916 ὥσπερ
990 832 1058 896 ol
1087 828 1280 914 ἀργοὶ
1311 829 1434 915 τὴν
1467 829 1773 898 διάνοιαν
1807 829 2130 899 εἰώθασιν
2163 832 2380 899 ἑστιᾶ-

368 939 534 997 σθαι
576 925 699 1015 ὑφ’
746 929 1024 1012 ἑαυτῶν,
1069 926 1235 995 ὅταν
1275 927 1473 1014 μόνοι
1514 928 1952 1013 πορεύωνται.
1997 928 2268 1015 καὶγὰρ
2314 933 2384 996 οἰ

367 1035 663 1097 τοιοῦτοί
679 1050 832 1114 που,
860 1027 1017 1113 πρὶν
1039 1030 1348 1115 ἐξευρεῖν,
1370 1033 1520 1095 τίνα
1539 1018 1794 1113 τρόπον
1826 1030 2007 1096 ἔσται
2026 1053 2088 1094 τι
2115 1019 2210 1095 ὦν
2234 1030 2380 1094 ἐπι-

369 1134 691 1214 θυμοῦσι,
714 1133 910 1193 τοῦτο
934 1124 1269 1209 παρέντες,
1292 1128 1405 1193 ἵνα
1446 1121 1535 1210 μὴ
1571 1125 1870 1212 κάμνωσι
1902 1122 2379 1211 βουλευόμενοι

254 1286 261 1290 ,
369 1227 521 1312 περὶ
541 1231 664 1291 τοῦ
688 1227 984 1292 δυνατοῦ
1008 1224 1116 1291 καὶ
1137 1221 1249 1308 μή,
1274 1223 1509 1303 θέντες
1531 1219 1619 1302 ὥς
1638 1221 1942 1309 ὑπάρχον
1962 1221 2131 1291 εἶναι
2150 1216 2188 1289 ὃ
2208 1223 2383 1309 ,6015-

367 1332 620 1407 λονται,
646 1319 732 1407 ἥδ
736 1347 773 1407 η
795 1318 877 1388 τὰ
902 1318 1096 1389 λοιπὰ
1122 1320 1547 1388 διατάττουσι
1565 1322 1675 1389 καὶ
1702 1328 2009 1407 χαίρουσι
2031 1318 2378 1400 διεξιόντες

368 1418 475 1487 οἶα
498 1418 821 1505 δράσουσι
843 1420 1230 1504 γενομένου,
1257 1414 1469 1502 ἀργὸν
1491 1419 1600 1486 καὶ
1632 1414 1849 1496 ἄλλως
1869 1415 2092 1503 ψυχὴν
2127 1422 2221 1485 ἔτι
2252 1415 2379 1501 ἀρ-

296 1536 335 1584 Β
371 1519 651 1603 γοτέραν
674 1522 1037 1593 ποιοῦντες.
1093 1514 1215 1601 ἤδη
1242 1506 1371 1583 οὖν
1390 1517 1500 1582 καὶ
1521 1512 1720 1594 αὐτὸς
1738 1521 2243 1602 μαλθακίζομαι,
2266 1516 2375 1582 καὶ

369 1618 587 1683 ἐκεῖνα
607 1615 729 1701 μὲν
747 1617 1056 1699 ἐπιθυμῶ
1080 1610 1538 1700 ἀναβαλέσθαι
1559 1614 1668 1681 καὶ
1700 1611 1983 1698 ὕστερον
2020 1616 2376 1693 ἐπισκέψα-

371 1721 554 1797 σθαι,
578 1702 913 1798 ᾗδυνατά,
938 1718 1070 1778 νῦν
1092 1710 1162 1779 δὲ
1186 1708 1275 1790 ὦς
1298 1716 1608 1779 δυνατῶν
1628 1708 1845 1779 ὄντων
1864 1711 2010 1790 θεὶς
2029 1715 2373 1798 σκέψομαι,

368 1809 454 1878 ἄν
473 1834 586 1896 μοι
609 1815 867 1896 παρίης,
890 1817 1030 1887 πῶς
1054 1809 1477 1889 διατάξουσιν
1510 1804 1679 1876 αὐτοὶ
1703 1811 1771 1876 οἱ
1802 1807 2112 1894 ἄρχοντες
2143 1809 2374 1895 γιγνό-

368 1933 556 1994 μενα,
581 1908 690 1974 καὶ
715 1904 818 1974 ὅτι
840 1903 1112 1973 πάντων
1133 1902 1596 1993 ξυμφορώτατ’
1636 1900 1726 1974 ἂν
1756 1915 1854 1993 εἴη
1890 1908 2270 1992 πραχθέντα
2293 1915 2377 1994 τῇ

367 2004 559 2072 πόλει
598 2006 710 2071 καὶ
753 2016 889 2080 τοῖς
934 2002 1197 2088 φύλαξι.
1254 2009 1463 2070 ταῦτα
1503 2002 1902 2089 πειράσομαί
1937 2022 2044 2071 σοι
2087 2005 2375 2092 πρότερα

368 2105 1026 2184 συνδιασκοπεῖσθαι,
1050 2098 1296 2183 ὕστερα
1323 2098 1386 2167 δ’
1413 2105 1649 2187 ἐκεῖνα,
1675 2110 1858 2183 εἴπερ
1882 2106 2137 2188 παρίης.
2184 2100 2368 2171 Ἀλλά

368 2205 667 2284 παρίημι,
690 2203 840 2285 ἔφη,
860 2202 973 2265 καὶ
996 2198 1249 2267 σκόπει.
1296 2196 1499 2285 Οἶμαι
1517 2205 1786 2284 τοίνυν,
1807 2190 1896 2284 ἦν
1918 2196 1982 2267 δ’
2008 2198 2157 2286 ἐγώ,
2190 2210 2368 2286 εἴπερ

295 2319 333 2370 c
369 2302 632 2364 ἔσονται
673 2298 740 2361 οἱ
789 2291 1102 2381 ἄρχοντες
1143 2295 1317 2376 ἄξιοι
1358 2295 1605 2363 τούτου
1641 2303 1766 2363 τοῦ
1809 2292 2158 2381 ὀνόματος,
2202 2300 2271 2364 οῗ
2304 2323 2371 2366 τε

366 2392 626 2470 τούτοις
647 2395 986 2478 ἐπίκουροι
1005 2391 1174 2461 κατὰ
1196 2390 1427 2477 ταύτά,
1458 2391 1616 2471 τοὺς
1637 2392 1762 2479 μὲν
1796 2393 2142 2478 ἐθελήσειν
2162 2408 2372 2462 ποιεῖν

365 2488 447 2558 τὰ
475 2488 966 2577 ἐπιταττόμενα,
990 2488 1148 2569 τοὺς
1185 2491 1259 2559 δὲ
1294 2490 1644 2574 ἐπιτάξειν,
1679 2488 1760 2557 τὰ
1797 2490 1920 2576 μὲν
1948 2487 2195 2569 αὐτοὺς
2229 2512 2375 2558 πει-

366 2591 700 2674 θομένους
721 2601 856 2667 τοῖς
877 2588 1127 2675 νόμοις,
1150 2588 1231 2655 τά
1251 2587 1325 2657 δὲ
1344 2590 1453 2657 καὶ
1475 2591 1925 2675 μιμουμένους
1947 2587 2074 2657 ὅσα
2095 2583 2183 2656 άν
2204 2591 2375 2657 ἐκεί-

364 2713 508 2766 νοις
550 2685 1016 2774 ἐπιτρέψωμεν.
1081 2686 1303 2772 Εἰκός,
1347 2691 1492 2772 ἔφη.
1562 2684 1671 2755 Σύ
1716 2692 1839 2775 μὲν
1884 2692 2136 2771 τοίνυν,
2178 2678 2268 2772 ἦν
2307 2682 2370 2753 δ’

364 2784 517 2871 ἐγώ,
559 2781 595 2851 ὁ
638 2785 1006 2870 νομοθέτης
1046 2781 1291 2873 αὐτοῖς,
1331 2784 1553 2870 ὥσπερ
1594 2784 1752 2865 τοὺς
1781 2784 2033 2872 ἄνδρας
2066 2785 2373 2866 ἐξέλεξας,

365 2883 542 2952 οὕτω
587 2884 698 2951 καὶ
739 2878 858 2961 τὰς
898 2896 1219 2966 γυναῖκας
1254 2885 1512 2964 ἐκλέξας
1548 2883 1966 2968 παραδώσεις
2000 2877 2162 2960 καθ’
2209 2878 2375 2949 ὅσον

347 2977 514 3060 ,οἷόν
535 3006 605 3048 τε
624 2981 972 3067 ὁμοφυεῖς·
1021 2985 1089 3049 οί
1109 2982 1180 3051 δὲ
1213 2979 1330 3050 ἅτε
1362 2987 1572 3060 οἰκίας
1603 3007 1674 3049 τε
1706 2983 1817 3050 καὶ
1850 2987 2145 3062 ξυσσίτια
2179 2975 2373 3048 κοινά

366 3085 643 3168 ἔχοντες,
667 3082 802 3169 ἰδία
824 3077 897 3147 δὲ
925 3077 1204 3160 ούδενός
1226 3078 1429 3150 οὐδὲν
1448 3087 1710 3150 τοιοῦτο
1734 3082 2166 3167 κεκτημένου,
2200 3076 2376 3165 ὁμοῦ

283 3203 328 3253 D
365 3178 448 3265 δὴ
480 3183 762 3265 ἔσονται,
811 3175 988 3266 ὁμοῦ
1031 3180 1103 3249 δὲ
1145 3176 1698 3267 ἀναμεμιγμένων
1737 3180 1848 3247 καὶ
1885 3180 1959 3247 ἐν
1983 3183 2376 3264 γυμνασίοις

360 3278 471 3345 καὶ
513 3280 588 3345 ἐν
629 3286 711 3367 τῇ
742 3277 912 3367 ἄλλη
946 3287 1164 3369 τροφῇ
1193 3276 1314 3347 ὑπ’
1346 3276 1657 3366 ἀνάγκης,
1688 3276 1889 3364 οἶμαι,
1920 3284 2036 3362 τῆς
2072 3274 2376 3362 ἐμφύτου

363 3374 633 3456 ἄξονται
676 3374 843 3464 πρὸς
882 3376 1008 3465 τὴν
1050 3375 1359 3463 ἀλλήλων
1400 3383 1594 3465 μῖξιν.
1659 3372 1705 3464 ἦ
1738 3374 1865 3444 οὐκ
1901 3372 2230 3461 ἀναγκατά
2264 3395 2373 3441 σοι
