2602 3928
268 249 302 285 x
1109 231 1581 284 PRAEFATm.
1654 197 1662 205 ’

265 372 370 422 Nec
392 386 446 437 p.
469 369 574 421 429
594 369 630 420 G
651 370 826 421 dubito
850 370 971 432 quin
992 383 1117 419 sana
1133 370 1200 419 sit
1215 369 1327 421 Par.
1350 368 1498 418 lectio
1522 357 1584 417 τὸ
1604 359 1665 416 ἔν
1682 380 1743 416 τε
1761 358 1964 424 λύπαις
1981 382 2034 419 κ.
2057 382 2106 418 τ.
2126 366 2198 429 λ.,
2218 370 2306 420 ubi
2323 370 2408 421 VB

265 456 381 491 cnm
418 440 532 489 aliis
566 439 716 489 codd.
747 436 825 506 τῷ
860 446 1212 499 correxerunt3
1244 437 1398 488 modo
1424 437 1865 488 circumscribatur
1899 428 2080 502 αὖτήν
2112 436 2412 503 σωτηρίαν,

265 509 405 573 quod
436 508 811 573 interpretando
842 497 940 556 διὰ
969 499 1181 564 παντὸς
1210 508 1465 571 adjectum
1496 514 1667 556 tamen
1702 520 1866 569 neque
1896 507 1962 557 ad
1997 508 2300 558 sententiam
2323 523 2412 558 ne-

266 579 545 629 cessarium
566 586 616 628 et
634 584 918 628 structurae
941 577 1092 642 plane
1124 575 1365 627 infestum
1397 583 1493 624 est.
1517 599 1587 612 -
1610 575 1668 630 P.
1690 574 1796 627 430
1810 574 1852 624 Ε
1884 573 2112 640 κρείττω
2137 567 2209 639 δὴ
2242 567 2413 626 αὑτοῦ

263 642 514 712 λέγοντες
535 661 757 708 moxque
783 643 1047 709 φαίνεται
1073 645 1145 706 H,
1176 642 1482 708 φαίνονται
1508 659 1727 707 moxque
1750 637 1963 707 λέγεται
1978 645 2131 704 VBT,
2161 642 2412 710 λέγοντες

264 725 316 767 et
340 711 550 781 λέγεται
576 715 755 766 Stallb.
781 723 832 765 et
856 714 1194 766 Schneiderus
1222 729 1289 764 ex
1321 715 1437 768 Par.
1457 713 1711 778 vestigiis,
1741 728 1870 776 quos
1892 713 1945 764 in
1977 714 2142 779 priore
2163 716 2411 767 vocabulo

264 785 479 835 libenter
513 791 719 836 secutus
747 800 887 844 sumg
922 784 1174 847 reliquam
1206 796 1375 832 meam
1406 783 1655 835 rationem
1692 783 1911 847 exposui
1945 782 2198 838 Gesamm.
2238 784 2408 835 Abhh.

263 870 316 920 p.
340 853 458 906 163.
484 882 555 893 —
575 855 632 909 P.
666 853 770 905 435
793 853 836 902 D
871 844 1007 917 ἄλλη
1043 844 1148 917 γὰρ
1176 852 1252 913 H,
1287 842 1427 900 ἀλλὰ
1461 845 1568 916 γὰρ
1607 851 1727 902 libri
1751 859 1857 901 tam
1893 852 2017 902 editi
2052 867 2203 915 quam
2237 854 2409 919 scripti

261 930 466 989 praeter
492 939 651 974 unum
686 923 819 973 Flor.
846 922 905 981 T,
943 923 1027 971 cui
1061 929 1228 972 tamen
1262 921 1602 985 adstipulatur
1624 917 1848 971 Galenus
1882 922 1943 976 T.
1971 921 2037 969 V.
2059 935 2111 985 p.
2133 922 2237 974 480
2271 922 2409 989 ipsa-

261 1008 363 1056 que
411 992 643 1042 lectionis
675 990 987 1058 praestantia
1029 992 1182 1040 etiam
1218 1007 1250 1040 a
1285 988 1466 1043 Stallb.
1520 997 1569 1040 et
1612 987 1922 1040 Schneidero
1960 991 2163 1055 agnita,
2212 992 2297 1042 cui
2330 992 2409 1043 vel

263 1065 377 1111 sine
413 1061 556 1111 libris
588 1061 757 1110 locum
794 1059 1007 1111 concedi
1042 1059 1122 1109 fas
1160 1068 1313 1113 esset.
1337 1060 1481 1109 ——P.
1503 1057 1605 1109 437
1624 1059 1673 1109 A
1708 1054 1799 1122 εἴη
1833 1048 1870 1121 ἢ
1901 1052 1998 1107 καὶ
2022 1074 2053 1107 a
2074 1058 2300 1110 Bekkero
2324 1061 2407 1111 de-

263 1146 403 1180 mum
441 1127 630 1180 inserta
662 1130 759 1179 etsi
786 1130 839 1179 in
875 1144 1062 1194 magno
1099 1129 1332 1179 codicum
1357 1130 1622 1194 ipsiusque
1655 1125 1830 1176 Galeni
1858 1142 2108 1177 consensu
2142 1130 2412 1179 exturbare

265 1198 435 1260 nolui,
483 1198 606 1249 mihi
641 1206 810 1248 tamen
846 1198 1032 1248 veteris
1071 1199 1254 1249 erroris
1304 1197 1652 1262 suspicionem
1687 1197 1932 1262 praebere
1976 1197 2218 1248 cancellis
2254 1198 2412 1264 signi-

265 1269 430 1319 ficavi.
451 1269 590 1320 --.-P.
612 1265 716 1317 437
736 1266 776 1318 G
805 1263 866 1315 τί
896 1263 1000 1315 δαί
1028 1266 1086 1329 Ρ,
1125 1267 1207 1317 cui
1244 1269 1404 1317 miror
1433 1264 1798 1316 Schneiderum
1828 1265 1887 1315 T.
1911 1266 1972 1319 H.
2008 1281 2061 1330 p.
2092 1265 2190 1317 291
2231 1268 2280 1316 in
2316 1267 2413 1318 hoc

264 1336 516 1388 vocabulo
547 1336 678 1387 nihil
714 1337 1037 1387 tribuendum
1070 1350 1183 1386 esse
1213 1335 1498 1396 affirmare;
1540 1350 1637 1402 ego
1674 1342 1810 1385 certe
1836 1349 1987 1397 quem
2010 1335 2064 1384 in
2087 1343 2227 1386 tanta
2253 1334 2410 1401 hujus

258 1407 541 1472 particulae
573 1407 905 1471 ambiguitate
937 1405 1119 1455 ducem
1146 1405 1456 1470 praeferam,
1494 1419 1597 1454 non
1626 1405 1857 1464 invenio,
1892 1418 2109 1466 eumque
2141 1405 2294 1456 etiam
2332 1407 2411 1456 in-

261 1475 418 1526 ferius
451 1476 647 1540 passim
686 1488 787 1524 non
822 1474 1013 1524 monito
1049 1475 1236 1524 lectore
1266 1482 1475 1525 secutus
1516 1488 1660 1534 snm,
1697 1479 1753 1522 ut
1776 1474 1844 1523 V.
1881 1488 1936 1537 Ρ.
1972 1473 2076 1524 464
2106 1474 2181 1534 D,
2222 1473 2326 1525 468
2351 1473 2409 1534 Β,

260 1542 366 1595 469
400 1542 507 1603 Bc,
545 1545 650 1595 470
683 1543 757 1603 Α,
793 1544 898 1594 475
930 1542 1002 1602 A,
1039 1545 1142 1593 477
1176 1544 1235 1604 E,
1269 1542 1376 1594 479
1411 1544 1478 1601 Β,
1514 1542 1602 1590 VI.
1640 1557 1696 1606 p.
1737 1541 1839 1592 496
1874 1541 1949 1599 A,
1981 1543 2082 1594 505
2120 1540 2175 1603 0,
2213 1542 2315 1594 506
2352 1541 2408 1603 G,

258 1614 374 1666 VH.
408 1628 459 1677 p.
495 1612 597 1664 519
619 1613 676 1670 B,
709 1610 811 1664 523
837 1612 894 1670 E,
930 1611 1035 1663 526
1063 1613 1122 1672 Β,
1161 1614 1261 1664 527
1292 1611 1354 1672 D,
1390 1612 1519 1662 VIII.
1555 1626 1609 1675 p.
1641 1611 1738 1661 551
1771 1610 1835 1671 D,
1877 1609 1986 1662 558
2010 1612 2072 1671 A,
2107 1611 2208 1662 559
2235 1612 2282 1660 Α
2313 1619 2407 1663 etc.

260 1707 329 1718 ··-
364 1681 420 1736 P.
459 1682 564 1734 437
598 1681 640 1730 Ε
674 1676 894 1745 θερμοῦ
928 1670 1243 1746 &amittant
1280 1696 1501 1743 moxque
1537 1670 1645 1743 τὴν
1680 1676 1781 1730 τοῦ
1813 1677 2037 1742 ψυχροῦ
2071 1680 2141 1741 Η,
2189 1676 2410 1746 ψυχροῦ

256 1740 415 1800 ἔπιθ’.
457 1758 506 1800 et
544 1741 652 1814 τὴν
682 1748 784 1799 τοῦ
817 1747 1037 1816 θερμοῦ
1071 1751 1217 1810 libri,
1255 1750 1518 1814 speciose,
1554 1750 1794 1812 quoniam
1827 1749 1916 1810 qui
1949 1748 2107 1810 calet,
2143 1749 2405 1816 frigidam,

260 1820 348 1882 qui
381 1819 559 1885 friget,
591 1819 811 1870 calidam
840 1820 1099 1885 potionem
1134 1820 1421 1870 desiderare
1448 1817 1606 1875 solet;
1639 1818 1734 1868 sed
1770 1826 1942 1868 contra
1968 1817 2264 1885 philosophi
2294 1834 2409 1868 sen·

258 1889 493 1949 tentiam,
534 1889 622 1950 qui
655 1890 892 1939 attributa
915 1903 947 1936 a
970 1891 1235 1958 notionum
1257 1888 1513 1938 consortio
1537 1886 1761 1948 derivat,
1793 1894 1849 1936 ut
1884 1901 2005 1936 mox
2039 1885 2247 1936 πολλοῦ
2271 1888 2410 1968 sitin}

257 1973 289 2007 a
323 1948 565 2022 πλήθειε
606 1957 676 2008 cf.
713 1957 959 2009 Ritschel.
997 1958 1129 2013 Mus.
1171 1957 1400 2011 Rhenan.
1446 1957 1505 2006 T.
1544 1956 1632 2010 IV.
1674 1971 1728 2021 p.
1769 1955 1892 2007 440.
1932 1983 1997 1992 -
2041 1956 2099 2007 Ρ.
2139 1956 2243 2008 440
2277 1957 2320 2007 D
2367 1971 2404 2020 η

258 2018 400 2092 πρὸς
438 2026 515 2077 BS
547 2043 614 2077 ex
646 2029 778 2091 conj.
819 2028 980 2086 Astii3
1019 2020 1072 2075 εἰ
1104 2017 1246 2093 πρὸς
1274 2026 1366 2076 VT
1396 2034 1444 2075 et
1480 2023 1817 2075 Schneiderus
1858 2040 1968 2075 cum
2008 2026 2174 2089 librisg
2209 2026 2409 2076 medela

259 2105 428 2145 tamen
478 2112 538 2146 eo
586 2097 861 2160 proclivior
907 2104 1011 2155 est,
1064 2112 1163 2160 quo
1211 2095 1419 2161 saepius
1466 2093 1702 2145 librarios
1738 2110 1802 2145 ex
1848 2095 2073 2144 cadentis
2118 2096 2408 2160 graecitatis

257 2166 422 2215 abusu
453 2158 507 2213 εἰ
550 2166 603 2214 in
640 2172 779 2215 recta
810 2165 1206 2232 interrogatione
1242 2164 1482 2229 posuisse
1518 2171 1732 2213 constat.
1778 2190 1840 2199 -·
1880 2166 1935 2215 P.
1973 2164 2072 2214 441
2106 2165 2153 2212 A
2186 2153 2407 2213 ἐπικου-

256 2224 488 2299 ρητικὸν
534 2235 572 2283 P
620 2249 736 2283 cum
773 2232 994 2296 Galeno,
1045 2224 1405 2300 ἐπικουρικὸν
1443 2232 1628 2287 VBST.
1668 2258 1739 2270 —
1772 2232 1826 2280 P.
1869 2234 1971 2284 442
2013 2234 2060 2282 Α
2096 2226 2407 2297 προστατή-

257 2314 417 2352 σετον
447 2304 493 2354 Η
527 2317 594 2353 ex
625 2304 758 2367 conj.
786 2303 1002 2354 Bekkeri
1027 2318 1122 2369 pro
1152 2293 1559 2368 προστήσετον,
1600 2303 1745 2366 cujus
1772 2301 2043 2351 transitiva
2067 2303 2146 2352 vis
2178 2301 2279 2353 huc
2305 2317 2405 2352 non

252 2374 486 2437 pertinet.
521 2400 594 2412 --
631 2373 686 2421 P.
724 2370 830 2422 443
864 2372 906 2422 B
939 2386 994 2420 τι
1023 2380 1140 2438 post
1178 2366 1257 2422 ἔτι
1293 2389 1360 2423 ex
1389 2371 1739 2436 dittographia
1772 2378 1965 2431 ortum,
2003 2371 2150 2435 cujus
2186 2372 2407 2436 vestigia

255 2444 411 2492 etiam
436 2440 554 2491 libri
576 2440 806 2490 nonnulli
836 2437 898 2489 τί
921 2426 1028 2490 οὖν
1056 2441 1272 2506 legendo
1299 2448 1591 2498 servarunt,
1618 2440 2011 2505 circumscripsi.
2048 2440 2406 2491 Necessarium

254 2524 357 2559 non
394 2523 510 2560 esse
542 2509 758 2574 probant
809 2510 1041 2575 exempla
1083 2512 1222 2576 apud
1266 2508 1510 2562 Fritzsch.
1544 2524 1629 2572 qu.
1667 2508 1884 2562 Luciau.
1930 2524 1985 2574 p.
2022 2507 2092 2559 92
2127 2517 2178 2559 et
2218 2508 2402 2560 Stallb.

254 2578 319 2627 ad
354 2578 573 2629 Phaedr.
598 2593 652 2642 p.
681 2579 811 2638 2743
851 2580 959 2628 sive
992 2580 1112 2630 addi
1152 2581 1443 2645 placuisset,
1482 2578 1823 2630 commodiore
1857 2586 2029 2628 tamen
2065 2579 2174 2628 loco
2210 2593 2406 2643 ponen-

252 2648 377 2697 dum
419 2654 544 2699 erat.

394 2785 542 2850 Reip.
586 2785 620 2840 Ι.
653 2786 719 2839 V.
753 2800 805 2850 p.
831 2784 943 2835 449
977 2783 1015 2834 C
1049 2773 1138 2834 ὅτι
1165 2775 1268 2848 ἐγὼ
1303 2782 1387 2835 VS
1421 2792 1472 2834 et
1500 2783 1703 2844 Astius,
1741 2776 1822 2834 ἔτι
1855 2774 1958 2849 ἐγώ
1994 2785 2078 2834 ΒΤ
2111 2792 2161 2834 et
2196 2783 2406 2836 Schnei-

255 2854 406 2903 derus
443 2869 556 2904 cum
594 2854 766 2913 libris,
805 2854 900 2905 sed
939 2853 1330 2920 languidissimo
1359 2852 1637 2919 particulae
1663 2868 1785 2913 usu,
1855 2868 2110 2915 uanquam
2146 2853 2298 2905 facile
2330 2854 2406 2904 in-

255 2922 485 2988 telligas,
524 2923 779 2986 quomodo
816 2938 877 2972 ea
907 2923 1091 2973 rariori
1124 2922 1472 2989 interrogandi
1516 2921 1766 2973 formulae
1842 2938 1897 2972 τι
1931 2921 1991 2971 τί
2034 2923 2275 2973 substitui
2310 2938 2405 2987 po-

253 2994 421 3041 tuerit.
494 2992 569 3042 Ita
605 2992 740 3043 enim
781 2992 1243 3058 interpungendum
1276 2998 1382 3053 est,
1421 3000 1476 3042 ut
1508 2979 1600 3039 ὅτι
1636 2992 1705 3042 ad
1737 2989 1797 3040 τί
1827 2992 2104 3053 referatur,
2152 2993 2237 3042 cui
2267 2992 2406 3055 quod

252 3058 597 3111 Schneiderns
615 3062 873 3126 opposuit,
900 3061 952 3110 in
975 3076 1221 3126 responso
1239 3062 1474 3112 iteratum
1496 3048 1585 3109 ὅτι
1615 3060 1906 3119 desiderari,
1933 3069 2066 3111 recte
2089 3061 2198 3124 jam
2217 3059 2404 3110 Sohae-

253 3128 395 3179 ferus
428 3130 495 3179 ad
521 3129 779 3180 Demosth.
807 3130 868 3182 T.
898 3130 986 3180 IV.
1019 3145 1072 3196 p.
1117 3131 1213 3181 154
1249 3131 1635 3197 responsionem
1673 3131 2059 3195 interrogationi
2089 3144 2192 3179 non
2217 3131 2404 3193 ubique

253 3198 327 3247 ita
368 3200 643 3262 exaequari
679 3200 903 3259 monuit,
949 3207 1006 3249 ut
1056 3200 1382 3250 exactissima
1417 3199 1681 3249 ambarum
1717 3200 2023 3265 conspiratio
2063 3201 2279 3259 oriatur3
2330 3202 2402 3253 ci.

250 3266 465 3321 Luciau.
489 3268 634 3319 Dem.
671 3284 780 3322 enc.
815 3270 864 3330 S.
891 3270 976 3319 22.
1014 3296 1080 3308 -·-
1118 3269 1175 3318 Ρ.
1207 3269 1309 3321 451
1347 3270 1397 3319 Α
1425 3265 1665 3318 δικαίων
1700 3270 2082 3333 circumscripsi
2116 3283 2236 3318 cnm
2257 3266 2405 3318 Som-

252 3351 394 3387 mero
429 3338 482 3386 in
526 3337 765 3389 Zeitschr.
801 3338 840 3390 f.
884 3338 934 3389 d.
975 3338 1080 3389 Alt.
1122 3337 1274 3399 1835,
1310 3354 1363 3403 p.
1400 3337 1529 3397 8913
1576 3352 1795 3401 moxque
1840 3327 1908 3387 οὔ
1942 3351 2010 3403 με
2052 3337 2171 3388 dedi
2208 3351 2301 3402 pro
2341 3320 2411 3386 εὖ

253 3416 348 3468 με,
387 3409 471 3456 cui
507 3408 829 3475 negationem
860 3408 1040 3458 deesse
1071 3408 1181 3472 jam
1216 3415 1333 3458 ante
1361 3405 1657 3458 cornarium
1685 3413 1735 3457 et
1768 3406 1970 3460 Astium
2001 3407 2139 3459 Mon.
2174 3406 2214 3455 B
2248 3405 2405 3457 libra-

2569 3071 2577 3162 ἐ
