2602 3928
342 241 465 304 136
1075 237 1639 297 ΠΛΑΤΩΝΟΣ

341 406 612 471 ναντίον
634 413 856 479 ποιεῖς.
901 397 1327 474 πιστεύοντος
1349 395 1471 481 μὲν
1489 393 1619 481 γὰρ
1656 397 1822 481 ἐμοῦ
1855 397 1998 482 ἐμοὶ
2034 400 2277 465 εἰδέναι
2309 395 2353 465 ἃ

291 523 329 572 Ε
349 503 539 585 λέγω,
563 503 780 577 καλαῖς
803 496 971 583 εἶχεν
992 493 1033 583 ἡ
1057 499 1480 580 παραμυθία·
1529 496 1603 561 ἐν
1625 493 1755 579 γὰρ
1778 500 2129 581 φρονίμοις
2148 518 2218 563 τε
2244 497 2353 564 καὶ

340 601 558 681 φίλοις
598 596 745 680 περὶ
788 599 927 661 τῶν
968 598 1295 679 μεγίστων
1332 616 1401 657 τε
1430 592 1539 658 καὶ
1572 597 1786 676 φίλων
1827 585 2088 676 τάληθῆ
2131 591 2352 659 εἰδότα

344 693 562 778 λέγειν
597 689 890 777 ἀσφαλὲς
928 691 1039 758 καὶ
1078 692 1487 774 θαρραλέον·
1534 685 1940 755 ἀπιστοῦντα
1983 687 2054 756 δὲ
2089 692 2196 758 καὶ
2240 695 2352 775 ξη-

340 796 587 858 τοῦντα
610 787 744 876 ἅμα
766 786 924 866 τους
949 786 1193 872 λόγους
1211 795 1569 872 ποιεῖσθαι,
1595 782 1634 852 ὃ
1657 783 1739 872 δὴ
1776 785 1900 872 ἐγω
1945 791 2104 874 δρῶ,
2141 796 2351 876 φοβε-

205 915 307 970 451
344 888 471 973 ρόν
490 913 561 955 τε
582 888 691 954 καὶ
716 884 1079 971 σφαλερόν,
1103 882 1189 950 οὔ
1207 909 1271 951 τι
1291 887 1547 970 γέλωτα
1572 879 1806 969 ὀφλεῖν
1824 910 1837 923 ·
1879 882 2190 954 παιδικὸν
2221 885 2351 971 γὰρ

340 984 542 1052 τοῦτό
564 1008 669 1068 γε·
698 980 864 1050 ἀλλά
889 979 977 1068 μή
1013 981 1285 1067 σφαλεὶς
1316 988 1432 1067 τῆς
1463 978 1781 1066 ἀληθείας
1802 979 1886 1048 ού
1920 982 2132 1068 μόνον
2152 980 2353 1061 αὐτὸς

344 1081 513 1150 ἀλλά
538 1083 646 1148 καὶ
672 1077 827 1158 τούς
852 1084 1090 1165 φίλους
1113 1078 1766 1164 ξυνεπισπασάμενος
1797 1084 2096 1165 κείσομαι
2129 1076 2337 1167 περὶ
2308 1107 2353 1146 α

340 1178 576 1267 ἥκιστα
632 1181 737 1245 δεῖ
782 1175 1217 1262 σφάλλεσθαι.
1283 1181 1647 1263 προσκυνω
1690 1175 1762 1243 δὲ
1806 1172 2248 1262 Ἀδράστειαν,
2297 1202 2350 1243 ω

341 1276 692 1360 Γλαύκων,
717 1274 912 1359 χάριν
931 1290 1016 1341 ου
991 1265 1254 1359 μέλλω
1278 1277 1524 1359 λέγειν·
1575 1275 1808 1353 ἐλπίζω
1832 1299 1960 1359 γαρ
1998 1265 2123 1341 οὖν
2158 1279 2348 1341 ἔλατ-

344 1399 463 1440 τον
501 1369 850 1459 ἁμάρτημα
893 1367 1221 1446 ἀκουσίως
1261 1370 1443 1448 τινὸς
1486 1371 1698 1454 φονέα
1734 1373 2052 1455 γενέσθαι
2090 1367 2134 1456 ἢ
2178 1368 2314 1438 ἀπα

342 1495 556 1538 τεωνα
580 1476 805 1537 καλῶν
831 1493 900 1536 τε
923 1469 1033 1535 καὶ
1056 1468 1339 1554 ἀγαθοῖν
1360 1468 1471 1535 καὶ
1506 1472 1829 1553 [δικαίων]
1862 1474 2161 1554 νομίμων
2183 1472 2349 1552 πέρι.

344 1576 539 1636 τοῦτο
563 1559 688 1635 οὖν
707 1565 780 1634 τὸ
804 1566 1212 1652 κινδύνευμα
1235 1564 1658 1634 κινδυνεύειν
1680 1569 1753 1634 ἐν
1774 1569 2035 1654 ἐχθροῖς
2054 1579 2354 1650 κρεῖττον

266 1694 305 1744 B
343 1661 386 1753 ἢ
411 1672 646 1752 φίλοις,
683 1664 851 1732 ωστε
873 1663 960 1731 οὔ
980 1690 1060 1751 με
1083 1672 1483 1751 παραμυθεῐ.
1529 1661 1695 1733 καὶ,ο
1661 1690 1697 1731 ο
1722 1665 2051 1732 Γλαύκων
2070 1664 2354 1751 γελάσας

331 1761 532 1844 Ἀλλ’,
562 1789 612 1829 ω
636 1761 1011 1847 Σώκρατες,
1039 1766 1186 1848 ἔφη,
1211 1762 1330 1830 ἐάν
1363 1789 1425 1829 τι
1460 1761 1788 1847 πάθωμεν
1820 1759 2253 1849 πλημμελὲς
2216 1759 2348 1830 υπό

342 1867 466 1928 τοῦ
506 1858 730 1945 λόγου,
768 1857 1048 1944 ἀφίεμέν
1085 1877 1160 1923 σε
1195 1854 1418 1941 ω’σπερ
1459 1857 1681 1943 φόνου
1712 1859 1820 1926 καὶ
1854 1858 2165 1946 καθαρὰν
2187 1857 2355 1928 εἶναι

340 1957 562 2044 καὶμὴ
589 1954 940 2025 ἀπατεωνα
961 1952 1155 2042 ἡμων
1171 1984 1185 1996 ·
1211 1952 1377 2023 ἀλλα
1403 1955 1747 2043 θαρρήσας
1768 1961 1933 2043 λέγε.
1978 1954 2171 2026 ’Λλλα
2193 1961 2354 2043 μέν-

341 2082 464 2136 τοι,
484 2053 692 2139 εἶπον,
716 2050 1018 2136 καθαρός
1036 2077 1113 2136 γε
1132 2055 1243 2120 καὶ
1264 2056 1404 2120 ἐκεῖ
1416 2050 1452 2120 ὁ
1479 2051 1774 2140 ἀφεθείς,
1791 2053 1879 2134 ὥς
1892 2053 1927 2123 ὁ
1943 2054 2149 2141 νόμος
2160 2058 2352 2141 λέγει·

238 2223 253 2230 ,
343 2150 518 2229 εἰκὸς
543 2153 620 2218 δέ
633 2175 732 2236 γε,
757 2159 940 2236 εἴπερ
965 2152 1114 2233 ἐκεῖ,
1138 2146 1460 2218 κάνθάδε.
1509 2157 1676 2238 Λέγε
1709 2158 1961 2237 τοίνυν,
1999 2160 2148 2240 ἔφη,
2190 2154 2355 2221 τού-

347 2275 468 2317 του
509 2245 576 2333 γ’
625 2249 836 2314 ἕνεκα.
881 2251 1121 2332 Λέγειν
1164 2247 1268 2335 δη,
1316 2252 1489 2333 ἔφην
1528 2247 1680 2334 ἐγώ,
1724 2248 1845 2336 χρὴ
1887 2249 2220 2320 ἀνάπαλιν
2263 2244 2353 2320 αὖ

341 2354 493 2470 νῦν,
541 2374 583 2413 α
637 2346 786 2414 τότε
846 2355 1003 2426 ἴσως
1048 2351 1179 2414 ἔδει
1221 2350 1455 2433 ἑφεξῆς
1498 2350 1744 2432 λε’γειν·
1806 2349 1971 2435 τάχα
2027 2351 2099 2419 δὲ
2142 2348 2354 2429 οὕτως

262 2467 302 2520 0
341 2474 428 2515 αν
451 2441 675 2532 ὀρθως
695 2449 849 2530 ἔχοι,
875 2471 1036 2531 μετα
1059 2441 1371 2532 ἀνδρεῖον
1394 2450 1611 2533 δρᾶμα
1634 2454 1972 2527 παντελως
1993 2451 2353 2534 διαπεραν-

341 2542 472 2612 θὲν
491 2540 564 2626 τὸ
591 2556 971 2626 γυναικεῖον
1007 2570 1096 2610 αυ
1130 2551 1486 2629 περαίνειν,
1523 2542 1740 2622 αλλως
1765 2571 1836 2612 τε
1868 2547 1977 2613 καὶ
2011 2547 2230 2624 ἐπειδὴ
2263 2546 2349 2613 συ

343 2639 522 2710 οὕτω
544 2648 874 2726 προκαλεῖ.

515 2742 616 2804 ῙΠ.
660 2737 1074 2822 Ἀνθροόποις
1094 2739 1223 2825 γὰρ
1245 2748 1413 2826 φῦσι
1434 2741 1544 2807 καὶ
1576 2744 2038 2808 παιδευθεῖσιν
2058 2738 2148 2820 ὥς
2166 2741 2351 2829 ἡμεῖς

344 2836 729 2924 διήλθομεν,
754 2835 899 2904 κατ’
940 2838 1102 2924 ἐμὴν
1137 2838 1338 2918 δόξαν
1371 2835 1497 2906 οὐκ
1531 2835 1667 2906 ἔστ’
1703 2836 1867 2924 ἄλλη
1892 2836 2067 2926 ὀρθή
2094 2845 2352 2909 παίδων

341 2960 413 3003 τε
433 2934 905 3020 καὶγυναικῶν
923 2939 1147 3021 κτῆσίς
1158 2961 1228 3004 τε
1242 2937 1352 3003 καὶ
1373 2940 1554 3020 χρεία
1575 2929 1620 3022 ἢ
1639 2932 1784 3003 κατ’
1814 2938 2072 3021 ἐκείνην
2092 2933 2215 3023 τὴν
2236 2934 2353 3022 ὁρ-

343 3034 479 3119 μήν
498 3037 738 3118 ἰοῦσιν,
761 3030 974 3119 ἤνπερ
999 3030 1073 3100 τὸ
1099 3041 1368 3116 πρῶτον
1392 3031 1817 3120 ὡρμήσαμεν·
1842 3034 2354 3120 ἐπεχειρήσαμεν

346 3131 425 3197 δέ
457 3152 592 3194 που
636 3129 723 3207 ὥς
757 3125 995 3215 ἀγέλης
1029 3130 1335 3215 φύλακας
1362 3129 1519 3209 τοὺς
1550 3130 1800 3218 ἄνδρας
1829 3130 2229 3199 καθιστάναι
2256 3139 2352 3221 τῷ

266 3246 308 3294 D
347 3223 544 3312 λόγῳ.
598 3231 753 3294 Ναί.
804 3223 1313 3313 Ἀκολουθῶμεν
1349 3235 1580 3296 τοίνυν
1622 3229 1733 3295 καὶ
1775 3228 1899 3314 τὴν
1938 3230 2202 3313 γένεσιν
2243 3231 2353 3297 καὶ

343 3320 603 3410 τροφὴν
626 3333 1090 3412 παραπλησίαν
1114 3324 1562 3411 ἀποδιδόντες,
1583 3329 1691 3393 καὶ
1713 3332 2086 3412 σκοπῶμεν,
2112 3331 2175 3393 εἰ
2194 3324 2355 3412 ἡμῖν

347 3425 580 3507 πρέπει
598 3416 644 3509 ἦ
666 3420 768 3491 οὔ.
818 3428 1008 3506 Πῶς;
1042 3426 1186 3511 ἔφη.
1221 3415 1394 3492 Ὧδε.
1438 3420 1558 3502 τὰς
1578 3430 1853 3511 θηλείας
1874 3430 2008 3491 τῶν
2030 3423 2355 3508 φυλάκων
