2602 3928
326 156 408 221 26
1045 155 1620 214 ΠΛΑΤΩΝΟΣ

325 317 518 384 ἕνεκα
539 321 788 402 μισθόν
802 316 1128 401 μισθωτοὶ
1145 315 1515 402 βούλονται
1526 321 1915 402 κεκλῆσθαι,
1940 314 2095 385 οὔτε
2112 315 2335 404 λάθρᾳ

325 411 514 480 αὐτοὶ
548 414 619 480 ἐκ
648 420 762 498 τῆς
796 409 999 498 ἀρχῆς
1031 412 1481 499 λαμβάνοντες
1514 413 1814 481 κλέπται·
1860 408 2009 481 οὐδ’
2036 405 2126 482 αὖ
2148 421 2338 500 τιμῆς

251 517 290 570 C
324 510 520 579 ἕνεκα
537 536 553 552 ·
576 506 662 577 οὐ
677 508 806 597 γάρ
827 515 949 577 είσι
966 508 1321 595 φιλότιμοι.
1344 512 1448 576 δεῖ
1464 506 1544 594 δὴ
1574 506 1798 588 αὐτοῖς
1814 509 2118 597 ἀνάγκην
2132 532 2336 598 προς-

326 621 496 677 ετναι
516 609 626 677 καὶ
648 613 916 694 ζημίαν,
956 613 1017 676 εί
1038 609 1395 693 μέλλουσιν
1416 608 1676 676 ἐθέλειν
1698 606 1952 693 ἄρχειν·
1996 607 2165 679 ὅθεν
2187 637 2337 679 κιν·

327 705 596 773 δυνεύει
627 704 702 773 τὸ
738 703 976 773 ἑκόντα
1015 705 1122 773 έπὶ
1159 701 1232 772 vd
1262 701 1492 792 ἄρχειν
1531 706 1700 773 ίέναι
1732 702 1898 773 ἀλλὰ
1923 705 2013 793 μὴ
2035 702 2336 794 ἀνάγκην

323 804 701 888 περιμένειν
723 801 1002 889 αἰσχρὸν
1022 811 1435 889 νενομίσθαι.
1486 810 1601 889 τῆς
1630 803 1701 870 δὲ
1723 807 1949 890 ζημίας
1967 810 2237 891 μεγίστη
2260 831 2355 874 το.

323 896 458 966 ὑπὸ
484 903 937 988 πονηροτέρου
957 897 1316 986 ἄρχεσθαι,
1362 898 1481 968 ἐὰν
1512 897 1602 987 μὴ
1632 895 1835 980 αὐτὸς
1853 903 2053 990 ἐθέλῃ
2074 901 2332 990 ἄρχειν·

321 993 410 1083 ἢν
428 1000 759 1076 δείσαντές
780 1023 892 1083 μοι
915 1002 1268 1082 φαίνονται
1290 995 1555 1085 ἄρχειν,
1579 996 1745 1065 ὅταν
1765 995 2078 1086 ἄρχωσιν,
2104 1005 2175 1068 οἱ
2189 1003 2335 1068 ἐπι-

325 1105 518 1173 εικεῖς
534 1144 554 1178 ,
601 1096 712 1162 καὶ
744 1093 891 1162 τότε
925 1099 1227 1181 ἔρχονται
1245 1096 1354 1163 ἐπὶ
1375 1092 1449 1162 τὸ
1477 1120 1740 1182 αρχειν,
1783 1095 1905 1183 οὐχ
1928 1094 2017 1177 ὥς
2030 1093 2141 1166 ·’έπ
2166 1096 2335 1183 ἀγα-

322 1190 458 1260 θόν
491 1215 552 1259 τι
586 1192 797 1271 ἰόντες
831 1188 984 1260 οὐδ’
1023 1189 1114 1271 ὥς
1148 1188 1649 1312 εὐπαθήσοντες
1682 1196 1757 1262 ἐν
1800 1193 2001 1286 αὐτῷ,
2045 1191 2194 1263 ἀλλ’
2246 1192 2335 1276 ὥς

245 1296 287 1345 D
324 1285 416 1355 ἐπ’
441 1285 804 1372 ἀναγκαῖον
822 1290 935 1358 καὶ
958 1284 1084 1357 οὐκ
1102 1289 1409 1375 ἔχοντες““
1375 1295 1630 1358 εαυτῶν
1645 1295 1974 1376 βελτίοσιν
1995 1293 2332 1378 ἐπιτρέψαι

323 1383 481 1454 οὐδὲ
512 1380 781 1471 ὁμοίοις.
825 1387 965 1455 ἐπεὶ
1000 1387 1413 1472 κινδυνεύει,
1457 1386 1647 1466 πόλις
1681 1386 1950 1475 ἀνδρων
1971 1386 2254 1476 ἀγαθῶν
2275 1396 2335 1459 εί

320 1486 579 1569 γένοιτο
594 1533 613 1567 ,
660 1483 1105 1570 περιμάχητον
1135 1511 1222 1553 αν
1242 1483 1412 1553 εἶναι
1436 1485 1512 1553 τὸ
1536 1483 1625 1570 μὴ
1649 1482 1907 1570 ἄρχειν,
1933 1484 2154 1574 ωσπερ
2177 1489 2330 1557 νυνὶ

321 1579 395 1648 τὸ
433 1578 662 1664 ἄρχειν
675 1629 696 1665 ,
741 1583 853 1649 καὶ
883 1579 1162 1649 ἐνταῦθ’
1201 1608 1290 1650 αν
1324 1580 1700 1668 καταφανὲς
1721 1587 2069 1667 γενέσθαι,
2114 1582 2215 1653 ὅτι
2236 1592 2331 1676 τῷ

321 1702 466 1744 οντι
500 1673 823 1763 ἀληθινὸς
857 1677 1082 1765 ἅρχων
1112 1675 1196 1748 οὗ
1217 1683 1475 1765 πέφυκε
1496 1679 1571 1747 τὸ
1597 1676 1777 1769 αὐτῷ
1799 1686 2145 1769 συμφέρον
2166 1703 2313 1752 σκο-

321 1783 614 1861 πεισθαι,
638 1771 805 1844 ἀλλὰ
828 1772 903 1843 τὸ
920 1784 1015 1865 τῷ
1028 1775 1400 1866 ἀρχομένῳ·
1427 1776 1594 1845 ὥστε
1617 1784 1744 1857 πᾶς
1764 1804 1854 1847 αν
1873 1778 1910 1846 ὁ
1933 1779 2317 1866 γιγνώσκων

318 1868 396 1940 τὸ
421 1868 829 1956 ω’φελεῖσθαι
848 1880 1105 1959 μᾶλλον
1125 1875 1340 1942 ελοιτο
1361 1870 1478 1940 υπ’
1501 1869 1783 1941 ἄλλου’“
1739 1901 1779 1960 η
1819 1872 2023 1955 άλλον
2047 1873 2323 1963 ωφελοῖν

320 1967 674 2053 πράγματα
708 1973 898 2054 ἔχειν.
936 1977 1135 2037 τοῦτο
1167 1969 1292 2054 μὲν
1324 1996 1452 2039 ουν
1485 1976 1693 2057 ἔγωγε
1725 1970 1985 2064 ουδαμῇ
2005 1983 2328 2063 συγχωρω

243 2082 286 2131 Ε
322 2063 762 2155 Θρασυμάχω,
794 2064 884 2145 ὥς
903 2063 975 2133 τὰ
1001 2066 1262 2136 δίκαιόν
1283 2068 1420 2135 ἐστι
1439 2067 1513 2136 τό
1535 2076 1660 2138 τοῦ
1680 2076 2054 2156 κρείττονος
2076 2075 2327 2160 ξυμφέ-

320 2188 464 2248 ρον.
507 2159 674 2230 άλλὰ
706 2170 903 2231 τοῦτο
937 2164 1059 2250 μὲν
1093 2165 1172 2250 δὴ
1209 2166 1318 2234 καὶ
1354 2170 1656 2247 εἰσαῦθις
1687 2168 2105 2255 σκεψόμεθα·
2150 2169 2324 2240 πολὺ

321 2263 400 2327 δέ
430 2285 545 2345 μοι
578 2263 761 2329 δοκεῖ
789 2266 1011 2347 μεῖζον
1042 2260 1317 2349 εἶναι,
1291 2289 1329 2331 ο
1348 2271 1480 2332 νῦν
1501 2267 1675 2350 λέγει
1694 2268 2162 2354 Θρασύμαχος,
2204 2265 2326 2338 τὸν

319 2380 442 2423 του
466 2350 701 2423 ἀδίκου
720 2361 872 2443 βίον
895 2357 1181 2443 φάσκων
1201 2357 1371 2427 εἶναι
1391 2359 1735 2447 κρείττω”
1692 2389 1731 2448 η
1753 2362 1874 2430 τὸν
1894 2372 2017 2433 τοῦ
2038 2369 2319 2433 δικαίου.

320 2448 408 2517 σὺ
429 2444 557 2518 οὖν
577 2451 896 2538 πότερον,
933 2445 1018 2540 ἦν
1051 2453 1115 2522 δ’
1138 2455 1306 2542 ἐγώ,
1341 2483 1393 2525 ω
1369 2449 1778 2543 Γλαύκων,
1812 2463 1990 2546 αἱρεῖ
1999 2462 2110 2530 καὶ
2128 2464 2325 2530 ποτέ-

320 2572 453 2634 ρως
487 2545 945 2635 ἀληθεστέρως
979 2555 1163 2622 δοκεῖ
1194 2573 1300 2622 σοι
1331 2555 1677 2639 λέγεσθαι;
1730 2554 1864 2625 Τόν
1896 2566 2021 2627 τοῦ
2062 2563 2323 2629 δικαίου

318 2651 559 2732 ἔγωγε,
590 2651 750 2734 ἔφη,
788 2653 1323 2737 λυσιτελέστερον
1343 2657 1497 2739 βίον
1518 2650 1701 2722 εἶναι.
1728 2653 2099 2740 ’Ἠκουσας,
2142 2649 2232 2743 ἦν
2254 2658 2318 2727 δ’

179 2757 288 2813 848
318 2741 540 2829 huis*
501 2764 625 2813 οσα
647 2743 796 2831 άρτι
821 2745 1262 2833 Θρασύμαχος
1282 2746 1510 2835 ἀγαθὰ
1534 2754 1769 2837 διῆλθε
1790 2776 1882 2842 τω
1905 2758 2027 2819 τοῦ
2048 2749 2319 2836 ἀδίκους

302 2841 602 2930 ᾝκουσα
615 2893 635 2929 ,
664 2848 791 2930 ἔφη
808 2894 826 2928 ,
849 2840 1110 2912 ἀλλὀὐ
1130 2852 1465 2932 πείθομαι.
1534 2848 1776 2918 Βουλει
1796 2874 1927 2917 ουν
1946 2847 2155 2920 αὐτὸν
2175 2858 2322 2922 πεί-

315 2950 548 3027 θωμεν
562 2990 582 3026 ‚
632 2966 720 3007 αν
753 2939 1115 3028 δυνιόμεθά
1137 2967 1231 3033 πῃ
1249 2946 1570 3028 ἐξευρεῖν,
1612 2972 1701 3026 ως
1720 2972 1848 3016 ουκ
1870 2944 2093 3035 ἀληθῆ
2113 2951 2320 3034 λέγεις

316 3044 475 3116 Πως
506 3033 635 3124 γὰρ
669 3035 752 3106 οὐ
786 3037 1143 3125 βούλομαι;
1184 3034 1230 3127 ἦ
1263 3038 1328 3108 δ’
1365 3039 1457 3122 ὅς.
1531 3036 1650 3111 ’Ὰν
1681 3046 1804 3129 μὲν
1837 3048 2099 3129 τοίνυν,
2141 3038 2231 3132 ἦν
2252 3043 2318 3115 δ’

314 3134 445 3220 ἐγώ
461 3183 481 3219 ,
528 3132 1174 3218 ἀντικατατείναντες
1206 3144 1501 3225 λέγωμεν
1530 3136 1714 3230 αὐτῷ
1750 3140 1956 3226 λόγον
1989 3140 2189 3263 παρὰ
2200 3141 2320 3212 λό-

313 3259 460 3320 γον,
485 3229 611 3300 οσα
633 3224 723 3300 αὖ
743 3231 969 3318 ἀγαθὰ
993 3240 1123 3320 ἔχει
1142 3233 1217 3303 τὸ
1242 3240 1502 3305 δίκαιον
1524 3235 1692 3306 εἶναι
1705 3288 1724 3322 ,
1746 3240 1859 3306 καὶ
1880 3231 2081 3319 αὖθις
2102 3264 2317 3325 ουτος,

313 3333 422 3398 καὶ
446 3327 655 3398 αλλον
671 3327 872 3421 ἡμεῖς,
896 3329 1210 3420 ἀριθμεῖν
1232 3333 1452 3422 δεήσει,
1466 3332 1732 3421 τάγαθὰ
1752 3336 1860 3404 καὶ
1881 3350 2165 3423 μετρεῖν,
2193 3335 2317 3406 οσα
