2602 3928
937 196 1521 257 ΠΟΛΙΤΕΙΑΣ
1560 190 1619 259 ε’.
2169 200 2289 263 155

270 359 509 434 παῖδας
531 352 982 434 ἀπολέσαντας
1000 365 1272 442 ποιῆσαι
1293 359 1405 425 καὶ
1435 354 1562 442 τὴν
1582 357 1794 444 ἄλλην
1814 358 2014 426 πόλιν
2033 357 2290 428 ἀδύνα-

271 481 391 522 τον
413 451 790 537 ἀναλαβεῖν.
829 450 1103 539 Ἀληθῆ,
1124 448 1213 539 ἦν
1234 454 1299 521 δ’
1326 456 1478 541 ἐγώ,
1501 456 1741 539 λέγεις·
1776 454 1944 524 ἀλλά
1980 456 2067 523 σὺ
2100 466 2288 540 πρῶ-

270 579 391 620 τον
412 551 534 637 μὲν
559 548 707 636 ἡγεῖ
736 557 1322 633 παρασκευαστέον
1354 550 1429 620 τὰ
1476 554 1569 639 μή
1616 578 1776 621 ποτε
1816 558 2284 637 κινδυνεῦσαις

273 647 620 735 Οὐδαμῶς.
675 654 761 715 Τι’
774 645 838 715 δ’
870 658 937 716 εἴ
950 673 1085 716 που
1101 654 1593 736 κινδυνευτέον,
1629 647 1757 717 οὐκ
1790 653 1866 718 ἐν
1905 641 1960 740 ῶ
1986 656 2289 736 βελτίους

268 753 535 815 ἔσονται
576 754 1101 831 κατορθοῦντες,
1146 755 1380 833 Δῆλον
1422 748 1523 832 δή.
1588 746 1783 815 Ἀλλὰ
1832 745 2118 867 σμικρὸν
2159 758 2282 816 οῖει
2324 756 2363 808 G

269 840 614 930 διαφέρειν
636 844 747 912 καὶ
770 844 896 911 οὐκ
924 842 1114 924 άξιον
1134 845 1482 930 κινδυνου,
1505 854 1793 930 θεωρεῖν
1823 841 1867 931 ἦ
1901 846 1990 931 μὴ
2022 844 2104 912 τὰ
2134 850 2285 930 περὶ

267 941 389 1008 τὸν
412 940 705 1027 πόλεμον
726 946 963 1020 παῖδας
983 942 1142 1022 τοὺς
1175 943 1425 1029 ανδρας
1458 941 1858 1029 πολεμικοὺς
1890 945 2283 1029 ἐσομένους,

272 1037 440 1121 Οὔκ,
464 1036 633 1106 ἄλλα
658 1042 956 1124 διαφέρει
976 1038 1143 1125 πρὸς
1160 1039 1199 1109 ὃ
1227 1045 1455 1126 λέγεις.
1508 1047 1721 1108 Τοῦτο
1744 1041 1869 1127 μὲν
1901 1067 2033 1125 αρα
2063 1039 2284 1126 ὕπαρ-

268 1140 482 1222 κτέον,
508 1135 818 1219 θεωρους
839 1138 1134 1257 πρλέμου
1155 1137 1312 1217 τούς
1346 1144 1584 1217 παῖδας
1622 1154 1858 1226 ποιεῖν,
1895 1160 2283 1225 προσμηχα-

266 1239 522 1302 νᾶσθαι
544 1231 606 1300 δ’
633 1230 859 1312 αὐτοῖς
878 1232 1270 1320 ἀσφάλειαν,
1308 1239 1420 1304 καὶ
1437 1244 1654 1315 καλῶς
1676 1237 1833 1316 ἕξεθ’
1862 1227 1908 1324 ἦ
1931 1236 2090 1322 γάρ;
2122 1242 2278 1304 Ναί.

270 1329 564 1416 Ουκοῦν,
586 1323 672 1415 ἦν
698 1329 759 1398 δ’
785 1331 935 1415 ἐγώ,
958 1341 1226 1415 πρῶτον
1247 1335 1370 1418 μὲν
1381 1332 1605 1401 αυτῶν
1628 1338 1698 1401 οἰ
1711 1332 2046 1417 πατέρες”
2006 1353 2133 1402 οσα
2155 1334 2282 1402 άν·

266 1439 531 1513 θρωποι
553 1454 677 1495 ουκ
712 1424 993 1514 ἀμαθεῖς
1016 1435 1277 1498 ἔσονται
1300 1428 1470 1499 αλλὰ
1492 1434 1895 1518 γνωμονικοὶ
1918 1441 2053 1499 τῶν
2077 1453 2281 1515 στρα-

264 1533 481 1610 τειῶν,
515 1525 669 1594 ὅσαι
699 1552 770 1592 τε
803 1528 914 1593 καὶ
946 1525 1034 1614 μὴ
1069 1530 1509 1607 ἐπικίνδυνοις
1552 1527 1776 1612 Εἰκός,
1809 1536 1958 1615 ἒφῖη.
2005 1535 2125 1607 Εἰς
2153 1529 2278 1614 μὲν
2313 1552 2356 1601 D

263 1623 396 1707 ἄρα
432 1620 549 1701 τὰς
578 1621 875 1708 ἄξουσιν,
911 1630 1003 1702 εἰς
1038 1626 1110 1691 δὲ
1141 1624 1258 1703 τὰς
1293 1623 1791 1712 εὐλαβήσονται.
1833 1625 2107 1711 Ὀρθῶς.
2148 1628 2282 1694 Καὶ

265 1719 589 1806 ἄρχοντάς
607 1725 688 1805 γέ
705 1745 860 1806 που,
883 1712 974 1805 ἦν
996 1718 1061 1787 δ’
1087 1721 1242 1805 έγῶ,
1274 1720 1357 1789 οὐ
1376 1721 1533 1801 τοὺς
1568 1724 2031 1807 φαυλοτάτους
2055 1723 2300 1802 αὐτοῖς·

265 1819 751 1905 ἐπιστήσουσιν,
793 1818 963 1886 ἀλλὰ
992 1816 1149 1898 τούς
1173 1822 1474 1908 ἐμπειρίᾳ
1506 1847 1578 1888 τε
1603 1823 1714 1889 καὶ
1748 1819 1972 1911 ἡλικίᾳ
2005 1821 2281 1900 ἱκανοὺς

262 1915 596 2003 ἡγεμόνας
629 1943 698 1986 τε
739 1918 849 1988 καὶ
891 1916 1358 2004 παιδαγωγοὺς
1393 1917 1575 1991 εἶναι.
1621 1921 1871 2007 Πρέπει
1897 1919 2045 2005 γάρ.
2084 1916 2277 1988 Ἀλλά

263 2016 414 2101 γάρ,
442 2015 764 2101 φήσομεν,
788 2017 898 2081 καὶ
919 2013 1098 2099 παρὰ
1125 2016 1329 2095 δόξαν
1350 2013 1561 2084 πολλὰ
1586 2026 1855 2096 πολλοῖς
1890 2016 1970 2104 δὴ
1999 2020 2278 2102 ἐγένετο.

262 2117 394 2182 Καὶ
416 2115 613 2199 μάλα.
655 2111 839 2197 Πρὸς
859 2119 1094 2181 τοίνυν
1113 2111 1194 2179 τὰ
1214 2123 1509 2200 τοιαῦτα,
1548 2108 1604 2182 ῶ
1633 2124 1805 2202 φίλε,
1841 2125 2131 2201 πτεροῦν
2152 2113 2277 2202 χρὴ

263 2217 495 2279 παιδία
526 2212 691 2280 ὅντα
715 2209 949 2294 εὐθύς,
985 2208 1078 2276 ἵν’
1114 2210 1203 2277 ἄν
1237 2238 1301 2278 τι
1336 2215 1452 2299 δέῃ
1486 2211 1839 2298 πετόμενοι
1875 2213 2279 2298 ἀποφεύγω-

263 2332 390 2377 σιν.
437 2317 594 2387 Πῶς
617 2314 859 2393 λέγεις;
882 2312 1030 2392 ἔφη.
1065 2304 1201 2374 Ἐπὶ
1235 2306 1397 2388 τοὺς
1427 2313 1692 2395 ἵππους,
1714 2302 1804 2395 ἦν
1827 2308 1891 2378 δ’
1931 2311 2083 2396 ἐγώ,
2108 2307 2278 2376 άνα-
2318 2328 2359 2378 Ε

262 2411 616 2495 βιβαστέον
640 2404 730 2485 ῶς
747 2405 1144 2490 νεωτάτους,
1166 2409 1277 2474 καὶ
1313 2412 1788 2493 διδαξαμένους
1820 2409 2130 2476 ἱππεύειν
2164 2405 2274 2493 ἐφ’

259 2513 481 2575 ἳππων
503 2502 738 2572 άκτέον
762 2508 861 2571 ἐπὶ
886 2502 1010 2588 τὴν
1033 2508 1226 2590 θέαν,
1266 2505 1356 2590 μὴ
1389 2511 1777 2590 θυμοειδῶν
1809 2506 1975 2591 μηδὲ
2007 2531 2279 2592 μαχητι-

263 2614 421 2689 κῶν,
438 2602 581 2671 ἀλλ’
611 2601 649 2670 ὅ
669 2628 733 2669 τι
755 2603 1273 2672 ποδωκεστάτων
1294 2604 1406 2672 καὶ
1424 2601 1907 2689 εὐηνιωτάτων.
1950 2601 2128 2670 οὕτω
2150 2604 2277 2687 γὰρ

264 2702 577 2770 κάλλιστά
595 2726 668 2768 τε
689 2698 1052 2768 θεάσονται
1072 2696 1145 2767 τὸ
1171 2697 1396 2768 αὑτῶν
1415 2705 1635 2786 ἔργον,
1660 2704 1771 2769 καὶ
1791 2700 2276 2787 ἀσφαλέστατα,

266 2801 353 2869 ἄν
374 2827 438 2866 τι
459 2801 595 2886 δέῃ,
620 2799 1044 2883 σωθήσονται
1065 2797 1226 2884 μετὰ
1250 2802 1724 2885 πρεσβυτέρων
1742 2797 2094 2885 ἡγεμόνων
2118 2798 2279 2866 ἑπό-

262 2924 469 2985 μενοι.
505 2892 782 2977 Ὀρθῶς,
808 2901 954 2981 ἔφη,
981 2921 1093 2982 μοι
1116 2901 1333 2973 δοκεῖς
1353 2898 1587 2980 λέγειν.
1628 2906 1714 2968 Τί
1721 2901 1833 2967 δαὶ
1849 2895 1943 2982 δή,
1967 2895 2173 2983 εἷπον,
2198 2894 2278 2964 τὰ
2312 2911 2417 2969 468

265 2997 412 3081 περὶ
433 2993 554 3062 τὰν
575 2992 900 3079 πόλεμον;
947 3004 1085 3072 πῶς
1120 2995 1347 3064 ἑκτέον
1370 3013 1477 3061 σοι
1498 2992 1654 3073 τοὺς
1675 2995 2076 3078 στρατιώτας
2111 2994 2279 3081 πρὸς

265 3092 513 3172 αὐτούς
535 3119 602 3159 τε
635 3095 744 3160 καὶ
766 3093 923 3173 τούς
955 3101 1346 3179 πολεμίους,
1391 3086 1500 3175 ἆρ’
1539 3091 1766 3179 ὀρθῶς
1801 3121 1915 3180 μοι
1946 3103 2276 3181 καταφαί-

263 3220 445 3262 νεται
464 3188 508 3277 ἦ
533 3191 645 3270 οὔ;
665 3191 851 3277 Λέγ’,
875 3198 1025 3279 ἔφη,
1050 3189 1187 3259 ποῖ’
1213 3190 1317 3259 ἄν.
1362 3188 1607 3261 Αὐτῶν
1628 3195 1769 3277 μέν,
1800 3191 2008 3276 εἶπον,
2031 3189 2154 3259 τὸν
2172 3202 2277 3260 λι·-

264 3292 476 3360 πόντα
499 3288 684 3369 τάξιν
706 3284 749 3373 ἢ
771 3288 944 3358 ὅπλα
967 3288 1395 3376 ἀποβαλόντα
1417 3288 1460 3374 ἥ
1483 3316 1545 3356 τι
1565 3297 1703 3356 τῶν
1724 3289 2048 3356 τοιούτων
2083 3290 2275 3375 ποιή-

265 3408 470 3457 σαντα
493 3383 604 3455 διὰ
636 3384 852 3475 κάκην
873 3382 1007 3473 ἆρα
1031 3387 1115 3456 οὐ
1137 3386 1549 3494 δημιουργόν
1569 3416 1718 3456 τινα
1740 3394 1848 3456 δεῖ
1872 3386 2275 3455 καθιστάναι
