<?xml version="1.0" encoding="UTF-8"?>
<!DOCTYPE html PUBLIC "-//W3C//DTD XHTML 1.0 Transitional//EN"
    "http://www.w3.org/TR/xhtml1/DTD/xhtml1-transitional.dtd">
<html xmlns="http://www.w3.org/1999/xhtml" xml:lang="en" lang="en">
 <head>
  <title>
</title>
<meta http-equiv="Content-Type" content="text/html;charset=utf-8" />
  <meta name='ocr-system' content='tesseract 3.04.00' />
  <meta name='ocr-capabilities' content='ocr_page ocr_carea ocr_par ocr_line ocrx_word'/>
</head>
<body>
  <div class='ocr_page' id='page_1' title='image "./dialogisecundum07platgoog_0415.png"; bbox 0 0 2602 3928; ppageno 0'>
   <div class='ocr_carea' id='block_1_1' title="bbox 258 196 2265 290">
    <p class='ocr_par' dir='ltr' id='par_1_1' title="bbox 258 196 2265 290">
     <span class='ocr_line' id='line_1_1' title="bbox 258 196 2265 290; baseline 0.001 -4"><span class='ocrx_word' id='word_1_1' title='bbox 258 233 325 286; x_wconf 84' lang='lat'><strong><em>61</em></strong></span> <span class='ocrx_word' id='word_1_2' title='bbox 412 196 417 200; x_wconf 73' lang='grc'><strong>’</strong></span> <span class='ocrx_word' id='word_1_3' title='bbox 1063 223 1322 286; x_wconf 79' lang='lat' dir='ltr'><strong><em>TJMA</em></strong></span> <span class='ocrx_word' id='word_1_4' title='bbox 1336 225 1436 286; x_wconf 84' lang='lat'><strong><em>10</em></strong></span> <span class='ocrx_word' id='word_1_5' title='bbox 1448 228 1519 283; x_wconf 76' lang='grc' dir='ltr'><strong><em>Σ.</em></strong></span> <span class='ocrx_word' id='word_1_6' title='bbox 2139 225 2265 290; x_wconf 83' lang='lat'><strong><em>379</em></strong></span> 
     </span>
    </p>
   </div>
   <div class='ocr_carea' id='block_1_2' title="bbox 256 383 2374 3509">
    <p class='ocr_par' dir='ltr' id='par_1_2' title="bbox 256 383 2374 3509">
     <span class='ocr_line' id='line_1_2' title="bbox 259 383 2335 474; baseline 0.002 -21"><span class='ocrx_word' id='word_1_7' title='bbox 259 390 736 465; x_wconf 77' lang='grc' dir='ltr'><strong><em>κατοικίζουσιν</em></strong></span> <span class='ocrx_word' id='word_1_8' title='bbox 763 390 854 464; x_wconf 78' lang='grc' dir='ltr'><strong><em>εἰς</em></strong></span> <span class='ocrx_word' id='word_1_9' title='bbox 885 383 1096 472; x_wconf 71' lang='grc' dir='ltr'><strong><em>ἄλλην</em></strong></span> <span class='ocrx_word' id='word_1_10' title='bbox 1116 391 1238 454; x_wconf 81' lang='grc' dir='ltr'><strong><em>τοῦ</em></strong></span> <span class='ocrx_word' id='word_1_11' title='bbox 1259 385 1562 471; x_wconf 75' lang='grc' dir='ltr'><strong><em>σώματος</em></strong></span> <span class='ocrx_word' id='word_1_12' title='bbox 1583 396 1856 473; x_wconf 73' lang='grc' dir='ltr'><strong><em>οἴκησιν</em></strong></span> <span class='ocrx_word' id='word_1_13' title='bbox 1885 386 1960 455; x_wconf 82' lang='grc' dir='ltr'><strong><em>τὸ</em></strong></span> <span class='ocrx_word' id='word_1_14' title='bbox 1984 387 2262 474; x_wconf 80' lang='grc' dir='ltr'><strong><em>θνητόν,</em></strong></span> <span class='ocrx_word' id='word_1_15' title='bbox 2295 410 2335 459; x_wconf 74' lang='grc' dir='ltr'>Ε</span> 
     </span>
     <span class='ocr_line' id='line_1_3' title="bbox 260 480 2268 570; baseline 0.002 -22"><span class='ocrx_word' id='word_1_16' title='bbox 260 480 508 567; x_wconf 76' lang='grc' dir='ltr'><strong><em>ἰσθμὸν</em></strong></span> <span class='ocrx_word' id='word_1_17' title='bbox 542 485 655 551; x_wconf 82' lang='grc' dir='ltr'><strong><em>καὶ</em></strong></span> <span class='ocrx_word' id='word_1_18' title='bbox 697 481 863 567; x_wconf 80' lang='grc' dir='ltr'><strong><em>ὅρον</em></strong></span> <span class='ocrx_word' id='word_1_19' title='bbox 898 483 1517 569; x_wconf 82' lang='grc' dir='ltr'><strong><em>διοικοδομήσαντες</em></strong></span> <span class='ocrx_word' id='word_1_20' title='bbox 1556 491 1671 570; x_wconf 81' lang='grc' dir='ltr'><strong><em>τῆς</em></strong></span> <span class='ocrx_word' id='word_1_21' title='bbox 1712 510 1784 551; x_wconf 90' lang='grc' dir='ltr'><strong><em>τε</em></strong></span> <span class='ocrx_word' id='word_1_22' title='bbox 1824 492 2116 570; x_wconf 77' lang='grc' dir='ltr'><strong><em>κεφαλῆς</em></strong></span> <span class='ocrx_word' id='word_1_23' title='bbox 2157 486 2268 552; x_wconf 83' lang='grc' dir='ltr'><strong><em>καὶ</em></strong></span> 
     </span>
     <span class='ocr_line' id='line_1_4' title="bbox 256 576 2268 668; baseline 0 -22"><span class='ocrx_word' id='word_1_24' title='bbox 256 587 378 647; x_wconf 87' lang='grc' dir='ltr'><strong><em>τοῦ</em></strong></span> <span class='ocrx_word' id='word_1_25' title='bbox 400 580 714 667; x_wconf 78' lang='grc' dir='ltr'><em>στήθους,</em></span> <span class='ocrx_word' id='word_1_26' title='bbox 760 576 1004 667; x_wconf 79' lang='grc' dir='ltr'><strong><em>αὐχένα</em></strong></span> <span class='ocrx_word' id='word_1_27' title='bbox 1036 578 1282 667; x_wconf 73' lang='grc' dir='ltr'><strong><em>μεταξύ</em></strong></span> <span class='ocrx_word' id='word_1_28' title='bbox 1303 581 1618 667; x_wconf 77' lang='grc' dir='ltr'><strong><em>τιθέντες,</em></strong></span> <span class='ocrx_word' id='word_1_29' title='bbox 1653 585 1765 648; x_wconf 83' lang='grc' dir='ltr'><strong><em>ἵνα</em></strong></span> <span class='ocrx_word' id='word_1_30' title='bbox 1787 592 1888 668; x_wconf 74' lang='grc' dir='ltr'><strong><em>εἴη</em></strong></span> <span class='ocrx_word' id='word_1_31' title='bbox 1923 587 2136 666; x_wconf 87' lang='grc' dir='ltr'><strong><em>χωρίς.</em></strong></span> <span class='ocrx_word' id='word_1_32' title='bbox 2194 585 2268 647; x_wconf 77' lang='grc' dir='ltr'><strong><em>ἐν</em></strong></span> 
     </span>
     <span class='ocr_line' id='line_1_5' title="bbox 259 675 2271 767; baseline -0.001 -23"><span class='ocrx_word' id='word_1_33' title='bbox 259 675 340 763; x_wconf 87' lang='grc' dir='ltr'><strong><em>δὴ</em></strong></span> <span class='ocrx_word' id='word_1_34' title='bbox 364 692 501 757; x_wconf 85' lang='grc' dir='ltr'><strong><em>τοῖς</em></strong></span> <span class='ocrx_word' id='word_1_35' title='bbox 524 678 803 766; x_wconf 75' lang='grc' dir='ltr'><strong><em>στήθεσι</em></strong></span> <span class='ocrx_word' id='word_1_36' title='bbox 825 682 934 746; x_wconf 83' lang='grc' dir='ltr'><strong><em>καὶ</em></strong></span> <span class='ocrx_word' id='word_1_37' title='bbox 965 685 1058 767; x_wconf 74' lang='grc' dir='ltr'><strong><em>τῷ</em></strong></span> <span class='ocrx_word' id='word_1_38' title='bbox 1083 682 1475 767; x_wconf 70' lang='grc' dir='ltr'><strong><em>καλουμένῳ</em></strong></span> <span class='ocrx_word' id='word_1_39' title='bbox 1497 678 1761 766; x_wconf 76' lang='grc' dir='ltr'><strong><em>θώρακι</em></strong></span> <span class='ocrx_word' id='word_1_40' title='bbox 1801 678 1876 746; x_wconf 83' lang='grc' dir='ltr'><strong><em>τὸ</em></strong></span> <span class='ocrx_word' id='word_1_41' title='bbox 1911 685 2028 765; x_wconf 82' lang='grc' dir='ltr'><strong><em>τῆς</em></strong></span> <span class='ocrx_word' id='word_1_42' title='bbox 2059 685 2271 763; x_wconf 76' lang='grc' dir='ltr'><strong><em>ψυχῆς</em></strong></span> 
     </span>
     <span class='ocr_line' id='line_1_6' title="bbox 259 771 2269 864; baseline 0 -22"><span class='ocrx_word' id='word_1_43' title='bbox 259 774 518 860; x_wconf 81' lang='grc' dir='ltr'><strong><em>θνητὸν</em></strong></span> <span class='ocrx_word' id='word_1_44' title='bbox 549 778 744 861; x_wconf 85' lang='grc' dir='ltr'><strong><em>γένος</em></strong></span> <span class='ocrx_word' id='word_1_45' title='bbox 764 780 1058 864; x_wconf 82' lang='grc' dir='ltr'><strong><em>ένέδουν,</em></strong></span> <span class='ocrx_word' id='word_1_46' title='bbox 1098 776 1208 844; x_wconf 88' lang='grc' dir='ltr'><strong><em>καὶ</em></strong></span> <span class='ocrx_word' id='word_1_47' title='bbox 1228 774 1454 862; x_wconf 80' lang='grc' dir='ltr'><strong><em>ἐπειδὴ</em></strong></span> <span class='ocrx_word' id='word_1_48' title='bbox 1486 772 1559 846; x_wconf 77' lang='grc' dir='ltr'><strong><em>τὸ</em></strong></span> <span class='ocrx_word' id='word_1_49' title='bbox 1592 775 1715 862; x_wconf 69' lang='grc' dir='ltr'><strong><em>μὲν</em></strong></span> <span class='ocrx_word' id='word_1_50' title='bbox 1735 776 2011 862; x_wconf 80' lang='grc' dir='ltr'><strong><em>ἄμεινον</em></strong></span> <span class='ocrx_word' id='word_1_51' title='bbox 2045 771 2269 860; x_wconf 82' lang='grc' dir='ltr'><strong><em>αὐτῆς,</em></strong></span> 
     </span>
     <span class='ocr_line' id='line_1_7' title="bbox 260 864 2270 960; baseline 0.001 -22"><span class='ocrx_word' id='word_1_52' title='bbox 260 869 334 939; x_wconf 84' lang='grc' dir='ltr'><strong><em>τὸ</em></strong></span> <span class='ocrx_word' id='word_1_53' title='bbox 362 873 434 941; x_wconf 71' lang='grc' dir='ltr'><strong><em>δὲ</em></strong></span> <span class='ocrx_word' id='word_1_54' title='bbox 453 886 675 958; x_wconf 77' lang='grc' dir='ltr'><strong><em>χεῖρον</em></strong></span> <span class='ocrx_word' id='word_1_55' title='bbox 695 873 1031 960; x_wconf 78' lang='grc' dir='ltr'><strong><em>ἐπεφύκει,</em></strong></span> <span class='ocrx_word' id='word_1_56' title='bbox 1057 876 1551 959; x_wconf 81' lang='grc' dir='ltr'><strong><em>διοικοδομοῦσι</em></strong></span> <span class='ocrx_word' id='word_1_57' title='bbox 1578 871 1652 941; x_wconf 85' lang='grc' dir='ltr'><strong><em>τό</em></strong></span> <span class='ocrx_word' id='word_1_58' title='bbox 1690 880 1811 941; x_wconf 86' lang='grc' dir='ltr'><strong><em>τοῦ</em></strong></span> <span class='ocrx_word' id='word_1_59' title='bbox 1834 872 2147 958; x_wconf 73' lang='grc' dir='ltr'><strong><em>θώρακος</em></strong></span> <span class='ocrx_word' id='word_1_60' title='bbox 2180 864 2270 940; x_wconf 81' lang='grc' dir='ltr'><strong><em>αὖ</em></strong></span> 
     </span>
     <span class='ocr_line' id='line_1_8' title="bbox 258 965 2374 1057; baseline 0.003 -21"><span class='ocrx_word' id='word_1_61' title='bbox 258 969 488 1053; x_wconf 80' lang='grc' dir='ltr'><strong><em>κύτος,</em></strong></span> <span class='ocrx_word' id='word_1_62' title='bbox 545 974 937 1057; x_wconf 77' lang='grc' dir='ltr'><strong><em>διορίζοντες</em></strong></span> <span class='ocrx_word' id='word_1_63' title='bbox 976 965 1123 1039; x_wconf 84' lang='grc' dir='ltr'><strong><em>οἷον</em></strong></span> <span class='ocrx_word' id='word_1_64' title='bbox 1160 979 1524 1057; x_wconf 81' lang='grc' dir='ltr'><strong><em>γυναικῶν,</em></strong></span> <span class='ocrx_word' id='word_1_65' title='bbox 1566 968 1690 1057; x_wconf 85' lang='grc' dir='ltr'><strong><em>τὴν</em></strong></span> <span class='ocrx_word' id='word_1_66' title='bbox 1733 970 1806 1039; x_wconf 77' lang='grc' dir='ltr'><strong><em>δὲ</em></strong></span> <span class='ocrx_word' id='word_1_67' title='bbox 1848 968 2117 1056; x_wconf 75' lang='grc' dir='ltr'><strong><em>ἀνδρῶν</em></strong></span> <span class='ocrx_word' id='word_1_68' title='bbox 2136 995 2266 1056; x_wconf 82' lang='grc' dir='ltr'><strong><em>χω-</em></strong></span> <span class='ocrx_word' id='word_1_69' title='bbox 2303 986 2374 1042; x_wconf 77' lang='lat'><strong><em>70</em></strong></span> 
     </span>
     <span class='ocr_line' id='line_1_9' title="bbox 263 1065 2274 1161; baseline -0 -25"><span class='ocrx_word' id='word_1_70' title='bbox 263 1069 363 1151; x_wconf 85' lang='grc' dir='ltr'><strong><em>ρὶς</em></strong></span> <span class='ocrx_word' id='word_1_71' title='bbox 384 1075 665 1153; x_wconf 75' lang='grc' dir='ltr'><strong><em>οἴκησιν,</em></strong></span> <span class='ocrx_word' id='word_1_72' title='bbox 709 1065 828 1147; x_wconf 75' lang='grc' dir='ltr'><strong><em>τὰς</em></strong></span> <span class='ocrx_word' id='word_1_73' title='bbox 857 1071 1106 1161; x_wconf 78' lang='grc' dir='ltr'><strong><em>φρένας</em></strong></span> <span class='ocrx_word' id='word_1_74' title='bbox 1147 1068 1531 1155; x_wconf 78' lang='grc' dir='ltr'><strong><em>διάφραγμα</em></strong></span> <span class='ocrx_word' id='word_1_75' title='bbox 1572 1074 1664 1147; x_wconf 81' lang='grc' dir='ltr'><strong><em>εἰς</em></strong></span> <span class='ocrx_word' id='word_1_76' title='bbox 1702 1067 1776 1136; x_wconf 87' lang='grc' dir='ltr'>τό</span> <span class='ocrx_word' id='word_1_77' title='bbox 1802 1069 2006 1154; x_wconf 84' lang='grc' dir='ltr'><strong><em>μέσον</em></strong></span> <span class='ocrx_word' id='word_1_78' title='bbox 2048 1066 2274 1135; x_wconf 79' lang='grc' dir='ltr'><strong><em>αὐτῶν</em></strong></span> 
     </span>
     <span class='ocr_line' id='line_1_10' title="bbox 263 1160 2269 1253; baseline 0 -22"><span class='ocrx_word' id='word_1_79' title='bbox 263 1167 575 1241; x_wconf 76' lang='grc' dir='ltr'><strong><em>τιθέντες.</em></strong></span> <span class='ocrx_word' id='word_1_80' title='bbox 613 1163 689 1235; x_wconf 81' lang='grc' dir='ltr'><strong><em>τὸ</em></strong></span> <span class='ocrx_word' id='word_1_81' title='bbox 712 1168 983 1252; x_wconf 80' lang='grc' dir='ltr'><strong><em>μετέχον</em></strong></span> <span class='ocrx_word' id='word_1_82' title='bbox 1005 1160 1134 1234; x_wconf 80' lang='grc' dir='ltr'><strong><em>οὖν</em></strong></span> <span class='ocrx_word' id='word_1_83' title='bbox 1155 1172 1271 1252; x_wconf 84' lang='grc' dir='ltr'><strong><em>τῆς</em></strong></span> <span class='ocrx_word' id='word_1_84' title='bbox 1291 1173 1504 1253; x_wconf 81' lang='grc' dir='ltr'><strong><em>ψυχῆς</em></strong></span> <span class='ocrx_word' id='word_1_85' title='bbox 1525 1163 1833 1251; x_wconf 72' lang='grc' dir='ltr'><strong><em>ἀνδρείας</em></strong></span> <span class='ocrx_word' id='word_1_86' title='bbox 1869 1166 1981 1235; x_wconf 82' lang='grc' dir='ltr'><strong><em>καὶ</em></strong></span> <span class='ocrx_word' id='word_1_87' title='bbox 2014 1170 2269 1249; x_wconf 80' lang='grc' dir='ltr'><strong><em>θυμοῦ,</em></strong></span> 
     </span>
     <span class='ocr_line' id='line_1_11' title="bbox 261 1261 2271 1353; baseline 0 -24"><span class='ocrx_word' id='word_1_88' title='bbox 261 1261 647 1348; x_wconf 83' lang='grc' dir='ltr'><strong><em>φιλόνεικον</em></strong></span> <span class='ocrx_word' id='word_1_89' title='bbox 668 1262 773 1347; x_wconf 87' lang='grc' dir='ltr'><strong><em>ὅν,</em></strong></span> <span class='ocrx_word' id='word_1_90' title='bbox 799 1263 1178 1353; x_wconf 73' lang='grc' dir='ltr'><strong><em>κατῴκισαν</em></strong></span> <span class='ocrx_word' id='word_1_91' title='bbox 1196 1267 1525 1349; x_wconf 68' lang='grc' dir='ltr'><strong><em>ἐγγυτέρω</em></strong></span> <span class='ocrx_word' id='word_1_92' title='bbox 1557 1270 1674 1350; x_wconf 84' lang='grc' dir='ltr'><strong><em>τῆς</em></strong></span> <span class='ocrx_word' id='word_1_93' title='bbox 1705 1271 1997 1349; x_wconf 81' lang='grc' dir='ltr'><strong><em>κεφαλῆς</em></strong></span> <span class='ocrx_word' id='word_1_94' title='bbox 2027 1261 2271 1348; x_wconf 79' lang='grc' dir='ltr'><strong><em>μεταξὺ</em></strong></span> 
     </span>
     <span class='ocr_line' id='line_1_12' title="bbox 259 1354 2268 1447; baseline -0 -20"><span class='ocrx_word' id='word_1_95' title='bbox 259 1367 396 1428; x_wconf 88' lang='grc' dir='ltr'><strong><em>τῶν</em></strong></span> <span class='ocrx_word' id='word_1_96' title='bbox 415 1369 688 1447; x_wconf 86' lang='grc' dir='ltr'><strong><em>φρενῶν</em></strong></span> <span class='ocrx_word' id='word_1_97' title='bbox 708 1386 780 1428; x_wconf 91' lang='grc' dir='ltr'><strong><em>τε</em></strong></span> <span class='ocrx_word' id='word_1_98' title='bbox 815 1363 926 1432; x_wconf 79' lang='grc' dir='ltr'><strong><em>καὶ</em></strong></span> <span class='ocrx_word' id='word_1_99' title='bbox 948 1357 1224 1447; x_wconf 78' lang='grc' dir='ltr'><strong><em>αὐχένος</em></strong></span> <span class='ocrx_word' id='word_1_100' title='bbox 1235 1411 1255 1447; x_wconf 97' lang='grc'><strong><em>,</em></strong></span> <span class='ocrx_word' id='word_1_101' title='bbox 1289 1366 1401 1428; x_wconf 81' lang='grc' dir='ltr'><strong><em>ἵνα</em></strong></span> <span class='ocrx_word' id='word_1_102' title='bbox 1434 1367 1557 1429; x_wconf 84' lang='grc' dir='ltr'><strong><em>τοῦ</em></strong></span> <span class='ocrx_word' id='word_1_103' title='bbox 1591 1361 1797 1447; x_wconf 89' lang='grc' dir='ltr'><strong><em>λόγου</em></strong></span> <span class='ocrx_word' id='word_1_104' title='bbox 1829 1361 2160 1447; x_wconf 84' lang='grc' dir='ltr'><strong><em>κατήκοον</em></strong></span> <span class='ocrx_word' id='word_1_105' title='bbox 2185 1354 2268 1426; x_wconf 78' lang='grc' dir='ltr'><strong><em>όν</em></strong></span> 
     </span>
     <span class='ocr_line' id='line_1_13' title="bbox 261 1455 2270 1546; baseline -0.001 -19"><span class='ocrx_word' id='word_1_106' title='bbox 261 1467 457 1545; x_wconf 82' lang='grc' dir='ltr'><strong><em>κοινῇ</em></strong></span> <span class='ocrx_word' id='word_1_107' title='bbox 474 1455 619 1544; x_wconf 90' lang='grc' dir='ltr'><strong><em>μετ’</em></strong></span> <span class='ocrx_word' id='word_1_108' title='bbox 646 1462 907 1528; x_wconf 83' lang='grc' dir='ltr'><strong><em>ἐκείνου</em></strong></span> <span class='ocrx_word' id='word_1_109' title='bbox 929 1465 1042 1546; x_wconf 76' lang='grc' dir='ltr'><strong><em>βία</em></strong></span> <span class='ocrx_word' id='word_1_110' title='bbox 1072 1456 1148 1530; x_wconf 80' lang='grc' dir='ltr'><strong><em>τὸ</em></strong></span> <span class='ocrx_word' id='word_1_111' title='bbox 1184 1466 1323 1527; x_wconf 84' lang='grc' dir='ltr'><strong><em>τῶν</em></strong></span> <span class='ocrx_word' id='word_1_112' title='bbox 1357 1463 1733 1545; x_wconf 70' lang='grc' dir='ltr'><strong><em>ἐπιθυμιῶν</em></strong></span> <span class='ocrx_word' id='word_1_113' title='bbox 1763 1463 2021 1543; x_wconf 80' lang='grc' dir='ltr'><strong><em>κατέχοι</em></strong></span> <span class='ocrx_word' id='word_1_114' title='bbox 2056 1459 2270 1542; x_wconf 87' lang='grc' dir='ltr'><strong><em>γένος,</em></strong></span> 
     </span>
     <span class='ocr_line' id='line_1_14' title="bbox 261 1554 2273 1647; baseline 0 -24"><span class='ocrx_word' id='word_1_115' title='bbox 261 1554 452 1624; x_wconf 85' lang='grc' dir='ltr'><strong><em>ὁπότ’</em></strong></span> <span class='ocrx_word' id='word_1_116' title='bbox 482 1560 558 1625; x_wconf 77' lang='grc' dir='ltr'><strong><em>ἐκ</em></strong></span> <span class='ocrx_word' id='word_1_117' title='bbox 591 1566 708 1643; x_wconf 80' lang='grc' dir='ltr'><strong><em>τῆς</em></strong></span> <span class='ocrx_word' id='word_1_118' title='bbox 739 1555 1164 1643; x_wconf 76' lang='grc' dir='ltr'><strong><em>ἀκροπόλεως</em></strong></span> <span class='ocrx_word' id='word_1_119' title='bbox 1202 1562 1298 1647; x_wconf 69' lang='grc' dir='ltr'><strong><em>τῷ</em></strong></span> <span class='ocrx_word' id='word_1_120' title='bbox 1345 1556 1728 1642; x_wconf 79' lang='grc' dir='ltr'><strong><em>ἐπιτάγματι</em></strong></span> <span class='ocrx_word' id='word_1_121' title='bbox 1769 1559 1878 1624; x_wconf 83' lang='grc' dir='ltr'><strong><em>καὶ</em></strong></span> <span class='ocrx_word' id='word_1_122' title='bbox 1922 1555 2101 1643; x_wconf 73' lang='grc' dir='ltr'><strong><em>λόγῳ</em></strong></span> <span class='ocrx_word' id='word_1_123' title='bbox 2143 1580 2273 1639; x_wconf 80' lang='grc' dir='ltr'><strong><em>μη-</em></strong></span> 
     </span>
     <span class='ocr_line' id='line_1_15' title="bbox 264 1649 2274 1739; baseline -0.002 -19"><span class='ocrx_word' id='word_1_124' title='bbox 264 1658 439 1739; x_wconf 82' lang='grc' dir='ltr'><strong><em>δαμῇ</em></strong></span> <span class='ocrx_word' id='word_1_125' title='bbox 477 1660 834 1722; x_wconf 75' lang='grc' dir='ltr'><strong><em>πεύθεσθαι</em></strong></span> <span class='ocrx_word' id='word_1_126' title='bbox 877 1652 1033 1723; x_wconf 81' lang='grc' dir='ltr'><strong><em>ἕκὸν</em></strong></span> <span class='ocrx_word' id='word_1_127' title='bbox 1074 1657 1325 1724; x_wconf 78' lang='grc' dir='ltr'><strong><em>ἐθέλοι·</em></strong></span> <span class='ocrx_word' id='word_1_128' title='bbox 1369 1654 1491 1739; x_wconf 81' lang='grc' dir='ltr'><strong><em>τὴν</em></strong></span> <span class='ocrx_word' id='word_1_129' title='bbox 1532 1655 1605 1722; x_wconf 75' lang='grc' dir='ltr'><strong><em>δὲ</em></strong></span> <span class='ocrx_word' id='word_1_130' title='bbox 1638 1651 1719 1738; x_wconf 83' lang='grc' dir='ltr'><strong><em>δὴ</em></strong></span> <span class='ocrx_word' id='word_1_131' title='bbox 1767 1656 2045 1736; x_wconf 80' lang='grc' dir='ltr'><strong><em>καρδίαν</em></strong></span> <span class='ocrx_word' id='word_1_132' title='bbox 2088 1649 2274 1737; x_wconf 76' lang='grc' dir='ltr'><strong><em>ἅμμα</em></strong></span> 
     </span>
     <span class='ocr_line' id='line_1_16' title="bbox 261 1748 2351 1839; baseline -0.001 -22"><span class='ocrx_word' id='word_1_133' title='bbox 261 1759 400 1817; x_wconf 89' lang='grc' dir='ltr'><strong><em>τῶν</em></strong></span> <span class='ocrx_word' id='word_1_134' title='bbox 441 1759 712 1838; x_wconf 90' lang='grc' dir='ltr'><strong><em>φλεβῶν</em></strong></span> <span class='ocrx_word' id='word_1_135' title='bbox 745 1753 856 1820; x_wconf 83' lang='grc' dir='ltr'><strong><em>καὶ</em></strong></span> <span class='ocrx_word' id='word_1_136' title='bbox 889 1751 1106 1839; x_wconf 82' lang='grc' dir='ltr'><strong><em>πηγὴν</em></strong></span> <span class='ocrx_word' id='word_1_137' title='bbox 1137 1759 1257 1821; x_wconf 87' lang='grc' dir='ltr'><strong><em>τοῦ</em></strong></span> <span class='ocrx_word' id='word_1_138' title='bbox 1293 1752 1823 1838; x_wconf 79' lang='grc' dir='ltr'><strong><em>περιφερομένου</em></strong></span> <span class='ocrx_word' id='word_1_139' title='bbox 1855 1751 2023 1837; x_wconf 69' lang='grc' dir='ltr'><strong><em>κατὰ</em></strong></span> <span class='ocrx_word' id='word_1_140' title='bbox 2058 1748 2275 1816; x_wconf 79' lang='grc' dir='ltr'><strong><em>πάντα</em></strong></span> <span class='ocrx_word' id='word_1_141' title='bbox 2311 1756 2351 1805; x_wconf 91' lang='grc' dir='ltr'>Β</span> 
     </span>
     <span class='ocr_line' id='line_1_17' title="bbox 264 1844 2269 1936; baseline -0.001 -22"><span class='ocrx_word' id='word_1_142' title='bbox 264 1844 344 1914; x_wconf 77' lang='grc' dir='ltr'><strong><em>τὰ</em></strong></span> <span class='ocrx_word' id='word_1_143' title='bbox 368 1851 530 1934; x_wconf 87' lang='grc' dir='ltr'><strong><em>μέλη</em></strong></span> <span class='ocrx_word' id='word_1_144' title='bbox 568 1846 879 1935; x_wconf 75' lang='grc' dir='ltr'><strong><em>σφοδρῶς</em></strong></span> <span class='ocrx_word' id='word_1_145' title='bbox 910 1853 1178 1935; x_wconf 79' lang='grc' dir='ltr'><strong><em>αἵματος</em></strong></span> <span class='ocrx_word' id='word_1_146' title='bbox 1216 1854 1309 1928; x_wconf 84' lang='grc' dir='ltr'><strong><em>εἰς</em></strong></span> <span class='ocrx_word' id='word_1_147' title='bbox 1351 1849 1474 1935; x_wconf 84' lang='grc' dir='ltr'><strong><em>τὴν</em></strong></span> <span class='ocrx_word' id='word_1_148' title='bbox 1515 1845 1971 1936; x_wconf 81' lang='grc' dir='ltr'><strong><em>δορυφορικὴν</em></strong></span> <span class='ocrx_word' id='word_1_149' title='bbox 2011 1856 2269 1931; x_wconf 78' lang='grc' dir='ltr'><strong><em>οἴκησιν</em></strong></span> 
     </span>
     <span class='ocr_line' id='line_1_18' title="bbox 261 1946 2270 2034; baseline -0.002 -20"><span class='ocrx_word' id='word_1_150' title='bbox 261 1946 690 2033; x_wconf 84' lang='grc' dir='ltr'><strong><em>κατέστησαν,</em></strong></span> <span class='ocrx_word' id='word_1_151' title='bbox 746 1951 890 2033; x_wconf 79' lang='grc' dir='ltr'><strong><em>ἵνα,</em></strong></span> <span class='ocrx_word' id='word_1_152' title='bbox 949 1946 1057 2016; x_wconf 78' lang='grc' dir='ltr'><strong><em>ὅτε</em></strong></span> <span class='ocrx_word' id='word_1_153' title='bbox 1093 1950 1291 2031; x_wconf 78' lang='grc' dir='ltr'><strong><em>ζέσειε</em></strong></span> <span class='ocrx_word' id='word_1_154' title='bbox 1338 1947 1412 2016; x_wconf 81' lang='grc' dir='ltr'><strong><em>τὸ</em></strong></span> <span class='ocrx_word' id='word_1_155' title='bbox 1443 1954 1567 2016; x_wconf 83' lang='grc' dir='ltr'><strong><em>τοῦ</em></strong></span> <span class='ocrx_word' id='word_1_156' title='bbox 1600 1953 1834 2034; x_wconf 79' lang='grc' dir='ltr'><strong><em>θυμοῦ</em></strong></span> <span class='ocrx_word' id='word_1_157' title='bbox 1864 1948 2093 2032; x_wconf 83' lang='grc' dir='ltr'><strong><em>μένος,</em></strong></span> <span class='ocrx_word' id='word_1_158' title='bbox 2147 1947 2270 2012; x_wconf 83' lang='grc' dir='ltr'><strong><em>τοῦ</em></strong></span> 
     </span>
     <span class='ocr_line' id='line_1_19' title="bbox 262 2043 2271 2132; baseline -0.001 -21"><span class='ocrx_word' id='word_1_159' title='bbox 262 2045 470 2131; x_wconf 87' lang='grc' dir='ltr'><strong><em>λόγου</em></strong></span> <span class='ocrx_word' id='word_1_160' title='bbox 499 2052 1080 2132; x_wconf 85' lang='grc' dir='ltr'><strong><em>παραγγείλαντος,</em></strong></span> <span class='ocrx_word' id='word_1_161' title='bbox 1119 2045 1208 2126; x_wconf 80' lang='grc' dir='ltr'><strong><em>ῶς</em></strong></span> <span class='ocrx_word' id='word_1_162' title='bbox 1229 2073 1327 2127; x_wconf 87' lang='grc' dir='ltr'><strong><em>τις</em></strong></span> <span class='ocrx_word' id='word_1_163' title='bbox 1356 2047 1583 2125; x_wconf 79' lang='grc' dir='ltr'><strong><em>ἄδικος</em></strong></span> <span class='ocrx_word' id='word_1_164' title='bbox 1610 2049 1760 2126; x_wconf 87' lang='grc' dir='ltr'><strong><em>περὶ</em></strong></span> <span class='ocrx_word' id='word_1_165' title='bbox 1782 2043 1950 2113; x_wconf 75' lang='grc' dir='ltr'><strong><em>αὐτὰ</em></strong></span> <span class='ocrx_word' id='word_1_166' title='bbox 1974 2050 2271 2130; x_wconf 88' lang='grc' dir='ltr'><strong><em>γίγνεται·</em></strong></span> 
     </span>
     <span class='ocr_line' id='line_1_20' title="bbox 266 2140 2269 2231; baseline 0 -23"><span class='ocrx_word' id='word_1_167' title='bbox 266 2147 498 2230; x_wconf 80' lang='grc' dir='ltr'><strong><em>πρᾶξις</em></strong></span> <span class='ocrx_word' id='word_1_168' title='bbox 532 2148 782 2224; x_wconf 80' lang='grc' dir='ltr'><strong><em>ἔξωθεν</em></strong></span> <span class='ocrx_word' id='word_1_169' title='bbox 823 2140 867 2231; x_wconf 73' lang='grc' dir='ltr'><em>ἢ</em></span> <span class='ocrx_word' id='word_1_170' title='bbox 908 2151 1026 2213; x_wconf 85' lang='grc' dir='ltr'><strong><em>καί</em></strong></span> <span class='ocrx_word' id='word_1_171' title='bbox 1058 2170 1154 2224; x_wconf 90' lang='grc' dir='ltr'><strong><em>τις</em></strong></span> <span class='ocrx_word' id='word_1_172' title='bbox 1196 2142 1327 2213; x_wconf 75' lang='grc' dir='ltr'><strong><em>ἀπὸ</em></strong></span> <span class='ocrx_word' id='word_1_173' title='bbox 1370 2153 1508 2213; x_wconf 85' lang='grc' dir='ltr'><strong><em>τῶν</em></strong></span> <span class='ocrx_word' id='word_1_174' title='bbox 1545 2149 1831 2215; x_wconf 75' lang='grc' dir='ltr'><strong><em>ἔνδοθεν</em></strong></span> <span class='ocrx_word' id='word_1_175' title='bbox 1874 2147 2269 2228; x_wconf 73' lang='grc' dir='ltr'><strong><em>ἐπιθυμιῶν,</em></strong></span> 
     </span>
     <span class='ocr_line' id='line_1_21' title="bbox 266 2237 2273 2324; baseline -0.001 -18"><span class='ocrx_word' id='word_1_176' title='bbox 266 2239 463 2320; x_wconf 82' lang='grc' dir='ltr'><strong><em>ὀξέως</em></strong></span> <span class='ocrx_word' id='word_1_177' title='bbox 491 2239 599 2308; x_wconf 78' lang='grc' dir='ltr'><strong><em>διὰ</em></strong></span> <span class='ocrx_word' id='word_1_178' title='bbox 637 2242 908 2310; x_wconf 79' lang='grc' dir='ltr'><strong><em>πάντων</em></strong></span> <span class='ocrx_word' id='word_1_179' title='bbox 944 2250 1080 2310; x_wconf 90' lang='grc' dir='ltr'><strong><em>τῶν</em></strong></span> <span class='ocrx_word' id='word_1_180' title='bbox 1114 2251 1474 2311; x_wconf 84' lang='grc' dir='ltr'><strong><em>στενωπῶν</em></strong></span> <span class='ocrx_word' id='word_1_181' title='bbox 1507 2249 1644 2310; x_wconf 78' lang='grc' dir='ltr'><strong><em>πᾶν</em></strong></span> <span class='ocrx_word' id='word_1_182' title='bbox 1679 2240 1844 2310; x_wconf 80' lang='grc' dir='ltr'><strong><em>ὅσον</em></strong></span> <span class='ocrx_word' id='word_1_183' title='bbox 1876 2237 2273 2324; x_wconf 78' lang='grc' dir='ltr'><strong><em>αἰσθητικὸν</em></strong></span> 
     </span>
     <span class='ocr_line' id='line_1_22' title="bbox 263 2336 2273 2426; baseline -0.001 -21"><span class='ocrx_word' id='word_1_184' title='bbox 263 2341 336 2405; x_wconf 82' lang='grc' dir='ltr'><strong><em>έν</em></strong></span> <span class='ocrx_word' id='word_1_185' title='bbox 358 2347 452 2426; x_wconf 75' lang='grc' dir='ltr'><strong><em>τῷ</em></strong></span> <span class='ocrx_word' id='word_1_186' title='bbox 476 2336 725 2424; x_wconf 66' lang='grc' dir='ltr'><strong><em>στόματι</em></strong></span> <span class='ocrx_word' id='word_1_187' title='bbox 745 2348 881 2407; x_wconf 90' lang='grc' dir='ltr'><strong><em>τῶν</em></strong></span> <span class='ocrx_word' id='word_1_188' title='bbox 901 2366 971 2408; x_wconf 90' lang='grc' dir='ltr'><strong><em>τε</em></strong></span> <span class='ocrx_word' id='word_1_189' title='bbox 993 2340 1545 2425; x_wconf 83' lang='grc' dir='ltr'><strong><em>παρακελεύσεων</em></strong></span> <span class='ocrx_word' id='word_1_190' title='bbox 1575 2343 1684 2409; x_wconf 80' lang='grc' dir='ltr'><strong><em>καὶ</em></strong></span> <span class='ocrx_word' id='word_1_191' title='bbox 1704 2337 1995 2407; x_wconf 74' lang='grc' dir='ltr'><strong><em>ἀπειλῶν</em></strong></span> <span class='ocrx_word' id='word_1_192' title='bbox 2029 2343 2273 2406; x_wconf 85' lang='grc' dir='ltr'><strong><em>αἰσθα-</em></strong></span> 
     </span>
     <span class='ocr_line' id='line_1_23' title="bbox 263 2435 2277 2525; baseline -0.002 -21"><span class='ocrx_word' id='word_1_193' title='bbox 263 2435 552 2523; x_wconf 89' lang='grc' dir='ltr'><strong><em>νόμενον</em></strong></span> <span class='ocrx_word' id='word_1_194' title='bbox 570 2443 862 2523; x_wconf 87' lang='grc' dir='ltr'><strong><em>γίγνοιτο</em></strong></span> <span class='ocrx_word' id='word_1_195' title='bbox 885 2440 1174 2525; x_wconf 81' lang='grc' dir='ltr'><strong><em>ἐπήκοον</em></strong></span> <span class='ocrx_word' id='word_1_196' title='bbox 1196 2443 1306 2509; x_wconf 87' lang='grc' dir='ltr'><strong><em>καὶ</em></strong></span> <span class='ocrx_word' id='word_1_197' title='bbox 1326 2441 1548 2508; x_wconf 81' lang='grc' dir='ltr'><strong><em>ἕποιτο</em></strong></span> <span class='ocrx_word' id='word_1_198' title='bbox 1573 2439 1809 2525; x_wconf 78' lang='grc' dir='ltr'><strong><em>πάντη,</em></strong></span> <span class='ocrx_word' id='word_1_199' title='bbox 1833 2440 1943 2507; x_wconf 86' lang='grc' dir='ltr'><strong><em>καὶ</em></strong></span> <span class='ocrx_word' id='word_1_200' title='bbox 1962 2435 2036 2505; x_wconf 87' lang='grc' dir='ltr'>τό</span> <span class='ocrx_word' id='word_1_201' title='bbox 2058 2437 2277 2523; x_wconf 84' lang='grc' dir='ltr'><strong><em>βέλτι-</em></strong></span> 
     </span>
     <span class='ocr_line' id='line_1_24' title="bbox 267 2531 2345 2625; baseline -0.003 -23"><span class='ocrx_word' id='word_1_202' title='bbox 267 2555 426 2619; x_wconf 81' lang='grc' dir='ltr'><strong><em>στον</em></strong></span> <span class='ocrx_word' id='word_1_203' title='bbox 484 2533 695 2615; x_wconf 81' lang='grc' dir='ltr'><strong><em>οὕτως</em></strong></span> <span class='ocrx_word' id='word_1_204' title='bbox 737 2540 812 2604; x_wconf 81' lang='grc' dir='ltr'><strong><em>ἐν</em></strong></span> <span class='ocrx_word' id='word_1_205' title='bbox 855 2535 1078 2616; x_wconf 79' lang='grc' dir='ltr'><strong><em>αὐτοῖς</em></strong></span> <span class='ocrx_word' id='word_1_206' title='bbox 1122 2545 1328 2607; x_wconf 78' lang='grc' dir='ltr'><strong><em>πᾶσιν</em></strong></span> <span class='ocrx_word' id='word_1_207' title='bbox 1378 2536 1727 2625; x_wconf 78' lang='grc' dir='ltr'><strong><em>ἡγεμονεῖν</em></strong></span> <span class='ocrx_word' id='word_1_208' title='bbox 1780 2538 1883 2625; x_wconf 75' lang='grc' dir='ltr'><strong><em>ἐῷ.</em></strong></span> <span class='ocrx_word' id='word_1_209' title='bbox 1950 2540 2029 2621; x_wconf 81' lang='grc' dir='ltr'><strong><em>τῇ</em></strong></span> <span class='ocrx_word' id='word_1_210' title='bbox 2076 2531 2147 2600; x_wconf 74' lang='grc' dir='ltr'><strong><em>δὲ</em></strong></span> <span class='ocrx_word' id='word_1_211' title='bbox 2191 2531 2273 2616; x_wconf 83' lang='grc' dir='ltr'><strong><em>δὴ</em></strong></span> <span class='ocrx_word' id='word_1_212' title='bbox 2307 2544 2345 2595; x_wconf 83' lang='lat' dir='ltr'>G</span> 
     </span>
     <span class='ocr_line' id='line_1_25' title="bbox 266 2632 2278 2725; baseline -0.001 -27"><span class='ocrx_word' id='word_1_213' title='bbox 266 2632 545 2718; x_wconf 86' lang='grc' dir='ltr'><strong><em>πηδήσει</em></strong></span> <span class='ocrx_word' id='word_1_214' title='bbox 564 2641 679 2719; x_wconf 82' lang='grc' dir='ltr'><strong><em>τῆς</em></strong></span> <span class='ocrx_word' id='word_1_215' title='bbox 706 2640 979 2719; x_wconf 84' lang='grc' dir='ltr'><strong><em>καρδίας</em></strong></span> <span class='ocrx_word' id='word_1_216' title='bbox 1002 2637 1075 2703; x_wconf 82' lang='grc' dir='ltr'><strong><em>ἐν</em></strong></span> <span class='ocrx_word' id='word_1_217' title='bbox 1095 2645 1178 2725; x_wconf 80' lang='grc' dir='ltr'><strong><em>τῇ</em></strong></span> <span class='ocrx_word' id='word_1_218' title='bbox 1208 2643 1347 2705; x_wconf 88' lang='grc' dir='ltr'><strong><em>τῶν</em></strong></span> <span class='ocrx_word' id='word_1_219' title='bbox 1376 2641 1616 2705; x_wconf 88' lang='grc' dir='ltr'><strong><em>δεινῶν</em></strong></span> <span class='ocrx_word' id='word_1_220' title='bbox 1649 2638 2014 2718; x_wconf 79' lang='grc' dir='ltr'><strong><em>προσδοκίᾳ</em></strong></span> <span class='ocrx_word' id='word_1_221' title='bbox 2050 2632 2159 2697; x_wconf 88' lang='grc' dir='ltr'><strong><em>καὶ</em></strong></span> <span class='ocrx_word' id='word_1_222' title='bbox 2192 2634 2278 2714; x_wconf 77' lang='grc' dir='ltr'><strong><em>τῇ</em></strong></span> 
     </span>
     <span class='ocr_line' id='line_1_26' title="bbox 267 2723 2277 2819; baseline -0.002 -23"><span class='ocrx_word' id='word_1_223' title='bbox 267 2736 392 2797; x_wconf 84' lang='grc' dir='ltr'><strong><em>τοῦ</em></strong></span> <span class='ocrx_word' id='word_1_224' title='bbox 415 2737 646 2816; x_wconf 85' lang='grc' dir='ltr'><strong><em>θυμοῦ</em></strong></span> <span class='ocrx_word' id='word_1_225' title='bbox 669 2735 939 2818; x_wconf 83' lang='grc' dir='ltr'><strong><em>ἐγέρσει,</em></strong></span> <span class='ocrx_word' id='word_1_226' title='bbox 964 2733 1574 2819; x_wconf 75' lang='grc' dir='ltr'><strong><em>προγιγνώσκοντες</em></strong></span> <span class='ocrx_word' id='word_1_227' title='bbox 1595 2730 1695 2800; x_wconf 84' lang='grc' dir='ltr'><strong><em>ὅτι</em></strong></span> <span class='ocrx_word' id='word_1_228' title='bbox 1710 2728 1817 2799; x_wconf 78' lang='grc' dir='ltr'><strong><em>διὰ</em></strong></span> <span class='ocrx_word' id='word_1_229' title='bbox 1841 2723 2114 2814; x_wconf 75' lang='grc' dir='ltr'><strong><em>πυρὸςὴ</em></strong></span> <span class='ocrx_word' id='word_1_230' title='bbox 2136 2751 2277 2793; x_wconf 73' lang='grc' dir='ltr'><strong><em>τοι·</em></strong></span> 
     </span>
     <span class='ocr_line' id='line_1_27' title="bbox 269 2827 2273 2917; baseline -0.001 -23"><span class='ocrx_word' id='word_1_231' title='bbox 269 2827 437 2914; x_wconf 77' lang='grc' dir='ltr'><strong><em>αὕτη</em></strong></span> <span class='ocrx_word' id='word_1_232' title='bbox 463 2836 641 2896; x_wconf 79' lang='grc' dir='ltr'><strong><em>πᾶσα</em></strong></span> <span class='ocrx_word' id='word_1_233' title='bbox 665 2834 934 2917; x_wconf 82' lang='grc' dir='ltr'><strong><em>ἔμελλεν</em></strong></span> <span class='ocrx_word' id='word_1_234' title='bbox 967 2835 1218 2917; x_wconf 72' lang='grc' dir='ltr'><strong><em>οἶδησις</em></strong></span> <span class='ocrx_word' id='word_1_235' title='bbox 1248 2838 1597 2917; x_wconf 88' lang='grc' dir='ltr'><strong><em>γίγνεσθαι</em></strong></span> <span class='ocrx_word' id='word_1_236' title='bbox 1633 2837 1767 2899; x_wconf 84' lang='grc' dir='ltr'><strong><em>τῶν</em></strong></span> <span class='ocrx_word' id='word_1_237' title='bbox 1798 2830 2273 2914; x_wconf 79' lang='grc' dir='ltr'><strong><em>θυμουμένων,</em></strong></span> 
     </span>
     <span class='ocr_line' id='line_1_28' title="bbox 267 2924 2277 3016; baseline -0.001 -23"><span class='ocrx_word' id='word_1_238' title='bbox 267 2929 651 3014; x_wconf 84' lang='grc' dir='ltr'><strong><em>ἐπικουρίαν</em></strong></span> <span class='ocrx_word' id='word_1_239' title='bbox 677 2924 847 3014; x_wconf 81' lang='grc' dir='ltr'><strong><em>αὐτῇ</em></strong></span> <span class='ocrx_word' id='word_1_240' title='bbox 878 2929 1339 3016; x_wconf 74' lang='grc' dir='ltr'><strong><em>μηχανώμενοι</em></strong></span> <span class='ocrx_word' id='word_1_241' title='bbox 1372 2929 1496 3016; x_wconf 79' lang='grc' dir='ltr'><strong><em>τὴν</em></strong></span> <span class='ocrx_word' id='word_1_242' title='bbox 1524 2937 1645 2997; x_wconf 85' lang='grc' dir='ltr'><strong><em>τοῦ</em></strong></span> <span class='ocrx_word' id='word_1_243' title='bbox 1679 2927 2054 3013; x_wconf 83' lang='grc' dir='ltr'><strong><em>πλεύμονος</em></strong></span> <span class='ocrx_word' id='word_1_244' title='bbox 2091 2925 2277 2992; x_wconf 82' lang='grc' dir='ltr'><strong><em>ἰδέαν</em></strong></span> 
     </span>
     <span class='ocr_line' id='line_1_29' title="bbox 264 3021 2279 3114; baseline 0 -26"><span class='ocrx_word' id='word_1_245' title='bbox 264 3023 738 3109; x_wconf 81' lang='grc' dir='ltr'><strong><em>ένεφύτευσαν,</em></strong></span> <span class='ocrx_word' id='word_1_246' title='bbox 766 3032 1033 3110; x_wconf 86' lang='grc' dir='ltr'><strong><em>πρῶτον</em></strong></span> <span class='ocrx_word' id='word_1_247' title='bbox 1059 3029 1182 3113; x_wconf 76' lang='grc' dir='ltr'><strong><em>μὲν</em></strong></span> <span class='ocrx_word' id='word_1_248' title='bbox 1202 3026 1510 3114; x_wconf 84' lang='grc' dir='ltr'><strong><em>μαλακὴν</em></strong></span> <span class='ocrx_word' id='word_1_249' title='bbox 1531 3027 1639 3095; x_wconf 88' lang='grc' dir='ltr'><strong><em>καὶ</em></strong></span> <span class='ocrx_word' id='word_1_250' title='bbox 1662 3024 1969 3111; x_wconf 76' lang='grc' dir='ltr'><strong><em>ἄναιμον,</em></strong></span> <span class='ocrx_word' id='word_1_251' title='bbox 1994 3022 2131 3092; x_wconf 85' lang='grc' dir='ltr'><strong><em>εἶτα</em></strong></span> <span class='ocrx_word' id='word_1_252' title='bbox 2153 3021 2279 3108; x_wconf 83' lang='grc' dir='ltr'><strong><em>σή·-</em></strong></span> 
     </span>
     <span class='ocr_line' id='line_1_30' title="bbox 265 3118 2278 3211; baseline -0 -24"><span class='ocrx_word' id='word_1_253' title='bbox 265 3145 514 3206; x_wconf 83' lang='grc' dir='ltr'><strong><em>ραγγας</em></strong></span> <span class='ocrx_word' id='word_1_254' title='bbox 536 3121 720 3202; x_wconf 83' lang='grc' dir='ltr'><strong><em>ἐντὸς</em></strong></span> <span class='ocrx_word' id='word_1_255' title='bbox 742 3129 1024 3210; x_wconf 84' lang='grc' dir='ltr'><strong><em>ἔχουσαν</em></strong></span> <span class='ocrx_word' id='word_1_256' title='bbox 1047 3118 1193 3192; x_wconf 83' lang='grc' dir='ltr'><strong><em>οἷον</em></strong></span> <span class='ocrx_word' id='word_1_257' title='bbox 1225 3125 1526 3210; x_wconf 89' lang='grc' dir='ltr'><strong><em>σπόγγου</em></strong></span> <span class='ocrx_word' id='word_1_258' title='bbox 1548 3127 2128 3211; x_wconf 83' lang='grc' dir='ltr'><strong><em>κατατετρημένας,</em></strong></span> <span class='ocrx_word' id='word_1_259' title='bbox 2168 3125 2278 3187; x_wconf 75' lang='grc' dir='ltr'><strong><em>ἵνα</em></strong></span> 
     </span>
     <span class='ocr_line' id='line_1_31' title="bbox 262 3216 2277 3311; baseline -0.001 -24"><span class='ocrx_word' id='word_1_260' title='bbox 262 3218 342 3287; x_wconf 92' lang='grc' dir='ltr'><strong><em>τό</em></strong></span> <span class='ocrx_word' id='word_1_261' title='bbox 363 3246 433 3287; x_wconf 90' lang='grc' dir='ltr'><strong><em>τε</em></strong></span> <span class='ocrx_word' id='word_1_262' title='bbox 457 3229 718 3308; x_wconf 85' lang='grc' dir='ltr'><strong><em>πνεῦμα</em></strong></span> <span class='ocrx_word' id='word_1_263' title='bbox 747 3226 856 3309; x_wconf 82' lang='grc' dir='ltr'><strong><em>καὶ</em></strong></span> <span class='ocrx_word' id='word_1_264' title='bbox 876 3221 951 3292; x_wconf 82' lang='grc' dir='ltr'><strong><em>τὸ</em></strong></span> <span class='ocrx_word' id='word_1_265' title='bbox 978 3224 1155 3311; x_wconf 91' lang='grc' dir='ltr'><strong><em>πόμα</em></strong></span> <span class='ocrx_word' id='word_1_266' title='bbox 1191 3229 1526 3311; x_wconf 83' lang='grc' dir='ltr'><strong><em>δεχομένη,</em></strong></span> <span class='ocrx_word' id='word_1_267' title='bbox 1562 3224 1890 3310; x_wconf 81' lang='grc' dir='ltr'><strong><em>ψύχουσα,</em></strong></span> <span class='ocrx_word' id='word_1_268' title='bbox 1928 3216 2277 3304; x_wconf 76' lang='grc' dir='ltr'><strong><em>ἀναπνοὴν</em></strong></span> 
     </span>
     <span class='ocr_line' id='line_1_32' title="bbox 262 3316 2352 3412; baseline -0.01 -10"><span class='ocrx_word' id='word_1_269' title='bbox 262 3319 373 3386; x_wconf 68' lang='grc' dir='ltr'><strong><em>καὶ</em></strong></span> <span class='ocrx_word' id='word_1_270' title='bbox 391 3320 744 3409; x_wconf 67' lang='grc' dir='ltr'><strong><em>ῥᾳστώνην</em></strong></span> <span class='ocrx_word' id='word_1_271' title='bbox 761 3324 837 3391; x_wconf 82' lang='grc' dir='ltr'><strong><em>ἐν</em></strong></span> <span class='ocrx_word' id='word_1_272' title='bbox 850 3328 945 3412; x_wconf 75' lang='grc' dir='ltr'><strong><em>τῷ</em></strong></span> <span class='ocrx_word' id='word_1_273' title='bbox 965 3324 1252 3411; x_wconf 81' lang='grc' dir='ltr'><strong><em>καύματι</em></strong></span> <span class='ocrx_word' id='word_1_274' title='bbox 1274 3328 1574 3409; x_wconf 86' lang='grc' dir='ltr'><strong><em>παρέχοι·</em></strong></span> <span class='ocrx_word' id='word_1_275' title='bbox 1600 3320 1700 3390; x_wconf 79' lang='grc' dir='ltr'><strong><em>διὸ</em></strong></span> <span class='ocrx_word' id='word_1_276' title='bbox 1727 3320 1806 3408; x_wconf 86' lang='grc' dir='ltr'><strong><em>δὴ</em></strong></span> <span class='ocrx_word' id='word_1_277' title='bbox 1830 3329 1945 3408; x_wconf 84' lang='grc' dir='ltr'><strong><em>τῆς</em></strong></span> <span class='ocrx_word' id='word_1_278' title='bbox 1969 3316 2281 3405; x_wconf 77' lang='grc' dir='ltr'><strong><em>ἀρτηρίας</em></strong></span> <span class='ocrx_word' id='word_1_279' title='bbox 2307 3330 2352 3383; x_wconf 82' lang='lat' dir='ltr'>D</span> 
     </span>
     <span class='ocr_line' id='line_1_33' title="bbox 267 3412 2281 3509; baseline -0 -26"><span class='ocrx_word' id='word_1_280' title='bbox 267 3412 538 3503; x_wconf 76' lang='grc' dir='ltr'><strong><em>ὀχετοὺς</em></strong></span> <span class='ocrx_word' id='word_1_281' title='bbox 569 3423 674 3487; x_wconf 75' lang='grc' dir='ltr'><strong><em>ἐπὶ</em></strong></span> <span class='ocrx_word' id='word_1_282' title='bbox 709 3420 825 3488; x_wconf 83' lang='grc' dir='ltr'><strong><em>τὸν</em></strong></span> <span class='ocrx_word' id='word_1_283' title='bbox 862 3421 1202 3509; x_wconf 81' lang='grc' dir='ltr'><strong><em>πλεύμονα</em></strong></span> <span class='ocrx_word' id='word_1_284' title='bbox 1238 3427 1492 3506; x_wconf 80' lang='grc' dir='ltr'><strong><em>ἔτεμον,</em></strong></span> <span class='ocrx_word' id='word_1_285' title='bbox 1530 3422 1639 3488; x_wconf 89' lang='grc' dir='ltr'><strong><em>καὶ</em></strong></span> <span class='ocrx_word' id='word_1_286' title='bbox 1673 3420 1822 3506; x_wconf 83' lang='grc' dir='ltr'><strong><em>περὶ</em></strong></span> <span class='ocrx_word' id='word_1_287' title='bbox 1855 3418 1977 3503; x_wconf 82' lang='grc' dir='ltr'><strong><em>τὴν</em></strong></span> <span class='ocrx_word' id='word_1_288' title='bbox 1998 3420 2281 3502; x_wconf 88' lang='grc' dir='ltr'><strong><em>καρδίαν</em></strong></span> 
     </span>
    </p>
   </div>
  </div>
 </body>
</html>
