2602 3928
419 252 462 314 6
1147 250 1716 309 ΠΛΑΤΩΝΟΣ

505 421 775 498 γλυκεῖα
799 415 869 478 οἰ
884 414 1168 495 καρδίαν
1187 407 1541 477 ἆτοέλλοισα
1563 405 1977 495 γηροτρόφος
2010 421 2331 493 συναορετ

504 512 685 587 ἐλπίς
700 561 716 591 ,
749 505 794 576 ὅτ’
812 509 1096 593 μάλιστα
1116 510 1395 573 θῦατῶν

503 607 973 691 πολύστροφον
992 604 1268 690 γνώμαν
1288 610 1601 693 κυβερνᾷ.

420 699 499 774 εὖ
521 697 648 773 οὖν
669 708 844 790 λέγει
863 711 1268 787 θαυμαστῶς
1289 699 1378 780 ὡς
1401 702 1683 789 σφόδρα.
1732 703 1898 788 πρὸς
1921 702 2000 789 δὴ
2024 699 2196 774 τοῦτ’
2216 708 2428 789 ἔγωγε

418 809 649 891 τίθημι
691 799 815 889 τὴν
856 808 992 869 τῶν
1025 798 1380 887 χρημάτων
1406 809 1639 886 κτῆσιν
1673 808 1985 869 πλείστου
2009 799 2199 883 ἀξίαν
2223 800 2428 886 εἶναι,

352 923 392 973 Β
419 900 506 969 οὔ
540 927 604 968 τι
635 900 833 967 παντὶ
858 896 1086 983 ἀνδρί,
1113 895 1280 966 ἀλλὰ
1307 906 1399 988 τῷ
1421 901 1707 970 ἐπιεικεῖ.
1740 895 1815 967 τὸ
1835 898 1963 986 γὰρ
1985 901 2150 987 μηδὲ
2173 898 2429 968 ἄκοντά

417 1024 568 1067 τινα
591 1002 988 1084 ἐξαπατῆσαι
1018 992 1064 1084 ἦ
1084 997 1503 1083 ψεύσασθαι,
1545 996 1701 1084 μηδ’
1728 991 1817 1065 αὖ
1841 998 2197 1083 ὀφείλοντα
2217 994 2263 1085 ἦ
2282 1007 2426 1089 θεῷ

416 1105 663 1175 θυσίας
683 1094 869 1175 τινας
899 1090 946 1183 ἦ
981 1093 1325 1186 ἀνθρώπῳ
1359 1094 1655 1182 χρήματα
1690 1100 1910 1163 ἔπειτα
1932 1098 2139 1165 ἐκεῖσε
2160 1094 2427 1163 ἀπιέναι

418 1193 716 1278 δεδιότα,
754 1196 920 1278 μέγα
955 1195 1154 1279 μέρος
1187 1199 1278 1271 εἰς
1309 1201 1505 1261 τοῦτο
1547 1190 1590 1279 ἦ
1634 1200 1770 1260 τῶν
1813 1195 2167 1280 χρημάτων
2201 1204 2430 1279 κτῆσις

420 1291 881 1378 συμβάλλεται.
942 1296 1070 1376 ἔχει
1103 1292 1176 1359 δὲ
1210 1294 1321 1359 καὶ
1356 1290 1560 1370 ἄλλας
1590 1299 1809 1377 χρείας
1831 1292 2108 1372 πολλοῖς·
2145 1290 2312 1361 ἀλλά
2345 1319 2424 1379 γε

417 1393 492 1458 ἓν
539 1385 703 1457 ἄνθ’
758 1387 907 1467 ένός
954 1388 1079 1457 οὐκ
1124 1389 1482 1475 ἐλάχιστον
1510 1393 1715 1473 ἔγωγε
1748 1395 1946 1475 θείην
1977 1385 2063 1458 ἂν
2097 1396 2191 1469 εἰς
2225 1397 2424 1459 τοῦτο

415 1488 609 1574 α’νδρὶ
638 1495 810 1555 νοῦν
832 1492 1075 1573 ἔχοντι,
1113 1479 1169 1555 ὦ
1189 1487 1577 1571 Σώκρατες,
1615 1493 1909 1555 πλοῦτον
1927 1488 2426 1575 χρησιμώτατον

349 1608 389 1660 c
420 1585 605 1655 εἶναι.
652 1587 1055 1671 Παγκάλως,
1079 1576 1167 1671 ἦν
1188 1584 1253 1652 δ’
1280 1584 1444 1670 ἐγῶ,
1469 1587 1709 1671 λέγεις,
1733 1578 1790 1651 ῶ
1814 1588 2099 1671 Κέφαλε.
2147 1594 2341 1655 τοῦτο
2367 1586 2423 1654 δ’

418 1682 616 1771 αὐτό,
653 1685 779 1771 τὴν
814 1684 1282 1769 δικαιοσύνην,
1321 1683 1570 1766 πότερα
1603 1681 1728 1769 τὴν
1749 1681 2073 1769 ἀλήθειαν
2094 1681 2256 1752 αὐτὰ
2286 1686 2424 1771 φή·-

417 1805 623 1868 σομεν
656 1780 825 1850 εἶναι
862 1780 1087 1860 ἁπλῶς
1121 1780 1337 1860 οὕτως
1369 1782 1480 1849 καὶ
1512 1777 1588 1847 τὸ
1627 1777 2053 1867 ἀποδιδόναι,
2103 1781 2193 1850 ἄν
2226 1789 2321 1861 τίς
2357 1810 2420 1849 τι

415 1881 596 1969 παρά
631 1907 751 1950 του
785 1880 989 1969 λάβῃ,
1035 1878 1080 1966 ἦ
1115 1881 1226 1947 καὶ
1261 1876 1430 1945 αὐτὰ
1463 1886 1668 1945 ταῦτα
1710 1883 1891 1946 ἔστιν
1922 1882 2128 1946 ἐνίοτε
2162 1880 2286 1968 μὲν
2320 1884 2415 1947 δι-

415 1989 650 2062 καίως,
678 1982 889 2047 ἐνίοτε
924 1977 995 2046 δε
1029 1976 1274 2056 αδίκως
1306 1991 1548 2055 ποιεῖν,
1588 1971 1732 2045 οἷον
1751 1979 2011 2046 τοιόνδε
2034 1982 2231 2064 λέγω·
2293 1987 2422 2058 πᾶς

415 2105 503 2146 αν
524 2103 657 2146 που
681 2086 874 2162 εἴποι,
900 2086 1068 2155 εἴτις
1082 2075 1276 2162 λάβοι
1297 2073 1476 2158 παρὰ
1501 2082 1703 2160 φίλου
1724 2074 1968 2160 ανδρὸς
1979 2085 2419 2163 σωφρονοῦν-

414 2202 525 2254 τος
552 2174 766 2259 ὅπλα,
815 2180 875 2242 εί
906 2175 1132 2260 μανεὶς
1174 2170 1472 2257 ἀπαιτοῖ,
1517 2172 1622 2241 ὅτι
1666 2200 1821 2242 ουτε
1863 2175 1987 2261 χρὴ
2034 2173 2112 2243 τὰ
2150 2184 2419 2243 τοιαῦτα

414 2274 840 2361 αποδιδόναι,
888 2300 1043 2341 ουτε
1079 2278 1329 2353 δίκαιος
1362 2301 1451 2341 αν
1486 2283 1586 2361 εἴη
1623 2271 1659 2342 ὁ
1696 2273 2083 2360 ἀποδιδούς,
2132 2273 2279 2344 οὐδ’
2332 2302 2418 2343 αυ

417 2373 586 2460 πρὸς
635 2371 758 2440 τὸν
798 2370 1011 2451 οὕτως
1052 2376 1284 2457 ἔχοντα
1328 2371 1546 2439 πάντα
1589 2374 1843 2440 ἐθέλων
1883 2371 2144 2460 τάληθῆ
2187 2379 2415 2459 λέγειν.

344 2494 389 2545 D
413 2471 704 2557 Ὀρθῶς,
749 2475 908 2557 ἔφη,
954 2473 1180 2555 λέγεις.
1254 2467 1402 2538 Οὐκ
1438 2495 1587 2591 αρα
1598 2461 1793 2549 οὗτος
1828 2497 1987 2557 ορος
2009 2474 2143 2539 ἐστὶ
2167 2476 2418 2540 δικαιο-

414 2569 651 2657 σύνης,
692 2567 916 2656 α’ληθῆ
949 2593 1020 2637 τε
1054 2571 1269 2652 λέγειν
1303 2569 1415 2636 καὶ
1462 2564 1506 2634 ὁὶ
1541 2595 1628 2635 αν
1660 2570 1833 2657 λάβῃ
1867 2596 1962 2647 τις
2004 2566 2414 2638 ἀποδιδόναι.

412 2667 609 2735 Πάνυ
634 2667 756 2752 μὲν
778 2692 903 2733 ουν
915 2669 1089 2752 ,ἔφη
1103 2716 1122 2748 ‚
1149 2691 1202 2732 ω
1224 2664 1607 2748 Σώκρατες,
1630 2662 2047 2753 ὑπολαβώνε
2014 2692 2048 2732 ο
2072 2671 2419 2752 Πολέμαρ-

411 2794 557 2854 χος,
602 2777 788 2850 εἰπερ
828 2770 908 2852 γέ
936 2792 1001 2833 τι
1019 2765 1141 2852 χρὴ
1180 2770 1524 2853 Σιμωνίδῃ
1558 2773 1935 2833 πείθεσθαι.
2000 2767 2133 2833 Καὶ
2174 2770 2416 2852 μέντοι,

413 2871 540 2953 ἔφη
590 2861 623 2932 ὁ
662 2868 1005 2949 Κέφαλος,
1051 2866 1162 2931 καὶ
1195 2867 1612 2949 παραδίδωμι
1656 2860 1817 2948 ὑμῖν
1860 2862 1981 2931 τὸν
2028 2863 2234 2950 λόγον
2259 2890 2274 2904 ·
2323 2869 2423 2932 δεῖ

410 2964 539 3051 γάρ
564 2989 645 3047 με
666 2962 793 3050 ἤδη
815 2970 952 3029 τῶν
969 2965 1172 3044 ἱερῶν
1190 2964 1691 3047 ἐπιμεληθῆναι.
1741 2958 2036 3045 Οὐκοῦν,
2063 2966 2235 3048 ἔφην
2264 2962 2414 3046 ἐγώ,

413 3058 449 3128 ὁ
486 3065 911 3146 Πολέμαρχος
932 3067 1069 3127 τῶν
1089 3085 1167 3144 γε
1190 3067 1333 3126 σῶν
1356 3056 1794 3145 κῖηρονόμοω
1829 3058 2028 3126 Πάνυ
2047 3084 2157 3144 γε,
2191 3051 2237 3144 ἦ
2259 3057 2319 3127 δ’
2346 3057 2416 3137 ὃς

409 3159 723 3245 γελάσαςτ
759 3161 868 3225 καὶ
891 3156 1027 3244 ἅμα
1049 3156 1154 3244 ᾔει
1177 3156 1346 3242 πρὸς
1366 3155 1449 3225 τὰ
1471 3157 1633 3240 ἱερά.

340 3274 382 3326 E
580 3260 678 3323 v1.
725 3260 892 3340 Λέγε
928 3254 1012 3342 δή
1028 3306 1046 3339 ,
1092 3253 1280 3322 εἶπον
1313 3255 1477 3341 ἐγώ,
1523 3253 1610 3322 σύ
1645 3255 1681 3322 ὁ
1714 3263 1839 3324 τοῦ
1862 3254 2068 3341 λόγου
2092 3254 2416 3342 κληρονό-

412 3378 566 3439 μος,
610 3360 677 3420 τί
713 3352 848 3440 φῂς
880 3353 999 3421 τὸν
1029 3357 1418 3439 Σιμωνίδην
1451 3355 1728 3438 λέγοντα
1761 3350 1986 3436 ὀρθῶς
2022 3359 2237 3438 λέγειν
2271 3352 2415 3434 περὶ

412 3453 867 3538 δικαιοσύνης;
924 3448 1097 3536 Ὅτι,
1143 3444 1187 3537 ἦ
1221 3446 1285 3518 δ’
1326 3450 1432 3533 ὅς,
1472 3450 1547 3518 τὸ
1597 3448 1676 3518 τὰ
1719 3449 2123 3536 ὀφειλόμενα
2168 3449 2413 3539 ἑκάστῳ
