2602 3928
366 229 495 294 310
1101 236 1679 298 ΠΛΑΤΩΝΟΣ

366 390 567 478 μένει.
621 419 745 480 χρη
782 391 848 460 δ’
873 391 1042 461 αὐτὰ
1065 393 1374 480 ἀκούσαι,
1394 398 1508 464 ἵνα
1540 402 1776 478 τελέως
1808 400 2118 486 ἑκάτερος
2158 397 2391 471 αὐτῶν

367 486 703 579 ἀπειλήφῃ
724 518 805 558 τα
828 487 958 559 ὑπὸ
983 499 1108 561 τοῦ
1139 492 1348 578 λόγου
1379 492 1781 582 ὀφειλόμενα
1801 497 2104 567 ἀκοῦσαι.
2148 502 2390 586 Λένοις

290 596 332 648 Β
368 585 474 672 ἄν,
498 593 646 674 ἔφη,
674 615 763 668 ως
784 589 869 656 ού
889 587 1103 659 πολλὰ
1127 588 1277 658 ἀλλ’
1304 589 1560 677 ἥδιον’
1519 594 1856 663 ακούοντι.
1895 595 2065 666 Ἀλλ’
2104 595 2189 665 ού
2222 601 2389 683 μέν-

364 712 469 754 τοι
490 706 618 770 σοι,
641 678 730 772 ἦν
753 684 815 754 δ’
839 688 990 774 ἐγώ,
1029 686 1337 757 Ἀλκίνου
1368 716 1446 775 γε
1465 688 1806 779 ἀπόλογον
1828 697 1980 780 ἐρῶ,
2010 692 2162 763 ἀλλ’
2194 692 2386 764 ἀλκί-

364 810 499 871 μου
531 783 655 870 μὲν
675 782 944 872 ἀνδρός,
973 783 1169 873 Ἠρὸς
1192 793 1319 855 τοῦ
1347 785 1715 876 Ἀρμενίου,
1752 788 1826 858 τὰ
1862 794 2053 877 γένος
2084 791 2387 878 Παμφύ-

364 890 519 952 λου·
562 881 639 962 ὅς
658 907 818 952 ποτε
839 887 915 952 ἐν
934 889 1200 975 πολέμῳ
1220 888 1636 974 τελευτήσας,
1654 886 2162 975 ’ἀναιρεθέντων
2181 895 2381 959 δεκα-

362 988 567 1051 ταίων
608 989 745 1051 τῶν
786 988 1051 1069 νεκρῶν
1093 982 1222 1070 ἤδη
1261 987 1795 1074 διεφθαρμένων,
1832 985 2023 1074 ὑγιὴς
2052 988 2176 1073 μὲν
2211 985 2382 1075 ἀνῃ-

365 1083 558 1167 ρέθη,
572 1083 915 1167 κομισθεὶς
928 1076 987 1149 δ’
1011 1084 1238 1150 οἴκαδε
1256 1085 1517 1167 μέλλων
1538 1083 1921 1154 θάπτεσθαι
1943 1089 2382 1163 δωδεκαταῖος

361 1180 469 1245 ε’πὶ
489 1186 569 1265 τῇ
600 1187 783 1268 πυρᾷ
813 1185 1116 1264 κείμενος
1147 1175 1419 1265 ἀνεβίω,
1453 1178 1777 1267 ἀναβιους
1808 1179 1874 1249 δ’
1918 1179 2200 1267 ἔλεγεν
2170 1209 2213 1249 α
2247 1185 2383 1249 ἐκει

362 1276 511 1344 ἴδοι.
560 1280 688 1361 ἔφη
722 1278 815 1359 δέ,
852 1273 1076 1362 ἐπειδὴ
1111 1266 1197 1344 οὗ
1227 1278 1502 1362 ἐκβῆναι
1531 1276 1656 1364 τὴν
1689 1278 1930 1366 ψυχήν,
1966 1279 2377 1364 πορεύεσθαι

290 1393 333 1447 ο
360 1370 523 1458 μετὰ
546 1381 836 1458 πολλων,
858 1375 971 1442 καὶ
993 1369 1429 1460 ἀφικνεῖσθαι
1462 1383 1640 1461 σφας
1674 1382 1768 1456 εἰς
1798 1377 2012 1446 τόπον
2045 1402 2193 1445 τινα
2230 1380 2379 1445 δαι-

359 1472 619 1560 μόνιον,
651 1476 729 1542 ἐν
751 1464 809 1563 ᾦ
830 1480 948 1560 τῆς
966 1498 1038 1541 τε
1056 1479 1182 1561 γῆς
1204 1471 1319 1540 δύ’
1346 1473 1517 1542 εἶναι
1534 1474 1836 1561 χάσματα
1858 1477 2148 1561 ἐχομένω
2170 1472 2376 1561 ἀλλή-

357 1581 506 1640 λοιν
546 1574 658 1640 καὶ
695 1579 821 1640 τοῦ
863 1569 1167 1658 ούρανοῦ
1207 1564 1297 1638 αὖ
1332 1575 1409 1640 ἐν
1441 1580 1533 1659 τῷ
1558 1572 1703 1642 ἅνω
1734 1571 1903 1644 ἄλλα
1935 1574 2347 1658 καταντικρύ
2361 1601 2375 1615 ·

359 1668 671 1749 δικαστὰς
693 1668 766 1738 δὲ
786 1667 1025 1755 μεταξύ
1049 1669 1313 1739 τούτων
1332 1679 1702 1758 καθῆσθαι,
1739 1670 1881 1756 οὕς,
1905 1669 2128 1758 ἐπειδὴ
2157 1674 2365 1740 διαδι-

355 1768 656 1853 κάσειαν,
679 1767 836 1847 τοὺς
870 1770 994 1856 μὲν
1026 1772 1324 1847 δικαίους
1356 1768 1656 1838 κελεύειν
1687 1769 2101 1856 πορεύεσθαι
2124 1765 2252 1857 τὴν
2286 1774 2380 1848 εἰς

318 1874 324 1883 ’
356 1867 584 1948 δεξιάν
605 1892 673 1935 τε
693 1869 806 1936 καὶ
830 1865 975 1936 ἄνω
997 1865 1107 1935 διά
1128 1875 1252 1935 τοῦ
1288 1864 1615 1953 ούρανοῦ,
1651 1882 1886 1954 σημεῖα
1921 1869 2378 1955 περιάψαντας

354 1993 493 2035 των
501 1969 1010 2057 δεδικασμένων
1043 1969 1117 2033 ἐν
1151 1991 1242 2055 τω
1281 1963 1611 2051 πρόσθεν,
1648 1992 1805 2044 τους
1839 1970 1912 2034 δὲ
1940 1962 2215 2046 ἀδίκους
2248 1964 2375 2053 τὴν

356 2072 449 2145 είς
469 2061 828 2153 ἀριστεράν
845 2092 918 2134 τε
936 2067 1047 2132 καὶ
1067 2063 1270 2146 κάτω,
1289 2069 1558 2150 ἔχοντας
1576 2067 1690 2134 καὶ
1710 2064 1992 2145 τούτους
2010 2069 2087 2135 ἐν
2105 2074 2202 2155 τῷ
2219 2064 2378 2133 οπι-

275 2180 320 2231 1)
357 2174 530 2231 σθεν
551 2177 786 2251 σημεῖα
807 2163 1081 2232 πάντων
1102 2190 1203 2231 ων
1223 2167 1533 2248 ἔπραξαν.
1577 2164 1821 2231 ἑαυτοῦ
1845 2163 1918 2232 δὲ
1949 2161 2378 2250 προσελθόν-

354 2288 466 2340 τος
502 2268 728 2347 είπετν,
769 2261 869 2329 ὅτι
901 2265 1038 2330 δέοι
1072 2257 1283 2330 αύτόν
1316 2259 1601 2347 αγγελον
1634 2259 2024 2348 ἀνθρώποις
2055 2264 2378 2349 γενέσθαι

354 2387 492 2430 των
533 2364 674 2430 ἐκεῖ
704 2363 816 2430 καὶ
859 2360 1349 2430 διακελεύοιντό
1392 2366 1462 2431 ol
1501 2360 1776 2430 ἀκούειν
1819 2386 1890 2429 τε
1930 2362 2042 2429 καὶ
2073 2366 2379 2430 θεασθαι

353 2459 573 2528 πάντα
592 2458 672 2527 τὰ
696 2463 771 2528 ἐν
791 2468 888 2548 τῷ
907 2460 1108 2549 τόπφ.
1166 2457 1339 2549 ὁρᾷν
1376 2458 1459 2547 δὴ
1482 2460 1690 2548 ταύτῃ
1712 2459 1836 2546 μὲν
1855 2457 2021 2530 καθ’
2056 2457 2375 2546 ἑκάτερον

352 2555 427 2626 τὸ
449 2557 670 2646 χάσμα
689 2565 814 2626 τοῦ
833 2554 1137 2644 ούρανοῦ
1154 2583 1228 2627 τε
1247 2559 1362 2627 καὶ
1381 2566 1498 2644 τῆς
1511 2564 1635 2644 γῆς
1645 2554 1973 2637 ἀπιούσας
1991 2553 2110 2635 τὰς
2130 2556 2373 2643 ψυχάς,

349 2656 572 2744 ἐπειδὴ
619 2655 849 2737 αὐταῖς
893 2661 1263 2743 δικασθείη,
1299 2652 1469 2723 κατὰ
1513 2656 1586 2724 δὲ
1615 2652 1706 2723 τοὶ
1742 2657 1940 2739 ἑτέρω
1976 2658 2047 2723 ἐκ
2082 2654 2206 2740 μὲν
2246 2662 2372 2722 τοῦ

350 2753 609 2822 ἀνιέναι
645 2757 720 2824 ἐκ
759 2761 878 2841 τῆς
907 2762 1027 2842 γῆς
1058 2751 1299 2841 μεστὰς
1341 2750 1605 2839 αὐχμοῦ
1632 2779 1701 2821 τε
1733 2757 1844 2822 καὶ
1886 2753 2161 2838 κόνεως,
2183 2755 2258 2822 ἐκ
2296 2751 2374 2822 δὲ

348 2861 472 2921 τοῦ
493 2854 721 2938 ἑτέρου
743 2859 1166 2939 καταβαίνειν
1188 2854 1413 2935 ἑτέρας
1431 2854 1505 2921 ἐκ
1541 2858 1668 2920 τοῦ
1704 2849 2005 2937 ούρανοῦ
2028 2850 2337 2937 καθαράς
2352 2878 2368 2892 ·

274 2975 317 3025 Ε
351 2951 461 3018 καὶ
486 2948 603 3029 τὰς
623 2951 726 3019 αἐὶ
747 2948 1244 3037 ἀφικνουμένας
1268 2947 1491 3037 ὥσπερ
1515 2953 1588 3020 ἐκ
1621 2957 1869 3037 πολλῆς
1900 2955 2173 3037 πορείας
2207 2954 2372 3034 φαί-·

351 3058 592 3120 νεσθαι
610 3046 824 3135 ἥκειν,
857 3050 968 3116 καὶ
994 3045 1284 3134 ἀσμένας
1306 3054 1398 3126 εἰς
1418 3045 1539 3116 τὸν
1560 3054 1853 3135 λειμῶνα
1874 3044 2201 3126 ἀπιούσας
2220 3041 2371 3115 οἷον

352 3148 426 3214 ἐν
458 3145 829 3231 πανηγύρει
860 3151 1429 3232 κατασκηνᾶσθαι,
1463 3149 1577 3214 καὶ
1612 3144 2034 3226 ἀσπάζεσθαί
2058 3170 2129 3212 τε
2160 3142 2371 3228 ἀλλή-

351 3250 470 3319 λας
505 3241 660 3309 ὅσαι
697 3241 1047 3329 γνώριμαι,
1092 3244 1204 3311 καὶ
1245 3243 1726 3312 πυνθάνεσθαι
1751 3242 1871 3321 τάς
1901 3268 1973 3310 τε
2002 3244 2077 3309 ἐκ
2110 3249 2226 3327 τῆς
2244 3247 2371 3326 γῆς

348 3338 642 3426 ἡκούσας
664 3339 840 3426 παρὰ
861 3350 999 3410 τῶν
1029 3344 1272 3426 ἑτέρων
1295 3340 1377 3409 τὰ
1399 3345 1541 3411 ἐκεῖ
1553 3342 1800 3420 καὶτὰς
1820 3344 1895 3411 ἐκ
1914 3347 2042 3412 τοῦ
2061 3335 2369 3423 ούρανοῦ

347 3435 429 3504 τὰ
470 3435 626 3523 παρ’
682 3439 981 3526 ἐκείναις,
1026 3443 1402 3528 διηγεῖσθαι
1434 3442 1510 3510 δὲ
1539 3437 1858 3525 ἀλλήλαις
1887 3434 2008 3519 τὰς
2038 3439 2163 3526 μὲν
2202 3434 2365 3506 ὄδυ-
