2602 3928
1045 238 1509 296 PRAEFATIO.
2221 254 2354 293 mi

219 377 315 429 nisi
348 377 489 439 quod
521 376 643 431 Tur.
680 367 820 440 ἡμῖν
862 378 1384 442 circumscripserunt3
1431 378 1558 431 mihi
1594 393 1712 430 vero
1755 392 1860 430 non
1899 378 1997 430 hoc
2030 385 2225 429 tantum
2261 378 2358 430 tol-

220 445 453 507 lendum,
487 445 584 499 sed
618 446 770 497 etiam
797 436 1061 511 χρώματα
1095 447 1393 499 mutandum
1432 448 1601 498 visum
1637 455 1743 508 est,
1795 448 1933 511 quod
1960 462 2027 498 ne
2058 449 2172 511 qais
2212 462 2354 512 sequ.

220 506 416 575 φωνὰς
465 515 828 580 opponendum
875 523 1107 577 censeat,
1156 523 1356 580 reputet
1404 517 1583 567 auditu
1623 515 1750 566 nihil
1795 518 1899 567 nisi·
1943 531 2097 568 sonos
2143 518 2357 582 percipi,

221 584 332 634 visu
368 585 525 634 etiam
560 583 660 634 alia
692 584 852 635 multa
884 591 1084 649 praeter
1119 584 1333 634 colores.
1411 585 1532 636 Mox
1571 581 1630 633 τί
1668 579 1765 635 δαὶ
1792 584 1832 634 Ρ
1871 593 1922 634 et
1957 585 2025 646 Β,
2056 582 2117 634 τί
2155 581 2218 636 δέ
2261 583 2354 636 ST.
2401 636 2416 649 Ι

228 679 286 690 -
320 653 378 706 P.
416 651 519 704 316
549 654 597 702 A
624 651 810 704 falsam
842 667 957 704 esse
990 653 1128 719 vulg.
1161 653 1276 704 lect.
1318 643 1521 703 οὐκοῦν
1558 647 1655 702 καὶ
1686 644 1842 718 παρὰ
1870 651 2046 704 πᾶσιν
2074 644 2251 710 οὕτως
2282 648 2358 711 ὥς

217 711 429 771 ἐνθάδε
477 719 785 785 νομίζεται,
831 737 983 786 quam
1030 731 1147 787 pest
1185 737 1488 787 responsum
1535 718 1633 773 ναὶ
1680 724 1885 774 demum
1934 723 2092 776 ultera
2128 725 2357 786 quaestio

219 781 424 839 οὐκοῦν
457 785 554 839 καὶ
584 782 643 839 ἐν
675 786 920 854 Πέρσαις
954 791 1195 854 sequitur,
1220 792 1332 856 jam
1361 792 1576 843 internis
1610 792 1892 844 rationibus
1924 793 2129 856 assequi
2158 791 2357 852 licebat,

217 861 264 909 si
300 860 508 923 quidem
535 858 663 910 nihil
692 862 897 910 omnino
928 875 1112 910 causae
1139 867 1233 921 est,
1266 869 1579 926 quapropter
1607 875 1848 911 concesso
1878 863 2082 913 omnim
2112 875 2358 911 consensu

217 928 492 994 peculiaris
525 927 792 979 Persarum
829 929 1016 979 mentio
1051 936 1319 995 sequatnr3
1359 930 1554 981 accedit
1587 945 1708 981 vero
1746 932 1897 981 etiam
1936 930 2167 980 codicum
2201 929 2360 994 pluri-

217 1013 416 1048 morum
451 999 752 1058 auctoritas,
790 998 879 1062 qui
910 1010 1215 1062 responsum
1252 991 1350 1046 καὶ
1385 987 1447 1046 ἐν
1484 990 1750 1062 Πέρσαις,
1789 1000 1929 1064 quod
1972 999 2180 1048 alteram
2220 997 2358 1047 illam

219 1067 564 1129 quaestionem
595 1067 832 1132 respicit,
864 1068 1124 1127 omittnnt;
1157 1082 1256 1117 neu
1287 1067 1399 1129 quis
1431 1069 1539 1132 jam
1575 1083 1690 1118 cum
1720 1067 1974 1119 nonnullis
2006 1061 2102 1116 καὶ
2137 1057 2226 1116 del
2260 1059 2361 1130 δή·

221 1148 331 1184 που
368 1151 484 1193 oum
514 1133 615 1189 hec
644 1136 931 1196 contunsa,
968 1135 1080 1187 Par.
1121 1142 1283 1196 vetat,
1334 1137 1419 1200 qui
1455 1135 1592 1186 clare
1625 1127 1763 1186 ἀλλὰ
1799 1144 1967 1188 tuetur
1975 1152 1990 1197 3
2044 1151 2175 1200 quae
2204 1150 2359 1199 quum

218 1207 288 1254 ita
328 1212 526 1268 essent,
570 1205 801 1256 turbatae
841 1206 1117 1269 scripturae
1150 1204 1283 1254 hanc
1320 1203 1572 1255 medelam
1606 1205 1846 1268 adhibui,
1890 1213 1946 1255 ut
1986 1196 2142 1269 παρὰ
2185 1201 2359 1253 πᾶσιν

221 1281 457 1336 tanquam
495 1271 751 1338 glossema
796 1287 1007 1337 prorsus
1053 1273 1396 1334 eliminatam,
1437 1275 1648 1340 ejusque
1689 1275 1742 1324 in
1781 1274 1947 1325 locum
1991 1277 2132 1339 ipsos
2176 1275 2358 1324 Persas

219 1344 597 1402 substituerem,
636 1357 850 1405 quorum
885 1357 1019 1392 nunc
1050 1356 1114 1391 ne
1152 1343 1421 1406 peculiaris
1458 1344 1663 1405 quidem
1700 1344 1888 1394 mentio
1927 1344 2095 1409 magis
2132 1341 2357 1401 offendit,

220 1426 373 1474 quam
403 1426 523 1461 mox
553 1410 1042 1476 Carthaginiensium
1076 1419 1126 1460 et
1159 1412 1490 1477 Lycaeorum.
1518 1438 1591 1449 —
1614 1413 1671 1462 Ρ.
1701 1411 1801 1463 317
1823 1412 1867 1461 D
1904 1413 2091 1476 νεῖμαι
2127 1412 2190 1462 ab
2226 1401 2357 1473 οέγα-

218 1471 329 1537 θός
362 1481 588 1544 pendere
622 1487 756 1530 recte
790 1479 968 1533 Stallb.
1008 1480 1164 1538 vidit3
1199 1480 1255 1529 id
1288 1481 1460 1546 ipsum
1499 1488 1668 1530 autem
1708 1497 1789 1532 me
1823 1483 2011 1542 movit,
2050 1489 2105 1531 ut
2140 1474 2237 1528 καὶ
2274 1494 2360 1528 su-

217 1563 242 1596 s
282 1558 446 1599 ectum
481 1548 607 1598 mihi
648 1563 761 1599 esse
803 1548 1169 1614 significarem,
1209 1564 1499 1613 quanquam
1535 1549 1675 1601 haud
1709 1552 1815 1601 scio
1852 1566 1918 1601 an
1955 1549 2271 1600 commodius
2307 1548 2359 1597 in

266 1632 294 1674 ς
330 1625 551 1667 mutetur
595 1633 745 1680 quam
781 1631 993 1683 prorsus
1039 1616 1350 1677 eliminetur;
1400 1619 1583 1668 certius
1629 1620 1803 1682 utique
1850 1633 1902 1683 p.
1944 1618 2046 1671 318
2082 1618 2122 1667 Β
2164 1609 2360 1681 νόμοις

217 1686 618 1751 circumscripsi,
659 1688 780 1750 quia
810 1681 1127 1750 νομοθέτης
1156 1677 1218 1734 ἐν
1253 1679 1449 1751 νόμοις
1483 1688 1783 1738 inconcinne
1815 1688 1999 1738 dicitnr
2029 1688 2228 1752 ipsique
2265 1678 2361 1735 αὖ·

217 1750 435 1819 λητικοὶ
472 1769 607 1806 nunc
641 1754 874 1806 homines
909 1755 1081 1838 potius
1116 1755 1333 1806 tibicinii
1360 1757 1554 1821 peritos
1594 1756 1881 1822 significare
1909 1757 2158 1808 videntur.
2191 1783 2262 1794 —
2295 1756 2356 1805 P.

216 1823 315 1875 321
354 1824 397 1873 D
444 1838 504 1874 τε
549 1833 665 1889 post
713 1821 1025 1888 νομοθετης
1070 1840 1116 1875 c.
1166 1822 1346 1878 Stallb.
1386 1840 1451 1875 ex
1496 1825 1670 1875 codice
1715 1826 1859 1876 Leid.
1909 1824 2122 1888 aliisque
2166 1824 2359 1884 addidi,

216 1895 475 1958 flagitante
510 1895 763 1943 communi
794 1894 1042 1959 adjectivo
1073 1883 1323 1957 ἀγαθός,
1363 1895 1501 1957 quod
1530 1895 1640 1944 sine
1669 1894 1767 1945 hac
1794 1895 2039 1960 particula
2073 1894 2263 1959 pariter
2294 1893 2362 1942 ad

217 1971 485 2026 utrumque
516 1963 885 2014 substantivum
915 1978 1068 2029 aegre
1096 1961 1308 2016 referas.

357 2100 587 2151 Ceterum
623 2101 721 2151 hoc
751 2101 859 2150 loco
895 2115 996 2151 non
1034 2115 1244 2166 possum
1284 2115 1388 2151 non
1423 2101 1594 2166 palam
1630 2103 1772 2165 queri
1808 2102 1871 2151 de
1904 2113 2100 2165 nupera
2134 2101 2361 2151 censoris

215 2171 537 2221 Monacensis
570 2170 833 2230 socordia,
882 2171 970 2232 qui
1004 2169 1058 2219 in
1087 2170 1365 2234 judicando
1409 2171 1579 2234 primo
1615 2171 1772 2235 hujus
1815 2170 2053 2221 editionis
2084 2169 2360 2236 volumine,

217 2240 358 2302 quod
390 2246 550 2288 totum
576 2240 631 2289 in
661 2238 835 2289 codice
871 2238 1034 2290 Oxou.
1066 2240 1268 2300 nititur,
1299 2241 1509 2289 unicum
1543 2239 1684 2289 illius
1713 2246 1894 2289 testem
1931 2238 2184 2289 oculatum
2216 2237 2360 2290 Gais-

216 2308 442 2358 fordium
477 2322 577 2358 non
622 2308 772 2367 adiit,
810 2308 904 2358 sed
938 2307 1050 2357 sola
1081 2307 1297 2367 Bekkeri
1331 2310 1691 2360 commentaria
1725 2310 1996 2373 usurpavit
2028 2323 2193 2372 neque
2229 2306 2358 2358 adeo

215 2376 536 2428 Stallbaumii
555 2384 642 2427 aut
668 2375 945 2428 Heindorfii
972 2378 1321 2427 annotationes
1346 2378 1614 2445 diligenter
1640 2377 1882 2443 inspexit.
1918 2378 2046 2427 Hinc
2073 2377 2265 2427 factum
2284 2384 2363 2426 est

214 2453 273 2495 ut
301 2445 492 2499 Phaed.
521 2461 575 2511 p.
602 2446 668 2497 61
693 2446 736 2495 D
773 2442 966 2511 σαφῶς
1000 2447 1053 2494 in
1089 2446 1200 2496 solo
1236 2443 1399 2502 Oxou.
1442 2455 1643 2497 exstare
1677 2446 1894 2507 diceret,
1927 2446 2065 2509 quod
2098 2453 2361 2510 praeterea

213 2516 617 2581 insignissimum
645 2515 862 2582 Tubing.
896 2514 1249 2580 fidejussorem
1277 2515 1459 2576 habet,
1498 2516 1817 2578 eundemque
1848 2529 1901 2580 p.
1931 2515 2001 2564 74
2029 2515 2076 2564 A
2102 2517 2154 2565 in
2189 2515 2361 2565 verbis

210 2581 290 2651 τῷ
324 2576 425 2647 μὲν
447 2620 458 2632 .
485 2621 498 2634 .
525 2621 538 2634 .
558 2581 636 2652 τῷ
668 2576 731 2633 δὲ
767 2586 783 2633 i
858 2591 1046 2644 oraret;
1086 2587 1311 2634 omnium
1346 2592 1517 2635 autem
1550 2585 1872 2648 iniquissime
1911 2598 1991 2634 me
2025 2584 2261 2634 tractavit
2296 2584 2362 2634 de

209 2667 265 2717 p.
294 2652 361 2704 59
384 2653 443 2710 E,
474 2653 560 2702 ubi
592 2669 673 2703 me
706 2642 769 2701 ἐκ
796 2652 952 2703 λευεν
977 2669 1094 2703 cum
1114 2654 1337 2705 secunda
1362 2652 1521 2704 Oxou.
1548 2669 1702 2704 manu
1725 2653 1990 2704 scribendo
2028 2668 2168 2703 meas
2191 2653 2360 2719 ipsum

213 2722 355 2787 leges
391 2722 612 2773 violasse
648 2723 960 2775 criminatur.
1036 2722 1242 2774 Scilicet
1277 2722 1540 2773 Bekkerus
1576 2729 1747 2773 notam
1782 2723 1879 2773 sed
1910 2737 1982 2773 eoe
2016 2738 2108 2773 em.
2148 2738 2180 2772 a
2217 2721 2361 2772 Gais-

212 2789 381 2842 fordio
412 2791 476 2841 ad
507 2799 804 2855 sequentem
832 2791 1099 2842 lectionem
1133 2783 1491 2849 εἰσελθόντας
1522 2793 1794 2857 ascriptam
1828 2806 1922 2857 per
1956 2805 2177 2842 errorem
2208 2790 2361 2841 simul

213 2860 283 2909 ad
326 2860 708 2911 antecedentem
760 2860 929 2911 retulit
976 2861 1137 2924 eoqu'e
1196 2861 1334 2912 facto
1382 2863 1534 2912 etiam
1582 2860 1967 2911 Stallbaumium
2014 2861 2360 2918 conturbavit;

209 2929 352 2994 ipsas
388 2928 768 2996 diligentissimi
800 2929 1022 2981 hominis
1050 2929 1292 2981 lectiones
1324 2933 1370 2981 si
1402 2931 1713 2996 inspexeris,
1751 2919 1996 2979 ἐκέλευεν
2030 2930 2250 2994 primam
2279 2944 2363 2979 so-

211 2997 416 3062 lamque
453 2999 633 3063 optimi
669 2998 861 3050 codicis
893 3000 1194 3083 scripturam
1221 3015 1335 3050 esse
1369 3001 1617 3053 invenies.
1687 2999 1878 3049 Eadem
1917 3013 2072 3049 cansa
2103 3006 2179 3050 est
2207 3014 2260 3064 p.
2293 2998 2362 3052 70

212 3070 261 3117 A
276 3104 291 3130 ‚
338 3068 428 3118 nbi
461 3067 617 3122 Bekk.
653 3068 922 3118 lectionem
969 3062 1242 3136 αποθοῖνῃ
1279 3070 1499 3136 margini
1544 3067 1706 3119 Oxou.
1746 3068 2018 3132 ascriptam
2054 3084 2363 3138 commemp-

208 3152 324 3187 rare
360 3136 614 3202 neglexit,
654 3152 808 3200 quam
838 3152 935 3203 ego
951 3174 964 3195 ,
1003 3138 1093 3201 qui
1128 3139 1185 3187 id
1212 3139 1373 3189 modo·
1403 3151 1728 3202 quaererem,
1765 3137 1941 3187 aoristi
1976 3152 2042 3187 an
2078 3137 2362 3203 praesentis

211 3207 461 3256 vetustior
495 3207 770 3257 auotoritas
804 3214 963 3266 esset,
1000 3207 1117 3272 jure
1156 3222 1269 3258 meo
1308 3215 1549 3271 tanquam
1584 3206 1861 3256 secundam
1892 3207 2088 3272 primae
2125 3208 2362 3273 opposui,

209 3290 313 3338 qua
349 3276 403 3324 in
449 3276 563 3341 ipso
598 3276 869 3327 verborum
907 3275 1084 3326 ordine
1117 3264 1476 3340 ἀποθνήσκει
1515 3275 1722 3339 quidem
1758 3276 2032 3341 scriptum,
2068 3277 2161 3326 sed
2197 3291 2234 3342 ῃ
2276 3292 2361 3325 su-

207 3345 555 3428 prascriptum
595 3352 695 3403 θεὶς
742 3360 924 3395 censor
971 3351 1138 3394 autem
1176 3344 1384 3395 alteram
1417 3345 1556 3396 illam
1592 3345 1834 3410 ignorans
1869 3345 1993 3395 vitio
2038 3345 2162 3395 mihi
2202 3345 2361 3404 dedit,

209 3413 352 3474 quod
378 3403 725 3479 αποθνήσκῃ
762 3415 829 3465 ad
867 3414 1081 3478 primam
1119 3428 1326 3464 manum
1355 3413 1665 3465 retulissem.
1710 3413 1925 3464 Omnino
1964 3416 2008 3463 si
2040 3416 2153 3477 quis
2191 3414 2358 3478 ipsum

1439 3531 1468 3556 0
