2602 3928
358 194 481 261 154
1090 193 1663 254 ΠΛΑΤΩΝΟΣ

281 380 320 431 c
355 362 589 442 μονίας
611 358 760 441 πέρι
780 356 1056 444 ὁρμήσει
1086 351 1297 422 αὐτὸν
1317 352 1426 421 διὰ
1451 354 1740 440 δύναμιν
1761 357 1866 422 ἐπὶ
1899 356 1973 422 τό
2000 353 2264 423 ἅπαντα
2282 353 2367 422 τὰ

352 459 425 521 έν
459 462 540 541 τῇ
572 453 756 522 πόλει
797 461 1232 537 οἰκειοῦσθαι,
1266 450 1592 536 γνώσεται
1623 451 1744 521 τὸν
1780 451 2088 521 Ἡσίοδον
2129 452 2232 521 ὅτι
2275 462 2370 542 τῷ

353 549 498 619 ὅντι
519 542 606 638 ἦν
626 549 837 631 σοωός
857 554 1070 637 λέγων
1092 552 1298 617 πλέον
1321 547 1495 617 εἶναί
1509 572 1649 627 πως
1667 546 1875 635 ἥμισυ
1898 549 2161 629 παντός.
2193 548 2371 635 Ἐμοὶ

354 652 498 736 μέν,
534 653 683 736 ἔφη,
715 648 1066 739 ξυμβούλφ
1101 647 1439 734 χρώμενος
1473 662 1664 732 μενεῖ
1696 650 1801 716 ἐπὶ
1842 649 2057 738 τούτῳ
2101 658 2195 739 τῷ
2221 655 2366 738 βίῳ.

353 757 735 832 Συγχωρεῖς
757 747 909 830 ἄρα,
930 740 1020 833 ἦν
1041 744 1106 813 δ’
1134 745 1283 829 ἐγώ,
1318 744 1443 830 τὴν
1476 753 1613 812 τῶν
1645 754 1984 830 γυναικῶν
2007 752 2368 814 κοινωνίαν

353 858 488 923 τοῖς
532 841 883 930 ἀνδράσιν,
927 842 1016 930 ἢν
1064 841 1552 929 διεληλύθαμεν
1594 847 1892 922 παιδείας
1943 868 2015 911 τε
2051 846 2204 930 πέρι
2257 847 2370 911 καὶ

354 945 612 1010 παίδων
629 944 740 1009 καὶ
760 949 1064 1027 φυλακῆς
1086 949 1221 1007 τῶν
1255 937 1481 1007 ἄλλων
1513 948 1823 1026 πολιτῶν,
1864 939 2031 1008 κατά
2064 966 2137 1008 τε
2170 940 2372 1007 πόλιν

354 1037 686 1125 μενούσας
729 1045 820 1118 είς
852 1037 1147 1123 πόλεμόν
1183 1062 1253 1104 τε
1298 1035 1533 1114 ἰούσας
1568 1039 1680 1104 καὶ
1713 1036 2203 1122 ξυμφυλάττειν
2228 1042 2371 1105 δεῖν

273 1155 317 1205 D
356 1140 467 1209 καὶ
510 1137 955 1224 ξυνθηρεύειν
996 1134 1220 1220 ωσπερ
1261 1135 1474 1213 κύνας
1524 1137 1635 1203 καὶ
1678 1135 1896 1202 πάντα
1940 1161 2156 1222 παντῃ
2199 1133 2368 1203 κατὰ
2399 1150 2408 1157 ’

354 1232 428 1302 τὸ
456 1237 747 1303 δυνατὸν
767 1248 1136 1319 κοινωνεῖν,
1162 1235 1272 1301 καὶ
1306 1241 1515 1300 ταῦτα
1547 1232 1967 1350 πραττούσας
1997 1231 2079 1299 τά
2111 1258 2181 1300 τε
2210 1235 2370 1319 βέλ-
2420 1266 2424 1267 ’

354 1353 540 1401 τιστα
569 1332 846 1416 πράξειν
884 1334 995 1400 καὶ
1035 1330 1121 1399 οὐ
1162 1329 1340 1416 παρὰ
1370 1330 1581 1414 φύσιν
1614 1327 1740 1415 τὴν
1771 1338 1898 1398 τοῦ
1929 1330 2176 1418 θήλεος
2201 1330 2373 1414 πρὸς

355 1426 430 1495 τό
466 1454 694 1515 αρρεν,
740 1421 783 1517 ᾖ
825 1428 1215 1516 πεφύκατον
1256 1426 1426 1514 πρὸς
1467 1427 1731 1513 αλλήλω
1763 1442 2147 1510 κοινωνεῖν;
2180 1437 2373 1514 Συγ-

355 1536 570 1613 modi,
594 1533 741 1614 ἔφη·

344 1664 349 1669 ·
523 1629 674 1693 xlv.
721 1622 1016 1711 Οὐκοῦν,
1038 1618 1128 1711 ἦν
1150 1623 1212 1692 δ’
1238 1624 1392 1710 ἐγώ,
1418 1627 1632 1692 ἐκεῖνο
1659 1622 1900 1692 λοιπὸν
1928 1629 2288 1717 διελέσθαι,
2310 1627 2376 1691 εἰ

360 1722 491 1805 ἄρα
520 1725 634 1791 καὶ
665 1728 739 1793 ἐν
774 1720 1165 1808 ἀνθρώποις
1201 1718 1497 1791 δυνατὸν
1534 1719 1756 1805 ὥσπερ
1802 1726 1876 1790 έν
1917 1722 2141 1802 ἄλλοις
2184 1722 2374 1802 ζώοις

358 1820 608 1907 ταύτην
653 1818 779 1907 τὴν
833 1828 1192 1890 κοινωνίαν
1237 1821 1647 1905 ἐγγενέσθαι,
1692 1821 1802 1888 καὶ
1860 1818 1993 1908 ὅπῃ
2044 1820 2371 1899 δυνατόν;

341 1918 623 2005 Ἕφθης,
668 1923 819 2004 ἔφη,
866 1915 1072 1987 εἰπών
1116 1908 1161 2004 ᾗ
1203 1921 1480 2004 ἔμελλον
1520 1913 2009 2004 ὑπολήψεσθαι.
2053 1920 2220 2004 Περὶ
2247 1917 2372 2005 μὲν

285 2031 327 2081 Ε
362 2015 491 2102 γὰρ
512 2023 650 2084 τῶν
673 2019 746 2083 ἐν
768 2024 863 2103 τῷ
883 2019 1147 2105 πολέμῳ
1172 2011 1373 2100 οἶμαι,
1399 2020 1592 2101 ἔφην,
1617 2021 1824 2101 δῆλον
1852 2013 1934 2084 ὃν
1956 2018 2211 2103 τρόπον
2242 2041 2371 2084 πο-

359 2110 776 2198 λεμήσουσιν.
820 2119 1010 2193 Πῶςς
1035 2105 1081 2198 ἦ
1101 2110 1164 2180 δ’
1192 2111 1287 2191 ὅς.
1317 2110 1460 2180 ”On
1482 2120 1679 2199 κοινῇ
1700 2114 2235 2199 στρατεύσονται,
2259 2116 2373 2180 καὶ

359 2212 525 2293 πρός
546 2235 623 2295 γε
645 2209 878 2290 ἄξουσι
898 2219 1035 2279 τῶν
1054 2216 1315 2279 παίδων
1350 2218 1443 2290 εἰς
1481 2210 1605 2280 τὸν
1638 2212 1933 2296 πόλεμον
1974 2209 2123 2279 ὅσοι
2154 2209 2370 2297 ἁδροί,

356 2305 444 2374 ἵν’
497 2305 720 2391 ὥσπερ
766 2312 835 2375 οἶ
861 2315 998 2376 ταῖν
1035 2308 1257 2378 ἄλλων
1294 2314 1719 2395 δημιουργῶν
1749 2316 2041 2377 θεῶνται
2074 2316 2305 2393 ταῦτα,
2329 2304 2372 2374 ἃ

356 2406 802 2483 τελεωθέντας
833 2405 1052 2491 δεήσει
1082 2412 1535 2493 δημιουργεῖν·
1580 2403 1748 2489 πρὸς
1787 2405 1859 2473 δὲ·
1879 2415 1961 2494 τῇ
1982 2409 2112 2495 θέᾳ
2143 2411 2371 2474 διακο-

220 2503 324 2563 467
356 2515 501 2569 νεῖν
518 2504 629 2569 καὶ
650 2499 1000 2588 ὑπηρετεῖν
1021 2503 1237 2572 πάντα
1269 2501 1351 2571 τὰ
1383 2505 1531 2588 περὶ
1551 2503 1671 2571 τὸν
1693 2502 2004 2588 πόλεμον,
2028 2504 2139 2571 καὶ
2159 2512 2372 2587 θερα-

358 2600 592 2668 πεύειν
626 2603 909 2684 πατέρας
936 2626 1007 2668 τε
1048 2602 1160 2669 καὶ
1191 2603 1491 2687 μητέρας.
1535 2594 1583 2686 ἦ
1614 2597 1738 2668 οὐκ
1771 2598 2070 2686 ᾔσθησαι
2102 2596 2184 2665 τὰ
2221 2601 2374 2686 περὶ

357 2699 475 2780 τὰς
503 2703 752 2786 τέχνας,
804 2695 948 2769 οἷον
991 2699 1150 2778 τοὺς
1191 2709 1328 2768 τῶν
1370 2702 1714 2786 κεραμέων
1752 2704 2011 2784 παῖδας,
2037 2696 2126 2777 ὡς
2152 2696 2372 2765 πολὺν

357 2800 606 2885 χρόνον
625 2803 1092 2877 διακονοῦντες
1111 2807 1452 2885 θεωροῦσι
1474 2801 1632 2883 πρὶν
1654 2795 1984 2866 ἅπτεσθαι
2012 2803 2135 2864 τοῦ
2168 2821 2374 2877 κερα-

359 2898 622 2982 μεύειν;
662 2897 796 2964 Καὶ
816 2894 1007 2981 μάλα.
1042 2889 1129 2962 τΗ
1142 2889 1273 2962 οὖν
1293 2897 1565 2974 ἐκείνοις
1586 2897 2085 2981 ἐπιμελέστερον
2106 2897 2371 2960 παιδευ-

359 2996 509 3061 τέον
527 2988 571 3077 ἢ
599 3007 734 3070 τοῖς
758 2993 1003 3078 φύλαξι
1033 2990 1192 3070 τοὺς
1224 2989 1450 3059 αὐτῶν
1484 2995 1783 3080 ἐμπειρίᾳ
1817 3017 1887 3059 τε
1923 2992 2034 3058 καὶ
2069 2991 2199 3078 θέᾳ
2232 2997 2372 3055 τῶν

360 3087 867 3174 προσηκόντων;
907 3089 1421 3174 Καταγέλαστον
1451 3086 1634 3174 μέντ’
1672 3088 1777 3171 ἄν,
1817 3092 1966 3173 ἔφη,
2005 3096 2123 3172 εἴη.
2174 3083 2372 3154 Ἀλλόι

284 3202 323 3252 Β
361 3186 493 3272 μὴν
520 3190 630 3256 καὶ
651 3193 950 3273 μαχεῖταί
964 3213 1041 3272 γε
1062 3195 1199 3255 πᾶν
1222 3193 1391 3268 ζῶον
1414 3184 1864 3273 διαφερόντως
1892 3184 2245 3270 παρόντων
2273 3175 2371 3250 οἷν

358 3280 444 3354 ὂὶν
464 3288 637 3373 τέκῃ.
662 3283 887 3355 ’Ἑστιν
910 3283 1087 3353 οὕτω
1108 3312 1121 3324 ·
1161 3289 1473 3364 κίνδυνος
1494 3284 1587 3370 δέ,
1617 3275 1671 3351 ὦ
1703 3281 2077 3368 Σώκρατες,
2101 3278 2185 3349 ού
2218 3301 2371 3367 σμι-

360 3380 518 3465 κρός
552 3392 919 3469 σφαλεῖσιν,
965 3380 1073 3452 οἶα
1117 3381 1198 3468 δὴ
1242 3386 1320 3450 έν
1356 3384 1620 3471 πολέμῳ
1662 3389 1862 3467 φιλεῖ,
1906 3381 2075 3467 πρὸς
2116 3381 2378 3458 ἑαυτοῖς
