2602 3928
253 253 308 305 11
1030 245 1487 304 ΤΙΜΑΙΟΣ.
2133 239 2259 305 329

252 407 367 471 τὸν
389 404 493 472 ἐπὶ
515 403 630 484 τάς
651 404 855 483 ἄλλας
874 405 1122 492 νήσους
1131 418 1265 483 τοῖς
1287 402 1436 472 τότε
1457 406 1748 490 ἐγίγνετο
1770 407 2261 489 πορευομένοις,

249 505 324 570 έκ
345 506 418 572 δε
438 509 576 570 τῶν
592 503 823 588 νήσων
846 505 951 572 ἐπὶ
971 501 1099 590 τὴν
1131 503 1536 587 καταντικρὺ
1576 510 1799 570 πᾶσαν
1831 501 2113 588 ἤπειρον
2142 499 2267 586 τήν
2297 514 2369 568 25

250 603 400 687 περὶ
440 626 563 667 τον
598 597 930 687 ἀληθινὸν
961 603 1219 669 ἐκεῖνον
1262 601 1534 671 πόντον.
1591 599 1746 668 τάδε
1784 601 1907 686 μὲν
1945 600 2096 685 γάρ,
2141 598 2267 666 ὅσα

252 701 437 777 ἐντος
479 702 604 765 τοῦ
641 697 965 784 στόματος
990 690 1077 765 οῦ
1113 701 1414 784 λέγομεν,
1457 703 1762 783 φαίνεται
1797 696 1997 784 λιμὴν
2031 695 2268 763 στενόν

252 790 402 864 τινα
424 799 591 881 ἔχων
623 804 943 864 εἴσπλουν
957 821 971 834 ·
1014 799 1227 864 έκεῖνο
1257 798 1330 863 δὲ
1351 796 1634 879 πέλαγος
1656 793 1865 874 ὅντως
1887 794 1934 880 ἤ
1957 820 2028 863 τε
2049 795 2271 880 περιέ-

253 913 462 979 χουσα
507 892 670 961 αὐτὸ
716 902 803 980 γῆ
844 901 1184 973 παντελῶς
1226 892 1498 980 ἀληθῶς
1538 890 1851 979 ὀρθότατ’
1886 889 1974 961 ἂν
2014 895 2266 978 λέγοιτο

254 990 540 1077 ἤπειρος.
582 995 655 1058 έν
678 994 753 1059 δὲ
775 991 857 1078 δὴ
879 998 961 1079 τῇ
980 988 1343 1060 Ἀτλαντίδι
1363 991 1548 1081 νήσω
1568 990 1777 1078 ταύτῃ
1809 990 2060 1077 μεγάλη
2084 993 2268 1057 συνέ-

254 1110 375 1177 στη
394 1104 505 1158 και
526 1089 879 1178 θαυμαστὴ
916 1089 1198 1176 δυ’ναμις
1218 1096 1566 1177 βασιλέων,
1589 1096 1925 1178 κρατοῦσα
1947 1090 2070 1176 μὲν
2097 1085 2272 1155 ἁπά-

257 1208 376 1275 σης
405 1195 521 1274 τῆς
554 1187 788 1274 νήσου,
817 1195 1085 1256 πολλῶν
1123 1188 1196 1255 δὲ
1228 1185 1453 1255 ἄλλων
1481 1187 1711 1273 νήσων
1751 1191 1862 1256 καὶ
1903 1195 2129 1274 μερῶν
2159 1193 2272 1270 τῆς

256 1283 564 1372 ἠπείρου·
602 1282 770 1373 πρὸς
790 1288 864 1355 δὲ
882 1285 1144 1365 τούτοις
1176 1290 1272 1354 ἔτι
1290 1293 1431 1355 τῶν
1463 1284 1650 1366 ἐντὸς
1678 1292 1835 1373 τῇδε
1870 1286 2127 1374 Λιβύης
2149 1284 2271 1370 μὲν
2308 1312 2347 1363 Β

262 1378 464 1471 ἦρχον
486 1385 672 1469 μέχρι
697 1384 867 1469 πρὸς
887 1393 1258 1470 Αἴγυπτον,
1294 1392 1411 1471 τῆς
1433 1384 1505 1453 δὲ
1531 1380 1865 1473 Εὐρώπης
1884 1389 2072 1472 μέχρι
2095 1391 2276 1467 Τυρ-

262 1488 509 1569 ρηνίας.
554 1481 721 1568 αῦτη
747 1480 828 1568 δὴ
865 1490 1045 1551 πᾶσα
1079 1486 1650 1569 ξυναθροισθετσα
1686 1489 1779 1562 είς
1814 1486 1890 1551 ἓν
1917 1480 1961 1570 ἦ
1997 1482 2278 1567 δύναμις

257 1581 380 1649 τόν
413 1606 484 1648 τε
525 1577 679 1666 παρ’
725 1578 890 1666 ὑμῖν
930 1583 1043 1648 καὶ
1081 1579 1207 1649 τὸν
1250 1577 1411 1666 παρ’
1449 1577 1608 1667 ἡμῖν
1642 1582 1753 1650 καὶ
1789 1580 1908 1650 τὸν
1944 1581 2132 1659 ἐντὸς
2155 1587 2276 1649 τοῦ

263 1679 583 1764 στόματος
614 1678 835 1746 πάντα
867 1679 1076 1748 τόπον
1109 1688 1227 1768 μιᾷ
1259 1682 1419 1747 ποτὲ
1453 1683 1872 1767 ἐπεχείρησεν
1903 1679 2077 1766 ὁρμῇ
2114 1683 2276 1745 δου-

162 1838 166 1844 .
264 1783 573 1843 λοῦσθαι.
615 1777 763 1845 τότε
786 1770 918 1844 οὖν
938 1774 1150 1863 ὑμῶν,
1177 1770 1231 1844 ώ
1265 1776 1530 1861 Σόλων,
1566 1784 1681 1862 τῆς
1702 1777 1958 1855 πόλεως
1989 1773 2031 1864 ἡ
2066 1775 2278 1843 δύνα-

261 1900 370 1960 μις
394 1880 485 1953 εἰς
505 1874 802 1954 ἅπαντας
828 1874 1235 1960 ἀνθρώπους
1270 1872 1604 1961 διαφανὴς
1630 1873 1831 1964 ἀρετῇ
1852 1901 1923 1942 τε
1957 1877 2067 1943 καὶ
2088 1873 2277 1961 ῥώμῃ

262 1974 548 2057 ἐγένετο·
594 1974 868 2041 πάντων
887 1973 1017 2059 γὰρ
1038 1982 1381 2058 προστᾶσα
1405 1972 1686 2061 εὐψυχία
1721 1976 1830 2040 καὶ
1851 1975 2107 2058 τέχναις
2127 1968 2281 2039 ὅσαι

263 2068 427 2139 κατὰ
468 2071 781 2158 πόλεμον,
823 2070 902 2141 τὰ
946 2073 1070 2160 μὲν
1110 2079 1247 2139 τῶν
1294 2071 1629 2159 Ἑλλήνων
1668 2068 2040 2157 ἡγουμένη,
2085 2070 2162 2137 τὰ
2212 2065 2274 2137 δ’
2315 2086 2353 2138 G

264 2168 433 2258 αῦτη
458 2183 840 2257 μονωθεῖσα
876 2176 941 2254 ἐξ
965 2172 1260 2261 ἀνάγκης
1277 2182 1416 2243 τῶν
1448 2173 1670 2243 ἄλλων
1693 2169 2147 2257 ἀποστάντων,
2176 2172 2280 2239 ἐπὶ

263 2266 424 2348 τοῦς
446 2270 759 2355 ἐσχάτους
778 2270 1150 2360 ἀφικομένη
1184 2273 1567 2357 κινδύνους,
1599 2272 1980 2358 κρατήσασα
2001 2272 2124 2357 μὲν
2144 2278 2281 2338 τῶν

265 2371 592 2438 ἐπιόντων
626 2372 909 2458 τρόπαια
943 2379 1195 2460 ἔστησε,
1230 2374 1388 2452 τοῦς
1422 2375 1495 2440 δὲ
1526 2370 1719 2457 μήπω
1745 2372 2282 2455 δεδουλωμένους

266 2468 628 2537 διεκώλυσε
653 2473 1104 2557 δουλωθῆναι,
1120 2468 1280 2549 τοῦς
1303 2470 1366 2538 δ’
1392 2469 1657 2555 ἄλλους,
1673 2467 1820 2535 ὅσοι
1843 2474 2283 2552 κατοικοῦμεν

266 2564 454 2644 ἐντὸς
485 2564 667 2650 ὅρων
677 2564 1107 2653 ἹᾸΙρακλείων,
1131 2565 1460 2655 ἀφθόνως
1482 2564 1776 2645 ἅπαντας
1796 2563 2280 2653 ἠλευθέρωσεν.

267 2660 522 2750 ὑστέρῳ
547 2664 620 2732 δὲ
641 2667 862 2755 χρόνῳ
887 2674 1180 2752 σεισμῶν
1202 2670 1508 2747 ἐξαισίων
1534 2667 1642 2733 καὶ
1665 2668 2150 2749 κατακλυσμῶν
2171 2686 2284 2746 γε-

266 2762 591 2849 νομένων,
629 2771 783 2849 μιὸῖς
809 2762 1058 2851 ἡμέρας
1092 2766 1202 2833 καὶ
1245 2762 1488 2842 νυκτὸς
1530 2768 1816 2849 χαλεπῆς
1850 2760 2282 2847 ἐπελθούσης,

267 2861 344 2929 τό
378 2886 448 2928 τε
471 2857 634 2946 παρ’
664 2858 824 2947 ὑμῖν
854 2863 1141 2950 μάχιμον
1176 2872 1312 2931 πᾶν
1347 2861 1609 2948 ἀθρόον
1640 2866 1758 2929 ἔδυ
1780 2857 1948 2927 κατὰ
1972 2867 2114 2946 γῆς,
2151 2857 2197 2946 ἥ
2218 2885 2288 2926 τε
2321 2881 2365 2932 D

267 2959 590 3037 Ατλαντὶς
624 2968 826 3046 νῆσος
865 2957 1184 3039 ώσαύτως
1216 2957 1384 3028 κατὰ
1418 2965 1534 3045 τῆς
1560 2959 1893 3044 θαλάττης
1916 2961 2087 3025 δῦσα
2107 2955 2287 3044 ἠφα-

270 3062 505 3143 νίσθη·
549 3057 650 3124 διὸ
679 3061 788 3125 καὶ
816 3066 949 3126 νῦν
991 3056 1252 3147 ἄπορον
1281 3060 1393 3127 καὶ
1429 3054 1899 3145 ἀδιερεύνητον
1938 3059 2169 3142 γέγονε
2212 3053 2285 3124 τό

270 3157 410 3223 ἐκεῖ
424 3157 724 3241 πέλαγος,
749 3164 969 3244 πηλοῦ
988 3156 1200 3243 κάρτα
1220 3160 1498 3245 βραχέος
1533 3155 1842 3246 ἐμποδῶν
1880 3152 2093 3240 ὄντος,
2132 3150 2213 3221 ὃν
2246 3150 2287 3240 ἡ

272 3261 473 3340 νῆσος
494 3256 755 3340 ίζομένη
779 3260 1153 3341 παρέσχετο.

437 3355 534 3417 lv.
585 3349 682 3418 Τά
703 3351 827 3437 μὲν
862 3350 943 3440 δὴ
979 3355 1292 3439 ρηθέντα,
1330 3345 1385 3419 ὦ
1425 3351 1796 3436 Σώκρατες,
1832 3345 1965 3415 ὑπὸ
2000 3373 2122 3415 του
2162 3371 2286 3414 πα·-

268 3457 464 3518 λαιοῦ
484 3456 766 3536 Κριτίου
788 3449 936 3519 κατ’
956 3449 1173 3540 ἀκοὴν
1191 3449 1319 3538 τὴν
1341 3451 1678 3535 Σόλωνος,
1707 3445 1794 3525 ῶς
1817 3445 2163 3531 συντόμως
2197 3450 2293 3514 εὖ·
2337 3452 2378 3503 Ε
