<?xml version="1.0" encoding="UTF-8"?>
<!DOCTYPE html PUBLIC "-//W3C//DTD XHTML 1.0 Transitional//EN"
    "http://www.w3.org/TR/xhtml1/DTD/xhtml1-transitional.dtd">
<html xmlns="http://www.w3.org/1999/xhtml" xml:lang="en" lang="en">
 <head>
  <title>
</title>
<meta http-equiv="Content-Type" content="text/html;charset=utf-8" />
  <meta name='ocr-system' content='tesseract 3.04.00' />
  <meta name='ocr-capabilities' content='ocr_page ocr_carea ocr_par ocr_line ocrx_word'/>
</head>
<body>
  <div class='ocr_page' id='page_1' title='image "./dialogisecundum07platgoog_0093.png"; bbox 0 0 2602 3928; ppageno 0'>
   <div class='ocr_carea' id='block_1_1' title="bbox 909 211 2271 296">
    <p class='ocr_par' dir='ltr' id='par_1_1' title="bbox 909 211 2271 296">
     <span class='ocr_line' id='line_1_1' title="bbox 909 211 2271 296; baseline 0.007 -22"><span class='ocrx_word' id='word_1_1' title='bbox 909 216 1496 276; x_wconf 75' lang='grc' dir='ltr'><strong><em>ΠοΛΙΤΕΙΑΣ</em></strong></span> <span class='ocrx_word' id='word_1_2' title='bbox 1537 211 1611 296; x_wconf 75' lang='grc' dir='ltr'><strong><em>β’.</em></strong></span> <span class='ocrx_word' id='word_1_3' title='bbox 2193 218 2271 285; x_wconf 73' lang='lat'><strong><em>57</em></strong></span> 
     </span>
    </p>
   </div>
   <div class='ocr_carea' id='block_1_2' title="bbox 242 369 2409 3497">
    <p class='ocr_par' dir='ltr' id='par_1_2' title="bbox 271 369 2274 658">
     <span class='ocr_line' id='line_1_2' title="bbox 271 369 2274 464; baseline 0.002 -20"><span class='ocrx_word' id='word_1_4' title='bbox 271 400 436 459; x_wconf 85' lang='grc' dir='ltr'><strong><em>προς</em></strong></span> <span class='ocrx_word' id='word_1_5' title='bbox 454 373 526 442; x_wconf 69' lang='grc' dir='ltr'><strong><em>δὲ</em></strong></span> <span class='ocrx_word' id='word_1_6' title='bbox 547 373 706 453; x_wconf 82' lang='grc' dir='ltr'><strong><em>τοὺς</em></strong></span> <span class='ocrx_word' id='word_1_7' title='bbox 732 370 1036 461; x_wconf 71' lang='grc' dir='ltr'><strong><em>ἀγνῶτας</em></strong></span> <span class='ocrx_word' id='word_1_8' title='bbox 1056 369 1471 443; x_wconf 81' lang='grc' dir='ltr'><strong><em>τούναντίον.</em></strong></span> <span class='ocrx_word' id='word_1_9' title='bbox 1544 374 1710 444; x_wconf 87' lang='grc' dir='ltr'><strong><em>Οἶδα</em></strong></span> <span class='ocrx_word' id='word_1_10' title='bbox 1745 379 1988 464; x_wconf 79' lang='grc' dir='ltr'><strong><em>μέντοι.</em></strong></span> <span class='ocrx_word' id='word_1_11' title='bbox 2061 387 2274 450; x_wconf 81' lang='grc' dir='ltr'><strong><em>Τοῦτο</em></strong></span> 
     </span>
     <span class='ocr_line' id='line_1_3' title="bbox 272 464 2274 564; baseline 0.002 -23"><span class='ocrx_word' id='word_1_12' title='bbox 272 471 396 560; x_wconf 75' lang='grc' dir='ltr'><strong><em>μὲν</em></strong></span> <span class='ocrx_word' id='word_1_13' title='bbox 415 470 579 557; x_wconf 74' lang='grc' dir='ltr'><strong><em>ἄρα,</em></strong></span> <span class='ocrx_word' id='word_1_14' title='bbox 615 464 703 560; x_wconf 85' lang='grc' dir='ltr'><strong><em>ἦν</em></strong></span> <span class='ocrx_word' id='word_1_15' title='bbox 724 469 787 541; x_wconf 86' lang='grc' dir='ltr'><strong><em>δ’</em></strong></span> <span class='ocrx_word' id='word_1_16' title='bbox 812 472 942 557; x_wconf 68' lang='grc' dir='ltr'><strong><em>ἐγώ</em></strong></span> <span class='ocrx_word' id='word_1_17' title='bbox 955 523 975 559; x_wconf 91' lang='grc'><strong><em>,</em></strong></span> <span class='ocrx_word' id='word_1_18' title='bbox 1016 471 1340 558; x_wconf 85' lang='grc' dir='ltr'><strong><em>δυνατόν,</em></strong></span> <span class='ocrx_word' id='word_1_19' title='bbox 1365 474 1475 541; x_wconf 82' lang='grc' dir='ltr'><strong><em>καὶ</em></strong></span> <span class='ocrx_word' id='word_1_20' title='bbox 1498 472 1581 541; x_wconf 85' lang='grc' dir='ltr'><strong><em>οὐ</em></strong></span> <span class='ocrx_word' id='word_1_21' title='bbox 1605 473 1783 559; x_wconf 77' lang='grc' dir='ltr'><strong><em>παρὰ</em></strong></span> <span class='ocrx_word' id='word_1_22' title='bbox 1808 475 2016 561; x_wconf 83' lang='grc' dir='ltr'><strong><em>φύσιν</em></strong></span> <span class='ocrx_word' id='word_1_23' title='bbox 2041 482 2274 564; x_wconf 73' lang='grc' dir='ltr'><strong><em>ζητού-</em></strong></span> 
     </span>
     <span class='ocr_line' id='line_1_4' title="bbox 272 567 1845 658; baseline 0.001 -19"><span class='ocrx_word' id='word_1_24' title='bbox 272 597 395 658; x_wconf 89' lang='grc' dir='ltr'><strong><em>μεν</em></strong></span> <span class='ocrx_word' id='word_1_25' title='bbox 416 578 723 639; x_wconf 87' lang='grc' dir='ltr'><strong><em>τοιοῦτον</em></strong></span> <span class='ocrx_word' id='word_1_26' title='bbox 744 568 913 639; x_wconf 82' lang='grc' dir='ltr'><strong><em>εἶναι</em></strong></span> <span class='ocrx_word' id='word_1_27' title='bbox 932 567 1056 639; x_wconf 76' lang='grc' dir='ltr'><strong><em>τὸν</em></strong></span> <span class='ocrx_word' id='word_1_28' title='bbox 1073 569 1364 655; x_wconf 76' lang='grc' dir='ltr'><strong><em>φύλακα.</em></strong></span> <span class='ocrx_word' id='word_1_29' title='bbox 1436 568 1584 638; x_wconf 81' lang='grc' dir='ltr'><strong><em>Οὐκ</em></strong></span> <span class='ocrx_word' id='word_1_30' title='bbox 1606 575 1845 640; x_wconf 78' lang='grc' dir='ltr'><strong><em>ἔοικεν.</em></strong></span> 
     </span>
    </p>

    <p class='ocr_par' dir='ltr' id='par_1_3' title="bbox 242 660 2409 3497">
     <span class='ocr_line' id='line_1_5' title="bbox 440 660 2277 757; baseline 0.002 -21"><span class='ocrx_word' id='word_1_31' title='bbox 440 673 595 736; x_wconf 84' lang='lat' dir='ltr'><strong>xvl.</strong></span> <span class='ocrx_word' id='word_1_32' title='bbox 631 661 774 755; x_wconf 72' lang='grc' dir='ltr'><strong><em>Ἆρ’</em></strong></span> <span class='ocrx_word' id='word_1_33' title='bbox 804 660 933 737; x_wconf 81' lang='grc' dir='ltr'><strong><em>οὖν</em></strong></span> <span class='ocrx_word' id='word_1_34' title='bbox 954 687 1061 735; x_wconf 84' lang='grc' dir='ltr'><strong><em>σοι</em></strong></span> <span class='ocrx_word' id='word_1_35' title='bbox 1082 671 1271 736; x_wconf 86' lang='grc' dir='ltr'><strong><em>δοκεῖ</em></strong></span> <span class='ocrx_word' id='word_1_36' title='bbox 1282 674 1380 736; x_wconf 76' lang='grc' dir='ltr'><strong><em>ἔτι</em></strong></span> <span class='ocrx_word' id='word_1_37' title='bbox 1402 672 1599 736; x_wconf 85' lang='grc' dir='ltr'><strong><em>τοῦδε</em></strong></span> <span class='ocrx_word' id='word_1_38' title='bbox 1622 674 2060 753; x_wconf 82' lang='grc' dir='ltr'><strong><em>προσδεῖσθαι</em></strong></span> <span class='ocrx_word' id='word_1_39' title='bbox 2079 669 2117 740; x_wconf 84' lang='grc' dir='ltr'>ὁ</span> <span class='ocrx_word' id='word_1_40' title='bbox 2141 698 2277 757; x_wconf 89' lang='grc' dir='ltr'><strong><em>φυ-</em></strong></span> 
     </span>
     <span class='ocr_line' id='line_1_6' title="bbox 272 765 2276 856; baseline 0.003 -22"><span class='ocrx_word' id='word_1_41' title='bbox 272 765 541 848; x_wconf 80' lang='grc' dir='ltr'><strong><em>λακικὸς</em></strong></span> <span class='ocrx_word' id='word_1_42' title='bbox 572 767 915 853; x_wconf 76' lang='grc' dir='ltr'><strong><em>ἐσόμενος,</em></strong></span> <span class='ocrx_word' id='word_1_43' title='bbox 950 765 1118 852; x_wconf 82' lang='grc' dir='ltr'><strong><em>πρὸς</em></strong></span> <span class='ocrx_word' id='word_1_44' title='bbox 1148 774 1245 856; x_wconf 73' lang='grc' dir='ltr'><strong><em>τῷ</em></strong></span> <span class='ocrx_word' id='word_1_45' title='bbox 1275 771 1628 852; x_wconf 75' lang='grc' dir='ltr'><em>θυμοειδεῖ</em></span> <span class='ocrx_word' id='word_1_46' title='bbox 1658 773 1751 836; x_wconf 80' lang='grc' dir='ltr'><strong><em>ἔτι</em></strong></span> <span class='ocrx_word' id='word_1_47' title='bbox 1783 774 2276 854; x_wconf 77' lang='grc' dir='ltr'><strong><em>προσγενέσθαι</em></strong></span> 
     </span>
     <span class='ocr_line' id='line_1_7' title="bbox 272 862 2409 953; baseline 0.002 -20"><span class='ocrx_word' id='word_1_48' title='bbox 272 865 640 953; x_wconf 88' lang='grc' dir='ltr'><strong><em>φιλόσοφος</em></strong></span> <span class='ocrx_word' id='word_1_49' title='bbox 660 864 783 951; x_wconf 83' lang='grc' dir='ltr'><strong><em>τὴν</em></strong></span> <span class='ocrx_word' id='word_1_50' title='bbox 805 866 1050 951; x_wconf 80' lang='grc' dir='ltr'><strong><em>φύσιν;</em></strong></span> <span class='ocrx_word' id='word_1_51' title='bbox 1094 872 1252 943; x_wconf 89' lang='grc' dir='ltr'><strong><em>Πῶς</em></strong></span> <span class='ocrx_word' id='word_1_52' title='bbox 1272 864 1392 950; x_wconf 67' lang='grc' dir='ltr'><strong><em>δή,</em></strong></span> <span class='ocrx_word' id='word_1_53' title='bbox 1416 869 1543 951; x_wconf 78' lang='grc' dir='ltr'><strong><em>ἔφη</em></strong></span> <span class='ocrx_word' id='word_1_54' title='bbox 1564 891 1577 905; x_wconf 89' lang='grc'><em>·</em></span> <span class='ocrx_word' id='word_1_55' title='bbox 1612 862 1694 933; x_wconf 79' lang='grc' dir='ltr'><strong><em>οὐ</em></strong></span> <span class='ocrx_word' id='word_1_56' title='bbox 1721 863 1849 953; x_wconf 77' lang='grc' dir='ltr'><strong><em>γὰρ</em></strong></span> <span class='ocrx_word' id='word_1_57' title='bbox 1875 869 2103 935; x_wconf 85' lang='grc' dir='ltr'><strong><em>ἐννοῶ.</em></strong></span> <span class='ocrx_word' id='word_1_58' title='bbox 2148 870 2280 938; x_wconf 85' lang='grc' dir='ltr'><strong><em>Καὶ</em></strong></span> <span class='ocrx_word' id='word_1_59' title='bbox 2305 873 2409 930; x_wconf 80' lang='grc'><strong><em>376</em></strong></span> 
     </span>
     <span class='ocr_line' id='line_1_8' title="bbox 271 955 2279 1051; baseline 0.001 -20"><span class='ocrx_word' id='word_1_60' title='bbox 271 972 468 1033; x_wconf 86' lang='grc' dir='ltr'><strong><em>τοῦτο</em></strong></span> <span class='ocrx_word' id='word_1_61' title='bbox 483 1013 503 1048; x_wconf 92' lang='grc'><strong><em>,</em></strong></span> <span class='ocrx_word' id='word_1_62' title='bbox 536 955 628 1051; x_wconf 81' lang='grc' dir='ltr'><strong><em>ἦν</em></strong></span> <span class='ocrx_word' id='word_1_63' title='bbox 658 961 726 1031; x_wconf 90' lang='grc' dir='ltr'><strong><em>δ’</em></strong></span> <span class='ocrx_word' id='word_1_64' title='bbox 749 960 880 1049; x_wconf 81' lang='grc' dir='ltr'><strong><em>ἐγω’</em></strong></span> <span class='ocrx_word' id='word_1_65' title='bbox 892 1013 913 1048; x_wconf 92' lang='grc'><strong><em>,</em></strong></span> <span class='ocrx_word' id='word_1_66' title='bbox 938 964 1013 1031; x_wconf 78' lang='grc' dir='ltr'><strong><em>ἐν</em></strong></span> <span class='ocrx_word' id='word_1_67' title='bbox 1034 977 1172 1041; x_wconf 84' lang='grc' dir='ltr'><strong><em>τοῖς</em></strong></span> <span class='ocrx_word' id='word_1_68' title='bbox 1191 963 1347 1030; x_wconf 74' lang='grc' dir='ltr'><strong><em>κυσὶ</em></strong></span> <span class='ocrx_word' id='word_1_69' title='bbox 1368 963 1672 1051; x_wconf 79' lang='grc' dir='ltr'><strong><em>κατόψει,</em></strong></span> <span class='ocrx_word' id='word_1_70' title='bbox 1697 963 1736 1031; x_wconf 78' lang='grc' dir='ltr'>ἃ</span> <span class='ocrx_word' id='word_1_71' title='bbox 1758 966 1869 1032; x_wconf 85' lang='grc' dir='ltr'><strong><em>καὶ</em></strong></span> <span class='ocrx_word' id='word_1_72' title='bbox 1889 963 2079 1045; x_wconf 74' lang='grc' dir='ltr'><strong><em>ἄξιον</em></strong></span> <span class='ocrx_word' id='word_1_73' title='bbox 2098 974 2279 1034; x_wconf 56' lang='grc' dir='ltr'><strong><em>θανο-</em></strong></span> 
     </span>
     <span class='ocr_line' id='line_1_9' title="bbox 268 1055 2275 1151; baseline 0.001 -22"><span class='ocrx_word' id='word_1_74' title='bbox 268 1062 473 1148; x_wconf 80' lang='grc' dir='ltr'><strong><em>μοὶσαι</em></strong></span> <span class='ocrx_word' id='word_1_75' title='bbox 508 1069 630 1128; x_wconf 89' lang='grc' dir='ltr'><strong><em>τοῦ</em></strong></span> <span class='ocrx_word' id='word_1_76' title='bbox 661 1066 929 1147; x_wconf 86' lang='grc' dir='ltr'><strong><em>θηρίου.</em></strong></span> <span class='ocrx_word' id='word_1_77' title='bbox 1003 1060 1094 1128; x_wconf 80' lang='grc' dir='ltr'><strong><em>Τὸ</em></strong></span> <span class='ocrx_word' id='word_1_78' title='bbox 1130 1074 1356 1142; x_wconf 66' lang='grc' dir='ltr'><strong><em>ποῖον,</em></strong></span> <span class='ocrx_word' id='word_1_79' title='bbox 1389 1055 1513 1129; x_wconf 78' lang='grc' dir='ltr'><strong><em>Ὃν</em></strong></span> <span class='ocrx_word' id='word_1_80' title='bbox 1557 1061 1680 1148; x_wconf 74' lang='grc' dir='ltr'><strong><em>μὲν</em></strong></span> <span class='ocrx_word' id='word_1_81' title='bbox 1721 1057 1811 1129; x_wconf 68' lang='grc' dir='ltr'><strong><em>ἄν</em></strong></span> <span class='ocrx_word' id='word_1_82' title='bbox 1843 1067 1953 1151; x_wconf 74' lang='grc' dir='ltr'><strong><em>ἴδῃ</em></strong></span> <span class='ocrx_word' id='word_1_83' title='bbox 1988 1060 2275 1150; x_wconf 79' lang='grc' dir='ltr'><strong><em>ἀγνῶτα,</em></strong></span> 
     </span>
     <span class='ocr_line' id='line_1_10' title="bbox 269 1155 2278 1247; baseline 0.002 -21"><span class='ocrx_word' id='word_1_84' title='bbox 269 1165 667 1245; x_wconf 78' lang='grc' dir='ltr'><strong><em>χαλεπαίνει,</em></strong></span> <span class='ocrx_word' id='word_1_85' title='bbox 691 1155 892 1226; x_wconf 72' lang='grc' dir='ltr'><strong><em>οὐδὲν</em></strong></span> <span class='ocrx_word' id='word_1_86' title='bbox 914 1158 987 1227; x_wconf 73' lang='grc' dir='ltr'><strong><em>δὲ</em></strong></span> <span class='ocrx_word' id='word_1_87' title='bbox 1008 1157 1222 1227; x_wconf 78' lang='grc' dir='ltr'><strong><em>κακὸν</em></strong></span> <span class='ocrx_word' id='word_1_88' title='bbox 1245 1159 1736 1244; x_wconf 74' lang='grc' dir='ltr'><strong><em>προπεπονθώς</em></strong></span> <span class='ocrx_word' id='word_1_89' title='bbox 1751 1181 1766 1196; x_wconf 88' lang='grc'><em>·</em></span> <span class='ocrx_word' id='word_1_90' title='bbox 1791 1155 1875 1227; x_wconf 80' lang='grc' dir='ltr'><strong><em>ὃν</em></strong></span> <span class='ocrx_word' id='word_1_91' title='bbox 1897 1155 1961 1226; x_wconf 76' lang='grc' dir='ltr'><strong><em>δ’</em></strong></span> <span class='ocrx_word' id='word_1_92' title='bbox 1985 1155 2076 1229; x_wconf 73' lang='grc' dir='ltr'><strong><em>όίν</em></strong></span> <span class='ocrx_word' id='word_1_93' title='bbox 2095 1162 2278 1247; x_wconf 79' lang='grc' dir='ltr'><strong><em>γνῶ-</em></strong></span> 
     </span>
     <span class='ocr_line' id='line_1_11' title="bbox 272 1254 2279 1344; baseline 0.002 -21"><span class='ocrx_word' id='word_1_94' title='bbox 272 1283 502 1344; x_wconf 85' lang='grc' dir='ltr'><strong><em>ριμον,</em></strong></span> <span class='ocrx_word' id='word_1_95' title='bbox 537 1255 923 1343; x_wconf 78' lang='grc' dir='ltr'><strong><em>ἀσπάζεται,</em></strong></span> <span class='ocrx_word' id='word_1_96' title='bbox 959 1256 1093 1327; x_wconf 75' lang='grc' dir='ltr'><strong><em>κᾶν</em></strong></span> <span class='ocrx_word' id='word_1_97' title='bbox 1110 1260 1318 1344; x_wconf 74' lang='grc' dir='ltr'><strong><em>μηδὲν</em></strong></span> <span class='ocrx_word' id='word_1_98' title='bbox 1339 1256 1607 1325; x_wconf 72' lang='grc' dir='ltr'><strong><em>πώποτε</em></strong></span> <span class='ocrx_word' id='word_1_99' title='bbox 1631 1254 1749 1324; x_wconf 83' lang='grc' dir='ltr'><strong><em>ὑπ’</em></strong></span> <span class='ocrx_word' id='word_1_100' title='bbox 1776 1254 1988 1325; x_wconf 78' lang='grc' dir='ltr'><strong><em>αὐτοῦ</em></strong></span> <span class='ocrx_word' id='word_1_101' title='bbox 2010 1255 2279 1344; x_wconf 74' lang='grc' dir='ltr'><strong><em>ἀγαθὰν</em></strong></span> 
     </span>
     <span class='ocr_line' id='line_1_12' title="bbox 270 1350 2276 1443; baseline 0.001 -21"><span class='ocrx_word' id='word_1_102' title='bbox 270 1355 595 1442; x_wconf 76' lang='grc' dir='ltr'><strong><em>πεπόνθῃ.</em></strong></span> <span class='ocrx_word' id='word_1_103' title='bbox 671 1350 718 1441; x_wconf 78' lang='grc' dir='ltr'><strong><em>ἦ</em></strong></span> <span class='ocrx_word' id='word_1_104' title='bbox 759 1354 950 1424; x_wconf 78' lang='grc' dir='ltr'><strong><em>οὔπω</em></strong></span> <span class='ocrx_word' id='word_1_105' title='bbox 990 1363 1188 1424; x_wconf 82' lang='grc' dir='ltr'><strong><em>τοῦτο</em></strong></span> <span class='ocrx_word' id='word_1_106' title='bbox 1233 1354 1651 1441; x_wconf 67' lang='grc' dir='ltr'><strong><em>ἐθαύμασαςς</em></strong></span> <span class='ocrx_word' id='word_1_107' title='bbox 1724 1351 1827 1429; x_wconf 81' lang='grc' dir='ltr'><strong><em>Οὐ</em></strong></span> <span class='ocrx_word' id='word_1_108' title='bbox 1874 1353 2087 1441; x_wconf 80' lang='grc' dir='ltr'><strong><em>πάνυ,</em></strong></span> <span class='ocrx_word' id='word_1_109' title='bbox 2128 1361 2276 1443; x_wconf 79' lang='grc' dir='ltr'><strong><em>ἔφη,</em></strong></span> 
     </span>
     <span class='ocr_line' id='line_1_13' title="bbox 276 1450 2275 1542; baseline -0.001 -19"><span class='ocrx_word' id='word_1_110' title='bbox 276 1456 462 1541; x_wconf 78' lang='grc' dir='ltr'><strong><em>μέχρι</em></strong></span> <span class='ocrx_word' id='word_1_111' title='bbox 482 1455 727 1522; x_wconf 84' lang='grc' dir='ltr'><strong><em>τούτου</em></strong></span> <span class='ocrx_word' id='word_1_112' title='bbox 748 1458 1117 1539; x_wconf 79' lang='grc' dir='ltr'><strong><em>προσέσχον</em></strong></span> <span class='ocrx_word' id='word_1_113' title='bbox 1141 1450 1261 1520; x_wconf 83' lang='grc' dir='ltr'><strong><em>τὸν</em></strong></span> <span class='ocrx_word' id='word_1_114' title='bbox 1282 1459 1454 1520; x_wconf 85' lang='grc' dir='ltr'><strong><em>νοῦν</em></strong></span> <span class='ocrx_word' id='word_1_115' title='bbox 1470 1477 1484 1493; x_wconf 91' lang='grc'><em>·</em></span> <span class='ocrx_word' id='word_1_116' title='bbox 1520 1450 1623 1519; x_wconf 84' lang='grc' dir='ltr'><strong><em>ὅτι</em></strong></span> <span class='ocrx_word' id='word_1_117' title='bbox 1646 1454 1723 1519; x_wconf 80' lang='grc' dir='ltr'><strong><em>δέ</em></strong></span> <span class='ocrx_word' id='word_1_118' title='bbox 1740 1475 1874 1519; x_wconf 89' lang='grc' dir='ltr'><strong><em>που</em></strong></span> <span class='ocrx_word' id='word_1_119' title='bbox 1895 1455 2024 1542; x_wconf 78' lang='grc' dir='ltr'><strong><em>δρᾷ</em></strong></span> <span class='ocrx_word' id='word_1_120' title='bbox 2046 1463 2275 1537; x_wconf 84' lang='grc' dir='ltr'><strong><em>ταῦτα,</em></strong></span> 
     </span>
     <span class='ocr_line' id='line_1_14' title="bbox 271 1547 2280 1638; baseline -0.001 -18"><span class='ocrx_word' id='word_1_121' title='bbox 271 1555 496 1638; x_wconf 84' lang='grc' dir='ltr'><strong><em>δῆλον.</em></strong></span> <span class='ocrx_word' id='word_1_122' title='bbox 556 1547 748 1620; x_wconf 85' lang='grc' dir='ltr'><strong><em>Ἀλλα</em></strong></span> <span class='ocrx_word' id='word_1_123' title='bbox 784 1548 921 1636; x_wconf 84' lang='grc' dir='ltr'><strong><em>μὴν</em></strong></span> <span class='ocrx_word' id='word_1_124' title='bbox 942 1550 1208 1636; x_wconf 81' lang='grc' dir='ltr'><strong><em>κομψόν</em></strong></span> <span class='ocrx_word' id='word_1_125' title='bbox 1254 1575 1330 1634; x_wconf 89' lang='grc' dir='ltr'><strong><em>γε</em></strong></span> <span class='ocrx_word' id='word_1_126' title='bbox 1365 1556 1669 1634; x_wconf 85' lang='grc' dir='ltr'><strong><em>φαίνεται</em></strong></span> <span class='ocrx_word' id='word_1_127' title='bbox 1702 1547 1774 1617; x_wconf 83' lang='grc' dir='ltr'><strong><em>τὸ</em></strong></span> <span class='ocrx_word' id='word_1_128' title='bbox 1811 1549 2033 1629; x_wconf 76' lang='grc' dir='ltr'><strong><em>πάθος</em></strong></span> <span class='ocrx_word' id='word_1_129' title='bbox 2071 1549 2280 1618; x_wconf 80' lang='grc' dir='ltr'><strong><em>αὐτοῦ</em></strong></span> 
     </span>
     <span class='ocr_line' id='line_1_15' title="bbox 271 1638 2348 1735; baseline 0.001 -20"><span class='ocrx_word' id='word_1_130' title='bbox 271 1656 386 1734; x_wconf 80' lang='grc' dir='ltr'><strong><em>τῆς</em></strong></span> <span class='ocrx_word' id='word_1_131' title='bbox 406 1647 674 1735; x_wconf 83' lang='grc' dir='ltr'><strong><em>φύσεως</em></strong></span> <span class='ocrx_word' id='word_1_132' title='bbox 695 1643 873 1716; x_wconf 68' lang='grc' dir='ltr'><strong><em>καῖ’</em></strong></span> <span class='ocrx_word' id='word_1_133' title='bbox 828 1675 916 1726; x_wconf 86' lang='grc' dir='ltr'><strong><em>ως</em></strong></span> <span class='ocrx_word' id='word_1_134' title='bbox 947 1644 1221 1734; x_wconf 86' lang='grc' dir='ltr'><strong><em>αληθῶς</em></strong></span> <span class='ocrx_word' id='word_1_135' title='bbox 1255 1646 1652 1731; x_wconf 88' lang='grc' dir='ltr'><strong><em>φιλόσοφον.</em></strong></span> <span class='ocrx_word' id='word_1_136' title='bbox 1716 1654 1829 1734; x_wconf 82' lang='grc' dir='ltr'><strong><em>Πῇ</em></strong></span> <span class='ocrx_word' id='word_1_137' title='bbox 1849 1647 1969 1733; x_wconf 62' lang='grc' dir='ltr'><strong><em>δή,</em></strong></span> <span class='ocrx_word' id='word_1_138' title='bbox 2003 1638 2141 1735; x_wconf 82' lang='grc' dir='ltr'><strong><em>Ἧι,</em></strong></span> <span class='ocrx_word' id='word_1_139' title='bbox 2186 1641 2275 1735; x_wconf 81' lang='grc' dir='ltr'><strong><em>ἦν</em></strong></span> <span class='ocrx_word' id='word_1_140' title='bbox 2315 1668 2348 1717; x_wconf 87' lang='grc' dir='ltr'><strong>Β</strong></span> 
     </span>
     <span class='ocr_line' id='line_1_16' title="bbox 273 1742 2282 1865; baseline 0 -51"><span class='ocrx_word' id='word_1_141' title='bbox 273 1745 336 1814; x_wconf 89' lang='grc' dir='ltr'><strong><em>δ’</em></strong></span> <span class='ocrx_word' id='word_1_142' title='bbox 362 1747 527 1832; x_wconf 72' lang='grc' dir='ltr'><strong><em>ἐγώ,</em></strong></span> <span class='ocrx_word' id='word_1_143' title='bbox 564 1744 724 1827; x_wconf 82' lang='grc' dir='ltr'><strong><em>οψιν</em></strong></span> <span class='ocrx_word' id='word_1_144' title='bbox 746 1742 968 1814; x_wconf 80' lang='grc' dir='ltr'><strong><em>οὐδενὶ</em></strong></span> <span class='ocrx_word' id='word_1_145' title='bbox 991 1745 1175 1836; x_wconf 76' lang='grc' dir='ltr'><strong><em>αλλῳ</em></strong></span> <span class='ocrx_word' id='word_1_146' title='bbox 1194 1753 1420 1865; x_wconf 80' lang='grc' dir='ltr'><strong><em>φίλην</em></strong></span> <span class='ocrx_word' id='word_1_147' title='bbox 1424 1748 1532 1814; x_wconf 80' lang='grc' dir='ltr'><strong><em>καὶ</em></strong></span> <span class='ocrx_word' id='word_1_148' title='bbox 1566 1743 1817 1832; x_wconf 75' lang='grc' dir='ltr'><strong><em>ἐχθρὰν</em></strong></span> <span class='ocrx_word' id='word_1_149' title='bbox 1838 1750 2196 1833; x_wconf 86' lang='grc' dir='ltr'><strong><em>διακρίνει,</em></strong></span> <span class='ocrx_word' id='word_1_150' title='bbox 2236 1743 2282 1834; x_wconf 75' lang='grc' dir='ltr'><em>ἢ</em></span> 
     </span>
     <span class='ocr_line' id='line_1_17' title="bbox 269 1840 2280 1933; baseline -0 -21"><span class='ocrx_word' id='word_1_151' title='bbox 269 1851 362 1933; x_wconf 76' lang='grc' dir='ltr'><strong><em>τῷ</em></strong></span> <span class='ocrx_word' id='word_1_152' title='bbox 385 1843 509 1930; x_wconf 82' lang='grc' dir='ltr'><strong><em>τὴν</em></strong></span> <span class='ocrx_word' id='word_1_153' title='bbox 528 1844 653 1931; x_wconf 73' lang='grc' dir='ltr'><strong><em>μὲν</em></strong></span> <span class='ocrx_word' id='word_1_154' title='bbox 672 1851 1118 1930; x_wconf 78' lang='grc' dir='ltr'><strong><em>καταμαθεῖν,</em></strong></span> <span class='ocrx_word' id='word_1_155' title='bbox 1141 1840 1264 1929; x_wconf 85' lang='grc' dir='ltr'><strong><em>τὴν</em></strong></span> <span class='ocrx_word' id='word_1_156' title='bbox 1288 1842 1359 1912; x_wconf 87' lang='grc' dir='ltr'><strong><em>δε</em></strong></span> <span class='ocrx_word' id='word_1_157' title='bbox 1383 1841 1738 1929; x_wconf 77' lang='grc' dir='ltr'><strong><em>ἀγνοῆσαι·</em></strong></span> <span class='ocrx_word' id='word_1_158' title='bbox 1763 1849 1978 1912; x_wconf 86' lang='grc' dir='ltr'><strong><em>καίτοι</em></strong></span> <span class='ocrx_word' id='word_1_159' title='bbox 1998 1851 2137 1921; x_wconf 87' lang='grc' dir='ltr'><strong><em>πῶς</em></strong></span> <span class='ocrx_word' id='word_1_160' title='bbox 2152 1843 2280 1912; x_wconf 80' lang='grc' dir='ltr'><strong><em>οὐκ</em></strong></span> 
     </span>
     <span class='ocr_line' id='line_1_18' title="bbox 269 1937 2282 2031; baseline -0 -20"><span class='ocrx_word' id='word_1_161' title='bbox 269 1970 356 2012; x_wconf 90' lang='grc' dir='ltr'><strong><em>αν</em></strong></span> <span class='ocrx_word' id='word_1_162' title='bbox 378 1940 750 2029; x_wconf 75' lang='grc' dir='ltr'><strong><em>φιλομαθὲς</em></strong></span> <span class='ocrx_word' id='word_1_163' title='bbox 772 1951 869 2029; x_wconf 74' lang='grc' dir='ltr'><strong><em>εἴη</em></strong></span> <span class='ocrx_word' id='word_1_164' title='bbox 890 1992 911 2028; x_wconf 90' lang='grc'><strong><em>,</em></strong></span> <span class='ocrx_word' id='word_1_165' title='bbox 934 1943 1199 2011; x_wconf 75' lang='grc' dir='ltr'><strong><em>συνέσει</em></strong></span> <span class='ocrx_word' id='word_1_166' title='bbox 1220 1968 1292 2011; x_wconf 82' lang='grc' dir='ltr'><strong><em>τε</em></strong></span> <span class='ocrx_word' id='word_1_167' title='bbox 1318 1941 1428 2009; x_wconf 82' lang='grc' dir='ltr'><strong><em>καὶ</em></strong></span> <span class='ocrx_word' id='word_1_168' title='bbox 1450 1938 1686 2031; x_wconf 77' lang='grc' dir='ltr'><strong><em>ἀγνοίᾳ</em></strong></span> <span class='ocrx_word' id='word_1_169' title='bbox 1709 1937 2094 2028; x_wconf 77' lang='grc' dir='ltr'><strong><em>ὁριζόμενον</em></strong></span> <span class='ocrx_word' id='word_1_170' title='bbox 2116 1942 2192 2011; x_wconf 89' lang='grc' dir='ltr'><strong><em>τό</em></strong></span> <span class='ocrx_word' id='word_1_171' title='bbox 2211 1969 2282 2010; x_wconf 87' lang='grc' dir='ltr'><strong><em>τε</em></strong></span> 
     </span>
     <span class='ocr_line' id='line_1_19' title="bbox 270 2032 2278 2127; baseline 0.001 -19"><span class='ocrx_word' id='word_1_172' title='bbox 270 2048 517 2110; x_wconf 79' lang='grc' dir='ltr'><strong><em>οἰκεῖον</em></strong></span> <span class='ocrx_word' id='word_1_173' title='bbox 538 2044 650 2110; x_wconf 81' lang='grc' dir='ltr'><strong><em>καὶ</em></strong></span> <span class='ocrx_word' id='word_1_174' title='bbox 682 2038 756 2110; x_wconf 82' lang='grc' dir='ltr'><strong><em>τὸ</em></strong></span> <span class='ocrx_word' id='word_1_175' title='bbox 781 2038 1163 2124; x_wconf 71' lang='grc' dir='ltr'><strong><em>ἄλλότριονς</em></strong></span> <span class='ocrx_word' id='word_1_176' title='bbox 1210 2038 1570 2127; x_wconf 80' lang='grc' dir='ltr'><strong><em>Οὐδαμῶς,</em></strong></span> <span class='ocrx_word' id='word_1_177' title='bbox 1614 2032 1663 2126; x_wconf 80' lang='grc' dir='ltr'><em>ἦ</em></span> <span class='ocrx_word' id='word_1_178' title='bbox 1698 2038 1762 2108; x_wconf 84' lang='grc' dir='ltr'><strong><em>δ’</em></strong></span> <span class='ocrx_word' id='word_1_179' title='bbox 1809 2039 1915 2126; x_wconf 82' lang='grc' dir='ltr'><strong><em>ὅς,</em></strong></span> <span class='ocrx_word' id='word_1_180' title='bbox 1961 2040 2142 2121; x_wconf 80' lang='grc' dir='ltr'><strong><em>ὅπως</em></strong></span> <span class='ocrx_word' id='word_1_181' title='bbox 2174 2041 2278 2110; x_wconf 79' lang='grc' dir='ltr'><strong><em>οὔ.</em></strong></span> 
     </span>
     <span class='ocr_line' id='line_1_20' title="bbox 266 2135 2280 2225; baseline 0.001 -20"><span class='ocrx_word' id='word_1_182' title='bbox 266 2135 457 2206; x_wconf 81' lang='grc' dir='ltr'><strong><em>Ἀλλά</em></strong></span> <span class='ocrx_word' id='word_1_183' title='bbox 478 2139 737 2223; x_wconf 81' lang='grc' dir='ltr'><strong><em>μέντοι,</em></strong></span> <span class='ocrx_word' id='word_1_184' title='bbox 777 2136 967 2206; x_wconf 85' lang='grc' dir='ltr'><strong><em>εἶπον</em></strong></span> <span class='ocrx_word' id='word_1_185' title='bbox 995 2138 1146 2224; x_wconf 70' lang='grc' dir='ltr'><strong><em>ἐγώ,</em></strong></span> <span class='ocrx_word' id='word_1_186' title='bbox 1171 2138 1252 2207; x_wconf 83' lang='grc' dir='ltr'><strong><em>τό</em></strong></span> <span class='ocrx_word' id='word_1_187' title='bbox 1284 2164 1360 2223; x_wconf 84' lang='grc' dir='ltr'><strong><em>γε</em></strong></span> <span class='ocrx_word' id='word_1_188' title='bbox 1386 2139 1753 2225; x_wconf 76' lang='grc' dir='ltr'><strong><em>φιλομαθὲς</em></strong></span> <span class='ocrx_word' id='word_1_189' title='bbox 1773 2140 1883 2206; x_wconf 81' lang='grc' dir='ltr'><strong><em>καὶ</em></strong></span> <span class='ocrx_word' id='word_1_190' title='bbox 1905 2139 2280 2225; x_wconf 86' lang='grc' dir='ltr'><strong><em>φιλόσοφον</em></strong></span> 
     </span>
     <span class='ocr_line' id='line_1_21' title="bbox 267 2231 2285 2323; baseline 0 -20"><span class='ocrx_word' id='word_1_191' title='bbox 267 2233 551 2316; x_wconf 66' lang='grc' dir='ltr'><strong><em>ταύτόν,</em></strong></span> <span class='ocrx_word' id='word_1_192' title='bbox 580 2231 844 2304; x_wconf 82' lang='grc' dir='ltr'><strong><em>Ταύτόν</em></strong></span> <span class='ocrx_word' id='word_1_193' title='bbox 860 2235 989 2320; x_wconf 77' lang='grc' dir='ltr'><strong><em>γάρ</em></strong></span> <span class='ocrx_word' id='word_1_194' title='bbox 1006 2285 1026 2320; x_wconf 94' lang='grc'><strong><em>,</em></strong></span> <span class='ocrx_word' id='word_1_195' title='bbox 1048 2240 1195 2322; x_wconf 79' lang='grc' dir='ltr'><strong><em>ἔφη.</em></strong></span> <span class='ocrx_word' id='word_1_196' title='bbox 1245 2235 1521 2305; x_wconf 79' lang='grc' dir='ltr'><strong><em>Οὐκοῦν</em></strong></span> <span class='ocrx_word' id='word_1_197' title='bbox 1548 2244 1967 2321; x_wconf 76' lang='grc' dir='ltr'><strong><em>θαρροῦντες</em></strong></span> <span class='ocrx_word' id='word_1_198' title='bbox 1988 2244 2285 2323; x_wconf 88' lang='grc' dir='ltr'><strong><em>τιθῶμεν</em></strong></span> 
     </span>
     <span class='ocr_line' id='line_1_22' title="bbox 268 2331 2284 2421; baseline 0 -20"><span class='ocrx_word' id='word_1_199' title='bbox 268 2336 379 2401; x_wconf 82' lang='grc' dir='ltr'><strong><em>καὶ</em></strong></span> <span class='ocrx_word' id='word_1_200' title='bbox 402 2336 478 2401; x_wconf 81' lang='grc' dir='ltr'><strong><em>ἐν</em></strong></span> <span class='ocrx_word' id='word_1_201' title='bbox 497 2331 838 2421; x_wconf 74' lang='grc' dir='ltr'><strong><em>ἀνθρώπῳ</em></strong></span> <span class='ocrx_word' id='word_1_202' title='bbox 855 2382 875 2418; x_wconf 90' lang='grc'><strong><em>,</em></strong></span> <span class='ocrx_word' id='word_1_203' title='bbox 912 2338 973 2399; x_wconf 81' lang='grc' dir='ltr'><strong><em>εἰ</em></strong></span> <span class='ocrx_word' id='word_1_204' title='bbox 991 2336 1211 2417; x_wconf 79' lang='grc' dir='ltr'><strong><em>μέλλει</em></strong></span> <span class='ocrx_word' id='word_1_205' title='bbox 1232 2331 1402 2418; x_wconf 78' lang='grc' dir='ltr'><strong><em>πρὸς</em></strong></span> <span class='ocrx_word' id='word_1_206' title='bbox 1422 2332 1579 2412; x_wconf 83' lang='grc' dir='ltr'><strong><em>τούς</em></strong></span> <span class='ocrx_word' id='word_1_207' title='bbox 1599 2338 1885 2412; x_wconf 81' lang='grc' dir='ltr'><strong><em>οἰκείους</em></strong></span> <span class='ocrx_word' id='word_1_208' title='bbox 1906 2336 2015 2401; x_wconf 84' lang='grc' dir='ltr'><strong><em>καὶ</em></strong></span> <span class='ocrx_word' id='word_1_209' title='bbox 2035 2340 2284 2420; x_wconf 88' lang='grc' dir='ltr'><strong><em>γνωρί-</em></strong></span> 
     </span>
     <span class='ocr_line' id='line_1_23' title="bbox 267 2430 2362 2518; baseline -0 -19"><span class='ocrx_word' id='word_1_210' title='bbox 267 2458 436 2518; x_wconf 87' lang='grc' dir='ltr'><strong><em>μους</em></strong></span> <span class='ocrx_word' id='word_1_211' title='bbox 458 2431 674 2517; x_wconf 84' lang='grc' dir='ltr'><strong><em>πρᾶός</em></strong></span> <span class='ocrx_word' id='word_1_212' title='bbox 697 2457 793 2509; x_wconf 85' lang='grc' dir='ltr'><strong><em>τις</em></strong></span> <span class='ocrx_word' id='word_1_213' title='bbox 825 2434 1129 2516; x_wconf 81' lang='grc' dir='ltr'><strong><em>ἔσεσθαι,</em></strong></span> <span class='ocrx_word' id='word_1_214' title='bbox 1153 2431 1355 2517; x_wconf 84' lang='grc' dir='ltr'><strong><em>φύσει</em></strong></span> <span class='ocrx_word' id='word_1_215' title='bbox 1390 2430 1771 2518; x_wconf 87' lang='grc' dir='ltr'><strong><em>φιλόσοφον</em></strong></span> <span class='ocrx_word' id='word_1_216' title='bbox 1803 2431 1915 2500; x_wconf 74' lang='grc' dir='ltr'><strong><em>καὶ</em></strong></span> <span class='ocrx_word' id='word_1_217' title='bbox 1935 2439 2283 2518; x_wconf 80' lang='grc' dir='ltr'><strong><em>φιλομαθῆ</em></strong></span> <span class='ocrx_word' id='word_1_218' title='bbox 2324 2460 2362 2512; x_wconf 75' lang='lat'><em>0</em></span> 
     </span>
     <span class='ocr_line' id='line_1_24' title="bbox 271 2526 2284 2615; baseline -0 -19"><span class='ocrx_word' id='word_1_219' title='bbox 271 2527 479 2598; x_wconf 79' lang='grc' dir='ltr'><strong><em>αὐτὸν</em></strong></span> <span class='ocrx_word' id='word_1_220' title='bbox 504 2533 643 2597; x_wconf 91' lang='grc' dir='ltr'><strong><em>δεῖν</em></strong></span> <span class='ocrx_word' id='word_1_221' title='bbox 668 2526 861 2608; x_wconf 83' lang='grc' dir='ltr'><strong><em>εἷναι;</em></strong></span> <span class='ocrx_word' id='word_1_222' title='bbox 912 2535 1256 2614; x_wconf 70' lang='grc' dir='ltr'><strong><em>Τυθῶμεν,</em></strong></span> <span class='ocrx_word' id='word_1_223' title='bbox 1301 2534 1449 2615; x_wconf 81' lang='grc' dir='ltr'><strong><em>ἔφη.</em></strong></span> <span class='ocrx_word' id='word_1_224' title='bbox 1483 2527 1865 2615; x_wconf 86' lang='grc' dir='ltr'><strong><em>Φιλόσοφος</em></strong></span> <span class='ocrx_word' id='word_1_225' title='bbox 1900 2526 1980 2615; x_wconf 81' lang='grc' dir='ltr'><strong><em>δὴ</em></strong></span> <span class='ocrx_word' id='word_1_226' title='bbox 2015 2530 2126 2597; x_wconf 87' lang='grc' dir='ltr'><strong><em>καὶ</em></strong></span> <span class='ocrx_word' id='word_1_227' title='bbox 2146 2539 2284 2598; x_wconf 89' lang='grc' dir='ltr'><strong><em>θυ-</em></strong></span> 
     </span>
     <span class='ocr_line' id='line_1_25' title="bbox 242 2622 2284 2714; baseline 0 -20"><span class='ocrx_word' id='word_1_228' title='bbox 242 2624 536 2714; x_wconf 76' lang='grc' dir='ltr'><strong><em>μοειδὴς</em></strong></span> <span class='ocrx_word' id='word_1_229' title='bbox 580 2628 688 2695; x_wconf 78' lang='grc' dir='ltr'><strong><em>καὶ</em></strong></span> <span class='ocrx_word' id='word_1_230' title='bbox 730 2623 931 2712; x_wconf 81' lang='grc' dir='ltr'><strong><em>ταχὺς</em></strong></span> <span class='ocrx_word' id='word_1_231' title='bbox 976 2630 1088 2695; x_wconf 83' lang='grc' dir='ltr'><strong><em>καὶ</em></strong></span> <span class='ocrx_word' id='word_1_232' title='bbox 1131 2623 1399 2712; x_wconf 81' lang='grc' dir='ltr'><strong><em>ἰσχυρὸς</em></strong></span> <span class='ocrx_word' id='word_1_233' title='bbox 1430 2622 1590 2712; x_wconf 79' lang='grc' dir='ltr'><strong><em>ἡμῖν</em></strong></span> <span class='ocrx_word' id='word_1_234' title='bbox 1622 2624 1747 2712; x_wconf 83' lang='grc' dir='ltr'><strong><em>τὴν</em></strong></span> <span class='ocrx_word' id='word_1_235' title='bbox 1784 2626 1994 2712; x_wconf 74' lang='grc' dir='ltr'><strong><em>φύσιν</em></strong></span> <span class='ocrx_word' id='word_1_236' title='bbox 2030 2632 2208 2694; x_wconf 78' lang='grc' dir='ltr'><strong><em>ἔσται</em></strong></span> <span class='ocrx_word' id='word_1_237' title='bbox 2245 2624 2284 2694; x_wconf 82' lang='grc' dir='ltr'>ὁ</span> 
     </span>
     <span class='ocr_line' id='line_1_26' title="bbox 266 2722 2286 2813; baseline 0 -20"><span class='ocrx_word' id='word_1_238' title='bbox 266 2730 528 2813; x_wconf 77' lang='grc' dir='ltr'><strong><em>μέλλων</em></strong></span> <span class='ocrx_word' id='word_1_239' title='bbox 560 2722 760 2803; x_wconf 83' lang='grc' dir='ltr'><strong><em>καλὸς</em></strong></span> <span class='ocrx_word' id='word_1_240' title='bbox 801 2722 1104 2810; x_wconf 80' lang='grc' dir='ltr'><strong><em>κάγαθὸς</em></strong></span> <span class='ocrx_word' id='word_1_241' title='bbox 1126 2730 1400 2793; x_wconf 81' lang='grc' dir='ltr'><strong><em>ἔσεσθαι</em></strong></span> <span class='ocrx_word' id='word_1_242' title='bbox 1432 2726 1651 2810; x_wconf 80' lang='grc' dir='ltr'><strong><em>φύλαξ</em></strong></span> <span class='ocrx_word' id='word_1_243' title='bbox 1685 2723 1972 2807; x_wconf 65' lang='grc' dir='ltr'><strong><em>πόλεως,</em></strong></span> <span class='ocrx_word' id='word_1_244' title='bbox 2016 2724 2286 2794; x_wconf 78' lang='grc' dir='ltr'><strong><em>Παντά-</em></strong></span> 
     </span>
     <span class='ocr_line' id='line_1_27' title="bbox 267 2813 2282 2909; baseline -0.001 -18"><span class='ocrx_word' id='word_1_245' title='bbox 267 2844 428 2892; x_wconf 85' lang='grc' dir='ltr'><strong><em>πασι</em></strong></span> <span class='ocrx_word' id='word_1_246' title='bbox 463 2822 585 2909; x_wconf 76' lang='grc' dir='ltr'><strong><em>μὲν</em></strong></span> <span class='ocrx_word' id='word_1_247' title='bbox 620 2813 779 2907; x_wconf 80' lang='grc' dir='ltr'><strong><em>οὖν,</em></strong></span> <span class='ocrx_word' id='word_1_248' title='bbox 829 2828 974 2909; x_wconf 76' lang='grc' dir='ltr'><strong><em>ἔφη.</em></strong></span> <span class='ocrx_word' id='word_1_249' title='bbox 1047 2814 1262 2901; x_wconf 84' lang='grc' dir='ltr'><strong><em>Οὗτος</em></strong></span> <span class='ocrx_word' id='word_1_250' title='bbox 1311 2822 1435 2909; x_wconf 74' lang='grc' dir='ltr'><strong><em>μὲν</em></strong></span> <span class='ocrx_word' id='word_1_251' title='bbox 1474 2820 1553 2908; x_wconf 80' lang='grc' dir='ltr'><strong><em>δὴ</em></strong></span> <span class='ocrx_word' id='word_1_252' title='bbox 1591 2816 1679 2889; x_wconf 77' lang='grc' dir='ltr'><strong><em>σ’ἱν</em></strong></span> <span class='ocrx_word' id='word_1_253' title='bbox 1713 2820 1927 2901; x_wconf 80' lang='grc' dir='ltr'><strong><em>οὕτως</em></strong></span> <span class='ocrx_word' id='word_1_254' title='bbox 1964 2818 2282 2909; x_wconf 79' lang='grc' dir='ltr'><strong><em>ὑπάρχοι·</em></strong></span> 
     </span>
     <span class='ocr_line' id='line_1_28' title="bbox 265 2911 2289 3008; baseline -0.001 -19"><span class='ocrx_word' id='word_1_255' title='bbox 265 2927 633 3006; x_wconf 78' lang='grc' dir='ltr'><strong><em>θρέψονται</em></strong></span> <span class='ocrx_word' id='word_1_256' title='bbox 656 2920 727 2989; x_wconf 71' lang='grc' dir='ltr'><strong><em>δὲ</em></strong></span> <span class='ocrx_word' id='word_1_257' title='bbox 750 2918 830 3008; x_wconf 81' lang='grc' dir='ltr'><em>δὴ</em></span> <span class='ocrx_word' id='word_1_258' title='bbox 853 2917 1015 3007; x_wconf 80' lang='grc' dir='ltr'><strong><em>ἡμῖν</em></strong></span> <span class='ocrx_word' id='word_1_259' title='bbox 1028 2911 1218 2989; x_wconf 80' lang='grc' dir='ltr'><strong><em>οὗτοι</em></strong></span> <span class='ocrx_word' id='word_1_260' title='bbox 1234 2921 1345 2988; x_wconf 73' lang='grc' dir='ltr'><strong><em>καὶ</em></strong></span> <span class='ocrx_word' id='word_1_261' title='bbox 1367 2920 1939 3007; x_wconf 79' lang='grc' dir='ltr'><strong><em>παιδευθήσονται</em></strong></span> <span class='ocrx_word' id='word_1_262' title='bbox 1958 2925 2106 2992; x_wconf 84' lang='grc' dir='ltr'><strong><em>τίνα</em></strong></span> <span class='ocrx_word' id='word_1_263' title='bbox 2129 2918 2289 3006; x_wconf 84' lang='grc' dir='ltr'><strong><em>τρό-</em></strong></span> 
     </span>
     <span class='ocr_line' id='line_1_29' title="bbox 267 3010 2366 3105; baseline 0.001 -19"><span class='ocrx_word' id='word_1_264' title='bbox 267 3043 436 3098; x_wconf 68' lang='grc' dir='ltr'><strong><em>πους</em></strong></span> <span class='ocrx_word' id='word_1_265' title='bbox 460 3019 573 3087; x_wconf 87' lang='grc' dir='ltr'><strong><em>καὶ</em></strong></span> <span class='ocrx_word' id='word_1_266' title='bbox 596 3010 728 3104; x_wconf 79' lang='grc' dir='ltr'><strong><em>ἆρά</em></strong></span> <span class='ocrx_word' id='word_1_267' title='bbox 750 3044 813 3087; x_wconf 88' lang='grc' dir='ltr'><strong><em>τι</em></strong></span> <span class='ocrx_word' id='word_1_268' title='bbox 833 3017 1182 3104; x_wconf 82' lang='grc' dir='ltr'><strong><em>προῦργου</em></strong></span> <span class='ocrx_word' id='word_1_269' title='bbox 1197 3014 1358 3105; x_wconf 77' lang='grc' dir='ltr'><strong><em>ἡμῖν</em></strong></span> <span class='ocrx_word' id='word_1_270' title='bbox 1380 3022 1557 3087; x_wconf 83' lang='grc' dir='ltr'><strong><em>ἐστὶν</em></strong></span> <span class='ocrx_word' id='word_1_271' title='bbox 1576 3016 1741 3089; x_wconf 80' lang='grc' dir='ltr'><strong><em>αὐτὰ</em></strong></span> <span class='ocrx_word' id='word_1_272' title='bbox 1765 3027 2096 3088; x_wconf 83' lang='grc' dir='ltr'><strong><em>σκοποῦσι</em></strong></span> <span class='ocrx_word' id='word_1_273' title='bbox 2118 3015 2287 3105; x_wconf 78' lang='grc' dir='ltr'><strong><em>πρὸς</em></strong></span> <span class='ocrx_word' id='word_1_274' title='bbox 2323 3038 2366 3088; x_wconf 85' lang='lat' dir='ltr'>D</span> 
     </span>
     <span class='ocr_line' id='line_1_30' title="bbox 265 3109 2291 3203; baseline -0 -19"><span class='ocrx_word' id='word_1_275' title='bbox 265 3114 339 3184; x_wconf 84' lang='grc' dir='ltr'><strong><em>τὸ</em></strong></span> <span class='ocrx_word' id='word_1_276' title='bbox 362 3120 684 3200; x_wconf 75' lang='grc' dir='ltr'><strong><em>κατιδεῖν,</em></strong></span> <span class='ocrx_word' id='word_1_277' title='bbox 710 3109 919 3200; x_wconf 84' lang='grc' dir='ltr'><strong><em>οὗπερ</em></strong></span> <span class='ocrx_word' id='word_1_278' title='bbox 944 3116 1139 3185; x_wconf 77' lang='grc' dir='ltr'><strong><em>ἕνεκα</em></strong></span> <span class='ocrx_word' id='word_1_279' title='bbox 1160 3117 1380 3184; x_wconf 79' lang='grc' dir='ltr'><strong><em>πάντα</em></strong></span> <span class='ocrx_word' id='word_1_280' title='bbox 1403 3124 1815 3202; x_wconf 82' lang='grc' dir='ltr'><strong><em>σκοποῦμεν,</em></strong></span> <span class='ocrx_word' id='word_1_281' title='bbox 1855 3117 2291 3203; x_wconf 84' lang='grc' dir='ltr'><strong><em>δικαιοσύνην</em></strong></span> 
     </span>
     <span class='ocr_line' id='line_1_31' title="bbox 263 3210 2251 3299; baseline -0.001 -18"><span class='ocrx_word' id='word_1_282' title='bbox 263 3235 335 3281; x_wconf 84' lang='grc' dir='ltr'><strong><em>τε</em></strong></span> <span class='ocrx_word' id='word_1_283' title='bbox 367 3217 480 3281; x_wconf 85' lang='grc' dir='ltr'><strong><em>καὶ</em></strong></span> <span class='ocrx_word' id='word_1_284' title='bbox 501 3210 768 3281; x_wconf 74' lang='grc' dir='ltr'><strong><em>ἀδικίαν</em></strong></span> <span class='ocrx_word' id='word_1_285' title='bbox 790 3221 939 3282; x_wconf 87' lang='grc' dir='ltr'><strong><em>τίνα</em></strong></span> <span class='ocrx_word' id='word_1_286' title='bbox 959 3213 1214 3297; x_wconf 90' lang='grc' dir='ltr'><strong><em>τρόπον</em></strong></span> <span class='ocrx_word' id='word_1_287' title='bbox 1239 3216 1315 3281; x_wconf 79' lang='grc' dir='ltr'><strong><em>ἐν</em></strong></span> <span class='ocrx_word' id='word_1_288' title='bbox 1338 3214 1529 3282; x_wconf 86' lang='grc' dir='ltr'><strong><em>πόλει</em></strong></span> <span class='ocrx_word' id='word_1_289' title='bbox 1548 3219 1870 3299; x_wconf 68' lang='grc' dir='ltr'><strong><em>γύγνεταις</em></strong></span> <span class='ocrx_word' id='word_1_290' title='bbox 1919 3218 2029 3282; x_wconf 83' lang='grc' dir='ltr'><strong><em>ἵνα</em></strong></span> <span class='ocrx_word' id='word_1_291' title='bbox 2051 3212 2140 3299; x_wconf 84' lang='grc' dir='ltr'><strong><em>μὴ</em></strong></span> <span class='ocrx_word' id='word_1_292' title='bbox 2165 3217 2251 3281; x_wconf 81' lang='grc' dir='ltr'><strong><em>ἐῶ</em></strong></span> 
     </span>
     <span class='ocr_line' id='line_1_32' title="bbox 263 3307 2290 3399; baseline -0.002 -18"><span class='ocrx_word' id='word_1_293' title='bbox 263 3337 389 3398; x_wconf 86' lang='grc' dir='ltr'><strong><em>μεν</em></strong></span> <span class='ocrx_word' id='word_1_294' title='bbox 410 3310 650 3381; x_wconf 81' lang='grc' dir='ltr'><strong><em>ἰκανὸν</em></strong></span> <span class='ocrx_word' id='word_1_295' title='bbox 675 3312 880 3398; x_wconf 83' lang='grc' dir='ltr'><strong><em>λόγον</em></strong></span> <span class='ocrx_word' id='word_1_296' title='bbox 899 3307 944 3399; x_wconf 76' lang='grc' dir='ltr'><em>ἢ</em></span> <span class='ocrx_word' id='word_1_297' title='bbox 964 3309 1214 3398; x_wconf 80' lang='grc' dir='ltr'><strong><em>συχνὸν</em></strong></span> <span class='ocrx_word' id='word_1_298' title='bbox 1236 3315 1593 3398; x_wconf 86' lang='grc' dir='ltr'><strong><em>διεξίωμεν.</em></strong></span> <span class='ocrx_word' id='word_1_299' title='bbox 1630 3315 1739 3379; x_wconf 85' lang='grc' dir='ltr'><strong><em>καὶ</em></strong></span> <span class='ocrx_word' id='word_1_300' title='bbox 1762 3308 1797 3381; x_wconf 84' lang='grc' dir='ltr'>ὁ</span> <span class='ocrx_word' id='word_1_301' title='bbox 1823 3319 1944 3379; x_wconf 87' lang='grc' dir='ltr'><strong><em>τοῦ</em></strong></span> <span class='ocrx_word' id='word_1_302' title='bbox 1966 3311 2290 3380; x_wconf 83' lang='grc' dir='ltr'><strong><em>Γλαύκω-</em></strong></span> 
     </span>
     <span class='ocr_line' id='line_1_33' title="bbox 264 3401 2290 3497; baseline -0.001 -21"><span class='ocrx_word' id='word_1_303' title='bbox 264 3435 379 3490; x_wconf 89' lang='grc' dir='ltr'><strong><em>νος</em></strong></span> <span class='ocrx_word' id='word_1_304' title='bbox 400 3408 692 3494; x_wconf 80' lang='grc' dir='ltr'><strong><em>ἇδελφός</em></strong></span> <span class='ocrx_word' id='word_1_305' title='bbox 712 3409 909 3479; x_wconf 75' lang='grc' dir='ltr'><strong><em>Πάνυ</em></strong></span> <span class='ocrx_word' id='word_1_306' title='bbox 928 3415 1051 3497; x_wconf 80' lang='grc' dir='ltr'><strong><em>μὲν</em></strong></span> <span class='ocrx_word' id='word_1_307' title='bbox 1076 3401 1224 3495; x_wconf 79' lang='grc' dir='ltr'><strong><em>οὖν,</em></strong></span> <span class='ocrx_word' id='word_1_308' title='bbox 1249 3414 1399 3495; x_wconf 79' lang='grc' dir='ltr'><strong><em>ἔφη,</em></strong></span> <span class='ocrx_word' id='word_1_309' title='bbox 1424 3415 1632 3496; x_wconf 79' lang='grc' dir='ltr'><strong><em>ἔγωγε</em></strong></span> <span class='ocrx_word' id='word_1_310' title='bbox 1656 3414 2007 3493; x_wconf 86' lang='grc' dir='ltr'><strong><em>προσδοκῶ</em></strong></span> <span class='ocrx_word' id='word_1_311' title='bbox 2029 3406 2290 3492; x_wconf 75' lang='grc' dir='ltr'><strong><em>προῦρ-</em></strong></span> 
     </span>
    </p>
   </div>
  </div>
 </body>
</html>
