2602 3928
327 184 409 249 70
1037 184 1611 244 ΠΛΑΤΩΝΟΣ

325 344 430 415 ὅτι
450 347 529 414 τό
546 372 622 433 γε
645 353 950 413 τοιοῦτον
972 349 1216 463 ἰατροῖς
1239 345 1504 426 δοτέον,
1528 341 1815 420 ἰδιώταις
1836 339 1908 409 δὲ
1928 340 2050 429 οὐχ
2071 339 2333 411 ἁπτέον.

324 452 589 531 Δῆλον,
633 449 778 531 ἔφη.
873 449 1024 521 Τοῖς
1060 440 1338 527 άρχουσι
1374 438 1455 525 δὴ
1501 446 1617 525 τῆς
1651 437 1904 518 πόλεως
1948 449 2130 527 εἰπερ
2164 442 2338 509 τισὶν

325 542 549 621 άλλοις
569 539 887 627 προσήκει
905 536 1278 620 ψεύδεσθαι
1310 531 1354 620 ἢ
1386 541 1718 621 πολεμίων
1753 529 1796 621 ἦ
1820 544 2110 605 πολιτῶν
2140 538 2335 606 ἕνεκα

326 635 430 706 ἐπ’
455 635 741 726 ωφελείᾳ
762 644 878 722 τῆς
909 633 1193 711 πόλεως·
1218 646 1355 710 τοῖς
1376 633 1447 700 δὲ
1469 632 1694 712 ἄλλοις
1719 640 1923 701 πᾶσιν
1945 630 2069 721 οὐχ
2088 631 2335 703 ἁπτέον

252 757 290 809 c
325 745 447 805 τοῦ
466 734 806 817 τοιούτου,
839 730 1007 801 άλλὰ
1030 731 1197 851 πρός
1216 756 1293 815 γε
1330 728 1410 817 δὴ
1446 756 1606 810 τους
1637 731 1983 813 τοιούτους
2015 731 2337 821 ἄρχοντας

328 832 554 921 ἰδιωτῃ
574 830 961 914 ψεύσασθαι
979 826 1225 898 ταύτόν
1253 831 1365 896 καὶ
1397 833 1616 914 μεῖζον
1653 825 2000 947 ἁμάρτημα
2034 830 2338 917 φήσομεν

326 927 372 1017 ’ἦ
409 930 735 1017 κάμνοντι
774 926 940 1014 πρὸς
981 922 1213 1012 ἰατρὸν
1250 919 1296 1011 ’ἦ
1329 923 1651 994 ἀσκοῦντι
1698 924 1864 1014 πρὸς
1904 932 2338 1016 παιδοτρίβην

331 1029 480 1113 περὶ
504 1036 640 1095 τοῖν
667 1034 792 1094 τοῦ
818 1022 1031 1092 αὑτοῦ
1056 1024 1358 1110 σώματος
1376 1024 1795 1110 παθημάτων
1812 1023 1901 1111 μή
1936 1021 2195 1112 τάληθῆ
2227 1030 2338 1094 λέ·-

327 1152 472 1211 γειν
488 1176 508 1210 ‚
529 1121 574 1211 ἢ
590 1121 757 1211 πρὸς
777 1122 1193 1210 κυβερνήτην
1208 1124 1359 1208 περὶ
1380 1127 1496 1208 τῆς
1515 1120 1684 1202 νεός
1699 1149 1770 1191 τε
1791 1125 1903 1191 καὶ
1921 1148 2057 1191 των
2074 1148 2340 1191 ναυτων

327 1223 416 1308 μή
439 1220 522 1289 τοὶ
544 1246 709 1288 οντα
731 1225 1022 1306 λέγοντι,
1067 1243 1249 1298 οπως
1266 1245 1311 1306 η
1335 1216 1537 1299 αὐτὸς
1567 1218 1614 1308 ἥ
1643 1246 1741 1301 τις
1773 1247 1910 1289 των
1949 1226 2338 1302 ξυνναυτῶν

330 1317 628 1404 πράξεως
653 1323 803 1403 ἔχει.
887 1317 1362 1404 Ἀληθέστατα,
1407 1322 1552 1404 ἔφη.
1630 1312 1750 1386 ’Ὰν
1791 1314 1905 1403 ἄρ’
1943 1316 2150 1388 αλλον
2190 1315 2337 1387 τινά

259 1435 296 1486 D
332 1413 639 1503 λαμβάνῃ
659 1415 1081 1502 ψευδόμενον
1103 1418 1176 1483 ἐν
1196 1424 1279 1503 τῇ
1301 1413 1491 1483 πόλει
1509 1421 1646 1483 τῶν
1675 1421 1744 1484 οἳ
1763 1419 2153 1503 δημιουργοὶ
2174 1422 2338 1504 ἔασι,

581 1511 823 1600 μάντιν
845 1509 890 1600 ἦ
915 1521 1149 1602 ἰητῆρα
1169 1540 1401 1582 κακων
1418 1540 1460 1600 η
1434 1510 1757 1584 ’τέκτονα
1778 1514 2065 1601 δούρων,

329 1609 597 1680 κολάσει
639 1609 729 1691 ὥς
769 1611 1165 1699 ἐπιτήδευμα
1210 1610 1561 1696 εἰσάγοντα
1605 1611 1859 1692 πόλεως
1902 1610 2123 1701 ωσπερ
2174 1613 2342 1693 νεώς

330 1707 812 1795 άνατρεπτικόν
843 1736 916 1778 τε
935 1712 1046 1779 καὶ
1068 1710 1400 1796 ὀλέθρων.
1484 1707 1636 1778 Ἐάν
1672 1737 1780 1796 γε,
1824 1702 1870 1797 ἦ
1904 1708 1965 1779 δ’
1991 1738 2096 1797 ος,
2141 1715 2250 1780 έπί
2266 1738 2341 1797 γε

330 1807 508 1899 λόγῳ
534 1815 695 1896 ἔργα
727 1817 1005 1895 τελῆται.
1100 1814 1184 1876 Τί
1212 1812 1289 1876 δέ
1298 1838 1319 1891 3
1362 1808 1805 1895 σωφροσύνης
1836 1801 1969 1895 ἆρα
2002 1806 2086 1878 ού
2122 1810 2339 1897 δεήσει

197 1964 202 1971 .
324 1903 492 1994 ,ἡμῖν
511 1919 648 1987 τοῖς
675 1912 994 1986 νεανίαις;
1031 1912 1187 1984 Πῶς
1222 1901 1287 1974 δ’
1315 1903 1437 1988 οὔ,
1480 1905 1944 1995 Σωφροσύνης
1967 1911 2040 1977 δὲ
2062 1905 2151 1988 ὥς
2172 1907 2342 1994 πλή-

330 2013 444 2072 θει
472 2004 556 2071 ού
575 2003 656 2072 τὰ
677 2004 901 2073 τοιάδε
921 2006 1191 2091 μέγιστα
1208 2053 1228 2090 ,
1273 2000 1617 2090 άρχόντων
1636 2003 1760 2092 μὲν
1784 2003 2125 2091 ὑπηκόους
2150 2004 2337 2092 εἶναι,

261 2129 302 2179 E
337 2098 585 2179 αὐτοὺς
616 2102 689 2170 δὲ
710 2100 1034 2189 ἄρχοντας
1065 2110 1201 2170 τοῖν
1231 2104 1382 2187 περὶ
1418 2101 1665 2182 πότους
1693 2104 1808 2172 καὶ
1840 2099 2198 2190 άφροδίσια
2231 2105 2342 2172 καὶ

336 2201 486 2288 περὶ
506 2196 1070 2286 ἐδωδὰςηδονων,
1094 2199 1363 2286 Ἔμοιγε
1384 2204 1580 2270 δοκεῖ
1649 2199 1746 2269 Ta
1771 2200 1854 2286 δὴ
1876 2201 2100 2270 τοιάδε
2125 2202 2341 2289 φήσο-

334 2323 489 2384 μεν,
535 2294 744 2383 οἶμαι,
795 2306 1013 2377 καλως
1046 2299 1391 2386 λέγεσθαι,
1439 2293 1545 2368 οἷα
1578 2301 1692 2368 καὶ
1712 2296 1973 2404 Ὁμήρῳ
2002 2300 2342 2386 Διομήδης

335 2397 544 2479 λέγει,

501 2495 688 2559 τέττα
703 2540 722 2575 ,
747 2499 965 2581 σιωπῇ
984 2488 1143 2579 ἧσο,
1186 2496 1320 2583 ἐμῷ
1344 2491 1409 2562 δ’
1435 2499 1771 2564 ἐπιπείθεο
1794 2495 1995 2583 μύθῳ
2010 2542 2031 2578 ,

333 2589 443 2657 καὶ
461 2613 543 2655 τα
564 2588 824 2657 τούτων
845 2590 1122 2677 ἐχόμενα
1141 2642 1160 2675 ,
1180 2589 1260 2659 τὰ
1305 2600 1485 2677 [ἴσαν
1504 2594 1705 2679 μένεα
1729 2598 2065 2670 πνείοντες
2079 2588 2339 2676 Ἀχαιοί]

501 2694 654 2773 σνγῇ
677 2685 986 2766 δειδιότες
1008 2690 1454 2777 σημάντορας,

196 2804 301 2861 390
332 2785 443 2852 καὶ
471 2782 596 2852 ὅσα
623 2782 789 2853 ἄλλα
819 2793 1106 2854 τοιαῦτα.
1154 2794 1410 2867 Καλῶς.
1465 2794 1549 2856 Τί
1565 2791 1643 2856 δέ
1650 2815 1671 2870 3
1712 2784 1793 2855 τὰ
1817 2785 2038 2855 τοιάδε

514 2887 886 2971 οἰνοβαρές,
919 2882 1125 2963 κυνὸς
1145 2882 1386 2972 ὄμματ’
1412 2889 1580 2971 ἔχων
1596 2935 1616 2970 ,
1662 2889 1943 2971 κραδίην
1963 2880 2025 2950 δ’
2040 2880 2312 2968 ἐλάφοιο

333 2979 445 3046 καὶ
465 2975 546 3046 τὰ
564 2979 823 3048 τούτων
844 2984 989 3069 ἑξῆς
1009 2975 1140 3069 άρα
1161 2990 1408 3068 καλῶς,
1422 2984 1534 3051 καὶ
1548 2981 1675 3051 ὅσα
1697 2982 1863 3051 ἄλλα
1885 3008 1983 3061 τις
2004 2982 2078 3049 ἐν
2098 2979 2277 3069 λόγῳ
2297 2975 2343 3066 ἦ

333 3079 411 3143 ἐν
431 3075 690 3162 πονήσει
713 3089 932 3165 εἴρηκε
952 3081 1396 3167 νεανιεύματα
1419 3086 1701 3151 ἰδιωτῶν
1724 3086 1816 3160 εἰς
1836 3079 2188 3167 ἄρχονταςς
2236 3074 2342 3146 Οὐ

334 3179 570 3252 καλῶς·
663 3173 766 3243 Οὐ
787 3177 948 3262 γάρ,
972 3176 1150 3264 οἶμαι
1166 3229 1184 3263 ,
1209 3189 1305 3259 εἰς
1325 3205 1400 3265 γε
1424 3178 1874 3269 σωφροσύνην
1905 3180 2081 3257 νέοις
2119 3173 2342 3262 ἐπιτή-

337 3274 477 3339 δεια
499 3269 803 3341 άκούειν·
833 3281 893 3344 εἰ
911 3277 989 3360 δέ
1003 3300 1150 3344 τινα
1177 3274 1390 3364 ἄλλην
1409 3274 1664 3364 ἡδονὴν
1686 3278 2050 3363 παρέχεται,
2071 3281 2342 3359 θαυμα-

336 3368 497 3435 στόν
518 3366 718 3439 οὐδέν
733 3397 748 3414 ·
786 3366 830 3457 ἢ
852 3378 991 3450 παῖς
1015 3390 1120 3439 σοι
1139 3379 1477 3460 φαίνεται;
1522 3371 1786 3460 Οὕτως,
1824 3377 1969 3459 ἐφη.
