2602 3928
230 184 297 238 41
1043 172 1296 229 TIMA
1315 173 1350 228 Ι
1363 172 1414 229 ο
1429 174 1498 228 Σ.
2125 169 2252 238 359

231 337 355 423 μὲν
391 334 470 421 δὴ
506 357 635 419 προ
680 330 929 399 τούτου
972 327 1193 398 πάντα
1228 325 1419 397 ταῦτ’
1464 334 1636 415 ἔχειν
1667 329 1926 419 ἀλόγως
1955 337 2064 405 καὶ
2087 339 2252 424 ἀμέ..

232 459 403 521 τρως
417 458 431 472 ·
477 429 589 499 ὅτε
612 425 676 497 δ’
700 432 1089 514 ἐπεχειρεῖτο
1112 436 1510 512 κοσμεῖσθαι
1528 427 1604 496 τὸ
1626 437 1784 517 πᾶν,
1808 440 1942 516 πῦρ
1978 441 2245 520 πρῶτον
2278 449 2317 498 Β

230 537 341 602 καὶ
362 531 550 612 ὕδωρ
570 531 681 598 καὶ
700 536 832 616 γῆν
853 530 964 597 καὶ
983 526 1169 614 ἀέρα,
1203 536 1351 614 ἴχνη
1385 529 1509 614 μὲν
1541 533 1775 616 ἔχοντα
1807 531 2035 601 αὐτῶν
2068 533 2251 618 ἅττα,

229 628 616 698 παντάπασί
646 654 722 714 γε
766 625 901 714 μὴν
942 631 1323 712 διακείμενα
1357 625 1581 714 ὥσπερ
1622 627 1804 709 εἰκὸς·
1834 635 2006 717 ἔχειν
2048 629 2250 719 ἅπαν,

233 727 404 797 ὅταν
425 726 565 815 ἀπῇ
583 723 768 804 τινὸς
787 726 973 811 θεός,
997 724 1175 793 οὕτω
1195 724 1276 810 δη
1299 725 1450 793 τότε
1470 727 1816 812 πεφυκότα
1834 740 2044 798 ταῦτα
2064 739 2255 817 πρώ-

231 855 354 896 τον
377 831 913 914 διεσχηματίσατο
937 828 1144 893 εἶδεσί
1160 849 1229 893 τε
1249 827 1363 893 καὶ
1382 823 1713 913 ἀριθμοῖς.
1753 826 1831 896 τὸ
1868 828 1940 897 δὲ
1972 823 2021 918 ᾗ
2042 836 2253 899 δυνα-

231 924 353 993 τὸν
375 923 465 1004 ὥς
483 924 799 993 κάλλιστα
824 921 1064 1009 ἄριστά
1085 948 1156 990 τε
1176 925 1243 1002 ἐξ
1265 921 1387 1009 οὐχ
1400 923 1612 1004 οὕτως
1634 926 1923 1011 ἐχόντων
1944 926 2064 996 τὰν
2083 928 2253 997 θεὸν

226 1021 401 1091 αὐτὰ
429 1022 840 1108 ξυνιστάναι,
866 1019 1048 1108 παρά
1070 1020 1288 1089 πάντα
1309 1019 1470 1108 ἡμῖν
1504 1019 1593 1101 ὥς
1625 1020 1726 1092 ἀεὶ
1757 1035 1953 1094 τοῦτο
1977 1027 2255 1113 λεγόμε-

233 1149 358 1189 νον
384 1120 762 1207 ὑπαρχέτω·
798 1128 931 1189 νῦν
949 1117 1014 1189 δ’
1052 1112 1180 1189 οὖν
1204 1117 1331 1206 τὴν
1360 1120 1655 1201 διάταξιν
1678 1149 1904 1190 αυτων
1924 1127 2256 1211 ἐπιχειρη-

234 1223 389 1288 τέον
411 1219 712 1288 ἑκάστων
740 1221 853 1288 καὶ
872 1219 1139 1305 γένεσιν
1172 1215 1377 1305 ἀήθει
1396 1219 1573 1309 λόγφ
1596 1218 1763 1307 πρὸς
1782 1219 1958 1307 υμᾶς
1980 1226 2254 1308 δηλοῦν,

2298 1242 2335 1294 0

233 1315 402 1386 ἀλλά
422 1316 552 1404 γάρ
574 1318 714 1385 ἐπεὶ
734 1318 1030 1404 μετέχετε
1062 1322 1200 1385 τών
1231 1314 1398 1383 κατὰ
1435 1321 1787 1387 παίδευσιν
1804 1315 2007 1404 ὀδών,
2034 1320 2120 1387 δι’
2155 1347 2254 1388 ων

232 1418 710 1484 ἐνδείκνυσθαι
730 1414 813 1482 τά
835 1413 1161 1500 λεγόμενα
1180 1410 1460 1500 ἀνάγκη,
1486 1417 1875 1496 ξυνέψεσθε.

405 1518 535 1580 XX.
576 1519 864 1601 Πρῶτον
883 1513 1007 1598 μὲν
1027 1512 1109 1598 δὴ
1133 1519 1269 1596 πῦρ
1290 1514 1402 1579 καὶ
1420 1519 1505 1598 γῆ
1531 1515 1642 1581 καὶ
1662 1511 1848 1600 ὕδωρ
1869 1518 1978 1583 καὶ
2000 1512 2131 1603 ἀήρ
2153 1516 2253 1584 ὅτι

237 1613 509 1698 σώματά
534 1614 688 1696 ἐστι,
714 1610 923 1698 δῆλόν
964 1634 1099 1678 που
1139 1613 1252 1679 καὶ
1291 1609 1648 1679 παντί·τὸ
1688 1614 1761 1680 δὲ
1788 1621 1913 1680 τοῦ
1947 1615 2249 1700 σώματος

236 1707 411 1788 εἶδος
430 1715 570 1777 πᾶν
602 1710 715 1778 καὶ
738 1710 953 1797 βάθος
976 1714 1132 1794 ἔχει·
1168 1706 1243 1776 τὸ
1283 1712 1358 1776 δὲ
1400 1709 1618 1796 βάθος
1660 1703 1749 1776 αὖ
1776 1717 1956 1778 πᾶσα
1991 1709 2249 1799 ἀνάγκη

234 1805 362 1893 τὴν
382 1809 699 1875 ἐπίπεδον
717 1809 1210 1893 περιειληφέναι
1230 1805 1472 1891 φύσιν·
1514 1832 1558 1893 η
1582 1804 1658 1873 δὲ
1690 1791 1864 1894 ὀρθὴ
1886 1817 2004 1894 τῆς
2024 1812 2253 1877 ἐπιπέ-

229 1911 359 1975 δου
384 1905 643 1994 βάσεως
663 1912 735 1976 ἐκ
758 1906 1104 1996 τριγώνων
1124 1903 1607 1993 συνέστηκε.τά
1631 1905 1704 1976 δὲ
1725 1913 2013 1993 τρίγωνα
2035 1908 2250 1976 πάντα

229 2008 304 2074 ἐκ
329 2005 589 2074 δυοῖν”
543 2032 809 2092 αρχεται
830 2004 1209 2092 τριγώνοιν,
1238 2011 1400 2091 μίαν
1419 2006 1541 2092 μὲν
1562 2002 1785 2091 ὀρθὴν
1809 2011 2074 2092 ἔχοντος
2094 2010 2320 2077 §ota-D

234 2107 433 2190 τέρου
453 2114 728 2192 γωνίαν,
758 2103 882 2182 τὰς
897 2103 972 2173 δὲ
991 2100 1233 2183 ὀξείας·
1283 2096 1381 2171 οἷν
1402 2102 1478 2170 τὰ
1511 2102 1634 2189 μὲν
1667 2105 1898 2188 ἕτερον
1932 2107 2254 2193 ἑκατέρω-

237 2213 365 2272 θεν
388 2210 519 2290 ἔχει
540 2206 739 2290 μέρος
758 2208 1004 2289 γωνίας
1035 2199 1250 2287 ὀρθῆς
1282 2210 1598 2285 πλευραῖς
1631 2211 1803 2281 ἴσαις
1834 2206 2254 2292 διῃρημένης,

229 2300 306 2370 τὸ
340 2301 405 2369 δ’
428 2305 659 2386 ἕτερον
682 2299 936 2381 ἀνίσοις
955 2301 1159 2369 ἄνισα
1192 2301 1359 2387 μέρη
1394 2303 1854 2387 νενεμημένης.
1896 2303 2152 2389 ταύτην
2173 2301 2255 2390 δὴ

233 2401 453 2484 πυρὸς
473 2399 704 2522 ἀρχὴν
703 2402 816 2469 καὶ
832 2426 971 2469 των
991 2397 1218 2468 ἄλλων
1240 2399 1566 2484 σωμάτων
1595 2395 2058 2486 ὑποτιθέμεθα
2091 2405 2257 2471 κατὰ

241 2525 363 2567 τον
395 2495 539 2585 μετ’
574 2497 869 2586 ἀνάγκης
906 2495 1128 2567 εἰκότα
1159 2497 1366 2583 λόγον
1393 2496 1868 2583 πορευόμενοι·
1912 2497 2029 2577 τὰς
2062 2497 2127 2566 δ’
2166 2506 2261 2568 ἔτι

109 2642 114 2646 -
235 2596 498 2665 τούτων
521 2595 725 2683 ἀρχὰς
744 2596 1020 2667 ἀνωθεν
1044 2594 1209 2676 θεὸς
1231 2595 1370 2665 οἶδε
1391 2598 1504 2664 καὶ
1527 2592 1860 2682 ἀνδρων“
1823 2622 1895 2675 ος
1918 2592 2005 2664 ἀν
2026 2600 2257 2691 ἐκείνω

238 2705 434 2783 φίλος
460 2690 524 2784 ᾖ.
571 2701 676 2764 δεῖ
691 2693 773 2782 δη
799 2702 1046 2782 λέγειν,
1063 2707 1221 2764 ποῖα
1254 2695 1573 2764 κάλλιστα
1601 2696 1871 2782 σώματα
1904 2696 2147 2783 γένοιτ’
2169 2727 2260 2768 αν
2286 2720 2327 2771 Ε

233 2798 533 2880 τέτταρα,
563 2792 846 2879 ἀνόμοια
866 2794 988 2881 μὲν
1010 2797 1286 2880 ἑαυτοῖς,
1321 2791 1577 2862 δυνατά
1605 2795 1678 2862 δὲ
1710 2795 1777 2874 ἐξ
1802 2791 2111 2882 ἀλλήλων
2133 2823 2256 2865 αυ-

240 2919 380 2961 των
419 2891 582 2961 ἅττα
625 2894 1031 2979 διαλυόμενα
1074 2899 1442 2978 γίγνεσθαι.
1499 2890 1743 2960 τούτου
1775 2890 1905 2980 γὰρ
1949 2896 2262 2982 τυχόντες

233 3000 476 3081 ἔχομεν
498 2991 620 3080 τὴν
641 2991 968 3081 ἀλήθειαν
986 2995 1308 3080 γενέσεως
1329 2998 1478 3080 πέρι
1498 3001 1620 3079 γῆς
1639 3018 1711 3060 τε
1744 2996 1855 3061 καὶ
1888 2993 2101 3082 πυρὰς
2121 3021 2259 3063 των

232 3118 313 3161 τε
334 3089 462 3160 ἀνὰ
486 3092 690 3177 λόγον
714 3096 788 3159 ἐν
810 3096 1021 3181 μέσω·
1056 3094 1209 3161 τόδε
1231 3091 1364 3179 γὰρ
1401 3089 1632 3160 ουδενὶ
1665 3091 2258 3178 συγχωρησόμεθα,

233 3198 489 3260 καλλίω
508 3191 773 3258 τούτων
795 3188 1104 3277 ὁρώμενα
1127 3190 1400 3277 σώματα
1421 3180 1600 3258 εἷναί
1614 3214 1749 3256 που
1769 3189 1935 3257 καθ’
1969 3192 2046 3257 ἓν
2066 3192 2262 3274 γένος

233 3287 579 3358 ἓκαστον”
541 3316 641 3357 ον.
683 3284 869 3356 τοῦτ’
896 3281 1025 3357 οὖν
1044 3290 1541 3376 προθυμητέον,
1559 3314 1641 3356 τα
1671 3290 2071 3372 διαφέροντα
2093 3288 2261 3355 κάλ-

238 3398 340 3458 λει
361 3386 691 3477 σωμάτων
709 3391 983 3474 τέτταρα
1004 3392 1165 3475 γένη
1190 3385 1750 3474 συναρμόσασθαι
1767 3386 1880 3453 καὶ
1902 3385 2112 3470 φάναι
2134 3384 2260 3472 τὴν
