2602 3928
352 188 477 251 236
1063 187 1641 247 ΠΛΑΤΩΝΟΣ

354 351 548 437 βάνει
571 351 836 434 τέλειος,
864 345 1268 437 ἀνθρωπείῳ
1293 346 1365 414 δὲ
1388 349 1464 415 ἐν
1489 339 1543 437 ᾦ
1565 348 1804 437 πρώτω
1828 345 2135 435 αὐξήσεις
2166 347 2374 415 δυνά·-

354 454 553 535 μεναί
567 473 636 513 τε
658 447 768 514 καὶ
790 445 1378 531 δυναστευόμεναι,
1411 459 1586 532 τρεῖς
1619 443 2036 530 ἀποστάσεις,
2068 449 2383 532 τέτταρας

355 545 426 613 δὲ
448 543 654 630 ὅρους
674 551 1000 631 λαβοῦσαι
1020 540 1440 628 ὁμοιούντων
1473 568 1544 610 τε
1578 546 1690 611 καὶ
1723 540 2229 630 ἀνομοιούντων
2266 544 2382 612 καὶ

282 666 318 716 C
358 639 703 721 αὐξόντων
747 643 857 708 καὶ
900 640 1315 725 φθινόντων,
1365 640 1584 706 πάντα
1634 641 2021 725 προσήγορα
2064 641 2175 707 καὶ
2216 640 2381 728 ῥητοὶ

357 743 525 826 πρὸς
558 739 814 825 ἄλληλα
857 735 1240 825 ἀπέφηναν·
1284 765 1383 805 ων
1416 741 1738 822 ἐπίτριτος
1768 739 2053 824 πυθμὴν
2084 740 2383 824 πεμπάδι

359 841 657 924 συζυγεὶς
677 836 802 905 δύο
826 835 1148 923 ἁρμονίας
1184 839 1531 954 παρέχεται
1565 838 1704 920 τρὶς
1732 833 2068 923 αὐξηθείς,
2104 835 2225 922 τὴν
2258 835 2383 922 μὲν

360 948 516 1022 ἴσην
549 934 782 1021 ἰσάκις,
819 934 1062 1004 ἑκατὸν
1095 934 1511 1017 τοσαυτάκις,
1540 932 1666 1020 τὴν
1702 935 1774 1001 δὲ
1808 934 2090 1021 ἰσομήκη
2123 933 2247 1020 μὲν
2275 939 2381 1022 τῇ,
2496 958 2501 969 ’

363 1035 672 1123 προμήκη
705 1036 799 1118 δέ,
823 1031 1060 1101 ἑκατὸν
1092 1036 1216 1120 μὲν
1250 1029 1565 1118 ἀριθμων
1601 1029 1730 1098 ἀπὸ
1770 1034 2138 1117 διαμέτρων
2159 1035 2384 1118 ρητων

359 1133 723 1220 πεμπάδος,
759 1132 1096 1216 δεομένων
1139 1128 1288 1209 ἑνός
1344 1129 1663 1213 ἑκάστων,
1704 1125 2013 1248 ἀρρήτων
2057 1130 2129 1198 δὲ
2173 1134 2382 1210 δυεῖν,

362 1228 600 1298 ἑκατὸν
623 1231 695 1295 δὲ
723 1228 958 1314 κύβων
986 1228 1269 1311 τριάδος.
1316 1227 1573 1313 ξύμπας
1594 1227 1667 1296 δὲ
1688 1251 1884 1306 ουτος
1905 1225 2196 1314 ἀριθμὸς
2210 1252 2381 1312 γεω-

366 1324 673 1413 μετρικός
693 1323 1004 1392 τοιούτου
1020 1325 1274 1411 κύριος,
1298 1323 1677 1411 ἀμεινόνων
1696 1350 1767 1392 τε
1790 1328 1898 1393 καὶ
1925 1325 2248 1412 χειρόνων
2269 1350 2382 1410 γε-

286 1458 327 1506 D
368 1421 689 1509 νέσεων,
658 1449 737 1502 ας
774 1421 940 1491 ὅταν
974 1420 1424 1509 ἀγνοήσαντες
1454 1419 1616 1508 ὑμῖν
1653 1426 1721 1489 οἱ
1751 1423 2049 1508 φύλακες
2083 1429 2382 1491 συνοικί-

368 1531 521 1605 ζωσι
554 1522 827 1608 νύμφας
859 1527 1177 1608 νυμφίοις
1227 1517 1406 1606 παρὰ
1452 1520 1711 1604 καιρόν,
1749 1519 1875 1588 οὐκ
1919 1520 2191 1606 εὐφυεῖς
2232 1521 2382 1589 οὐδ’

369 1621 661 1708 εὐτυχεῖς
683 1626 910 1698 παῖδες
932 1625 1223 1688 ἔσονται·
1267 1610 1366 1686 ὧν
1385 1618 1871 1706 καταστήσουσι
1903 1621 2025 1706 μὲν
2047 1620 2204 1699 τούς
2236 1618 2380 1703 ἀρί-

370 1743 568 1799 στους
590 1724 659 1787 οἰ
678 1718 1010 1806 πρότεροι,
1037 1716 1218 1802 ὅμως
1240 1719 1313 1784 δὲ
1335 1715 1525 1796 ὅντες
1546 1714 1826 1803 ἀνάξιοι,
1856 1723 1948 1796 εἰς
1970 1718 2088 1797 τάς
2102 1726 2242 1787 τῶν
2258 1743 2388 1784 πα-

370 1823 580 1902 τέρων
594 1810 684 1884 αὐ
706 1816 1022 1904 δυνάμεις
1048 1814 1382 1898 ἐλθόντες,
1405 1811 1597 1900 ἡμῶν
1619 1823 1886 1901 πρῶτον
1906 1815 2219 1898 ἄρξονται
2237 1815 2387 1902 ἀμε-

370 1927 512 1986 λεῖν
534 1915 830 2002 φύλακες
850 1914 1063 2001 ὄντες,
1100 1911 1261 1998 παρ’
1286 1919 1561 1983 ἔλαττον
1593 1922 1716 1983 τοῦ
1748 1918 2017 1995 δέοντος
2050 1912 2390 2003 ἡγησάμε-

368 2041 478 2083 νοι
517 2013 599 2080 τά
645 2021 984 2098 μουσικῆς,
1032 2014 1373 2096 [δεύτερον
1416 2014 1489 2082 δὲ
1532 2012 1610 2081 τὰ
1655 2021 2125 2101 γυμναστικῆς]
2141 2041 2156 2056 ·
2222 2013 2392 2082 ὅθεν

299 2136 340 2184 Ε
374 2110 814 2198 ἀμουσότεροι
835 2108 1230 2196 γενήσονται
1264 2108 1424 2197 ὑμῖν
1460 2115 1527 2178 ol
1557 2116 1715 2179 νέοι.
1759 2114 1833 2180 ἐκ
1869 2114 1942 2179 δὲ
1976 2112 2236 2180 τούτων
2267 2110 2392 2195 ἅρ-

374 2232 603 2296 χοντες
622 2205 707 2274 οὐ
728 2207 913 2275 πάνυ
949 2214 1309 2296 φυλακικοὶ
1343 2209 1869 2297 καταστήσονται
1901 2208 2068 2296 πρὸς
2096 2208 2170 2278 τὸ
2208 2215 2393 2277 δοκι-

237 2341 338 2397 547
373 2305 601 2396 μάζειν
621 2303 702 2373 τὰ
738 2304 1051 2376 Ἡσιόδου
1072 2333 1142 2376 τε
1163 2310 1273 2377 καὶ
1293 2305 1376 2376 τὰ
1395 2306 1556 2396 παρ’
1594 2305 1756 2395 ὑμῖν
1783 2310 1964 2395 γε’νη,
2004 2316 2302 2394 χρυσοῦν
2321 2334 2394 2376 τε

374 2407 485 2473 καὶ
506 2402 850 2490 ἀργυροῦν
869 2406 983 2474 καὶ
1002 2413 1297 2492 χαλκοῦν
1319 2410 1431 2475 καὶ
1451 2412 1791 2494 σιδηροῦν·
1816 2404 2078 2493 ὁμοῦδὲ
2091 2410 2394 2493 μιγέντος

379 2507 659 2589 σιδηροῦ
679 2500 953 2592 ἀργυρῷ
973 2505 1083 2571 καὶ
1103 2511 1356 2589 χαλκοῦ
1376 2511 1602 2592 χρυσῷ
1627 2503 2023 2591 ἀνομοιότης
2043 2503 2394 2590 ἐγγενήσε-

373 2625 479 2670 ται
500 2602 612 2669 καὶ
644 2598 988 2687 ἀνωμαλία
1023 2600 1462 2691 ἀνάρμοστος,
1499 2602 1545 2672 ἃ
1577 2605 1928 2691 γενόμενα,
1967 2595 2054 2672 οὖ
2088 2599 2176 2672 ἂν
2208 2607 2395 2689 ἐγγέ-

372 2725 586 2787 νηται,
611 2696 714 2767 ἀεὶ
734 2707 936 2767 τίκτει
972 2701 1269 2789 πόλεμον
1300 2706 1411 2771 καὶ
1445 2707 1715 2788 ἔχθραν.
1740 2701 2134 2792 ’ταύτης-τοι
2164 2708 2395 2788 γενεᾶς

375 2796 497 2884 χρὴ
523 2799 735 2882 φάναι
755 2796 924 2867 εἶναι
943 2799 1201 2885 στάσιν,
1224 2800 1398 2868 ὅπου
1419 2797 1511 2867 ἄν
1530 2807 1833 2887 γίγνηται
1854 2799 1975 2869 ἀεί.
2018 2803 2148 2869 Καὶ
2172 2798 2395 2884 ὀρθῶς

374 2894 468 2980 γ’,
516 2900 666 2980 ἔφη,
709 2892 915 2974 αὐτὰς
933 2891 1434 2983 Ιἀποκρίνεσθαι
1469 2896 1789 2984 φήσομεν.
1843 2900 1976 2965 Καὶ
2016 2896 2172 2982 γάρ,
2204 2890 2290 2983 ἦν
2323 2893 2391 2962 δ’

376 2991 527 3078 ἐγώ,
549 2990 809 3077 ἀνάγκη
831 2991 1116 3072 Μούσας
1140 3020 1217 3080 γε
1242 2992 1466 3073 οὔσας.
1520 3003 1605 3063 Τί
1634 2989 1781 3082 οὐν,
1814 2990 1861 3082 ἦ
1891 2993 1960 3063 δ’
2004 2995 2100 3079 ὅς,
2124 2995 2199 3063 τό
2232 2990 2389 3082 μετὰ

304 3124 344 3175 Β
377 3096 576 3158 τοῦτο
599 3090 909 3174 λέγουσιν
932 3093 1005 3158 αἱ
1019 3098 1329 3171 Μοῦσαι;
1367 3094 1700 3177 Στάσεως,
1733 3086 1823 3180 ἦν
1846 3090 1907 3162 δ’
1947 3092 2098 3179 ἐγώ,
2121 3095 2395 3178 γενομέ-

377 3214 500 3275 νης
524 3189 820 3273 εἱλκέτην
842 3187 973 3276 ἄρα
995 3191 1283 3272 ἑκατέρω
1305 3189 1397 3258 τοὶ
1425 3194 1622 3279 γένει,
1657 3192 1731 3259 τὰ
1767 3192 1892 3278 μὲν
1927 3196 2252 3280 σιδηροῦν
2288 3191 2396 3258 καὶ

379 3291 671 3371 χαλκοῦν
693 3289 796 3355 ἐπὶ
816 3286 1274 3374 χρηματισμὸν
1294 3293 1406 3357 καὶ
1425 3299 1547 3376 γῆς
1582 3298 1815 3377 κτῆσιν
1849 3291 1960 3359 καὶ
1993 3295 2202 3369 οἰκίας
2234 3312 2393 3376 χρυ*

380 3387 532 3449 σίου
551 3408 621 3451 τε
642 3386 754 3453 καὶ
775 3381 1101 3472 ἀργύρου,
1135 3384 1227 3454 τω
1264 3384 1331 3456 δ’
1363 3380 1473 3474 αὐ,
1508 3386 1582 3456 τὸ
1608 3396 1907 3475 χρυσοῦν
1939 3414 2011 3456 τε
2042 3388 2153 3454 καὶ
2186 3383 2388 3473 ἀργυ-
