2602 3928
346 168 472 234 ‚120
642 206 663 229 0
1094 168 1666 228 ΠΛΑΤΩΝΟΣ

345 329 611 398 τούτου.
655 325 769 407 Ὡς
813 332 1075 395 δικαίου
1107 326 1335 408 ὅντος;
1384 331 1542 393 Ναί.
1625 326 1758 394 Καὶ
1788 326 1994 414 ταύτῃ
2022 325 2154 413 ἄρα
2189 352 2280 416 πῃ
2313 354 2354 401 η

346 435 470 495 τοῦ
503 432 750 494 οἰκείου
783 450 854 492 τε
892 426 1004 497 καὶ
1035 425 1278 493 ἑαυτοῦ
1315 425 1441 503 ἕξις
1476 448 1546 491 τε
1578 424 1690 491 καὶ
1712 428 1942 512 πρᾶξις
1964 424 2354 510 δικαιοσύνη

209 547 316 602 434
345 520 431 593 ἄν
467 522 873 609 ὁμολογοίτο.
936 522 1115 589 Ἔστι
1146 527 1373 588 ταῦτα.
1423 519 1543 588 Ἰδὲ
1576 520 1681 608 δή,
1717 519 1838 590 ἐὰν
1873 525 1977 590 σοὶ
2008 521 2175 609 ὅπερ
2210 524 2354 608 ἐμοὶ

305 667 318 681 ·
343 624 652 708 ξυνδοκῇ.
701 623 949 688 τέκτων
970 617 1388 705 σκυτοτόμου
1416 620 1762 704 ἐπιχειρῶν
1783 625 1943 705 ἔργα
1963 619 2356 706 ἐργάζεσθαι

342 714 386 806 ἦ
425 716 835 804 σκυτοτόμος
869 721 1196 802 τέκτονος,
1239 710 1284 802 ἦ
1319 713 1397 783 τὰ
1433 714 1724 802 ὄργανά
1742 716 2358 803 μεταλαμβάνοντες

339 812 686 902 τάλλήλων
723 809 769 900 ἢ
809 813 1024 901 τιμάς,
1067 810 1129 899 ἢ
1154 814 1266 880 καὶ
1319 809 1355 880 ὁ
1392 809 1592 892 αὐτὸς
1622 816 1965 902 ἐπιχειρῶν
2015 811 2357 901 άμφότερα

339 913 674 1002 πράττειν,
723 911 938 980 πάντα
970 903 1178 979 τᾶλλα
1227 910 1803 996 μεταλλαττόμενα
1844 904 1978 999 ἆρά
2020 934 2128 980 σοι
2165 938 2252 979 αν
2295 937 2356 979 τι

342 1016 527 1078 δοκεῖ
542 1011 708 1096 μέγα
729 1006 979 1126 βλρψαι
1001 1008 1230 1087 πόλιν;
1276 1004 1381 1075 Οὐ
1411 1008 1614 1092 πάνυ,
1648 1013 1793 1096 ἔφη.
1841 1007 2016 1078 ’Ἀλλ’
2059 1008 2224 1078 ὅταν
2255 1033 2351 1093 γε,

340 1107 541 1195 οἶμαι,
586 1103 989 1194 δημιουργὸς
1039 1099 1136 1172 ω“ν
1184 1103 1232 1192 ἤ
1270 1131 1368 1184 τις
1414 1104 1615 1185 άλλος
1665 1104 2100 1194 χρηματιστὴς
2155 1106 2356 1191 φύσει

267 1230 307 1281 B
345 1211 565 1273 ἔπειτα
595 1203 1029 1290 ἐπαιρόμενος
1060 1198 1105 1290 ἦ
1140 1203 1409 1293 πλούτω
1445 1199 1491 1290 ἦ
1525 1204 1771 1303 πλήθει
1811 1198 1854 1290 ἦ
1891 1199 2141 1289 ῶχύι·’“
2095 1230 2136 1291 η
2173 1202 2353 1291 άλλῳ

340 1327 433 1392 τω
463 1302 743 1393 τοιούτῳ
782 1307 875 1381 είς
907 1299 983 1369 τὸ
1018 1306 1142 1369 τοῦ
1178 1309 1554 1386 πολεμικοῦ
1566 1274 1760 1380 εἶδος
1764 1304 2059 1389 ἐπιχειρῇ
2080 1303 2268 1384 ἰέναι,
2310 1294 2357 1388 ἦ

341 1409 480 1467 τῶν
514 1408 891 1485 πολεμικῶν
925 1425 1022 1477 τις
1054 1403 1147 1478 εἰς
1180 1397 1248 1466 τὸ
1273 1407 1399 1466 τοῦ
1434 1406 1876 1520 βουλευτικοῦ
1908 1392 2357 1485 καζφύλακος

342 1495 668 1576 άνάξιος’
629 1496 746 1583 ω’ν,
768 1499 879 1565 καὶ
897 1523 977 1565 τα
992 1495 1297 1584 ἀλλήλων
1319 1488 1507 1565 οὗτοι
1528 1495 1785 1585 ὄργανα
1805 1497 2357 1585 μεταλαμβάνωσι

345 1596 456 1661 καὶ
482 1591 597 1672 τὰς
619 1595 830 1680 τιμάς,
851 1587 896 1680 ἦ
921 1591 1082 1661 ὅταν
1106 1590 1143 1661 ὁ
1172 1591 1372 1673 αὐτὸς
1407 1594 1624 1661 πάντα
1656 1600 1864 1662 τάῦτα
1895 1592 2032 1680 ἅμα
2066 1597 2358 1680 ἐπιχειρῇ

344 1693 677 1777 πράττειν,
713 1691 864 1760 τότε
895 1689 1074 1776 οἶμαι
1113 1693 1224 1760 καὶ
1257 1693 1364 1759 σοὶ
1400 1696 1622 1760 δοκεῖν
1648 1691 1900 1778 ταύτην
1937 1691 2059 1777 τὴν
2100 1692 2356 1759 τούτων

343 1790 720 1876 μεταβολὴν
754 1792 866 1857 καὶ
907 1789 1568 1877 πολυπραγμοσύνην
1601 1788 1894 1875 ολεθρον
1925 1787 2096 1859 εἶναι
2125 1798 2207 1876 τῇ
2230 1788 2355 1879 πό·-

345 1892 461 1958 λει.
508 1886 908 1955 Παντάπασι
930 1886 1051 1972 μὲν
1080 1878 1223 1953 οὖν.
1270 1883 1360 1953 Ἡ
1372 1884 1627 1971 τριῶν’
1596 1886 1727 1974 άρα
1748 1887 1968 1956 ὄντων
1989 1895 2211 1973 γενῶν
2232 1911 2360 1955 πο-

274 2006 310 2056 c
347 1983 874 2071 λυπραγμοσύνη
898 1986 1011 2053 καὶ
1031 1983 1359 2071 μεταβολὴ
1383 1982 1734 2072 είςαλληλα
1754 1994 2023 2074 μεγίστη
2049 2012 2122 2055 τε
2140 1988 2356 2074 βλάβη

343 2092 425 2169 τῇ
456 2082 647 2150 πόλει
703 2083 813 2149 καὶ
849 2079 1163 2166 ὀρθότατ’
1203 2108 1290 2149 αν
1324 2084 1888 2169 προσαγορεύοιτο
1922 2085 2199 2170 μάλιστα
2232 2111 2356 2152 κα-

344 2186 645 2264 κουργία.
702 2183 969 2266 Κομιδῇ
999 2179 1124 2265 μὲν
1146 2171 1291 2247 οὖν.
1349 2187 1781 2269 Κακουργίαν
1802 2180 1876 2249 δὲ
1897 2180 2020 2267 τὴν
2041 2188 2360 2269 μεγίστην

344 2284 458 2362 τῆς
481 2277 726 2344 ἑαυτοῦ
745 2276 1002 2355 πόλεως
1024 2273 1150 2345 οὐκ
1173 2276 1440 2347 άδικίαν
1457 2279 1692 2366 φήσεις
1715 2277 1919 2360 εἶναι;
1953 2288 2110 2359 Πῶς
2132 2279 2197 2348 δ’
2236 2279 2360 2363 οὕς

349 2381 564 2442 Τοῦτο
587 2376 709 2459 μὲν
731 2373 863 2460 ἄρα
889 2373 1130 2443 ἀδικία.

511 2477 611 2538 xl.
657 2473 876 2540 Πάλιν
895 2473 967 2542 δὲ
989 2463 1118 2540 ὦδε
1138 2477 1460 2560 λέγωμεν·
1508 2481 2044 2561 χρηματιστικοῦ,
2085 2477 2358 2543 ἐπικου-

345 2578 560 2655 ρικοῦ,
583 2577 962 2654 φυλακικοῦ
992 2571 1231 2654 γένους
1266 2575 1740 2655 οἰκειοπραγία,
1776 2571 2061 2641 ἑκάστου
2095 2574 2358 2641 τούτων

343 2665 416 2735 τὸ
460 2664 673 2734 αὑτοῦ
718 2666 1125 2748 πράττοντος
1167 2670 1240 2736 ἐν
1284 2667 1493 2754 πόλει,
1525 2664 1925 2737 τούναντίον
1962 2672 2219 2738 ἐκείνου
2249 2675 2357 2737 δι-
2483 2721 2492 2728 -

344 2765 670 2850 καιοσύνη
695 2762 756 2830 τ’
786 2790 873 2831 αν
905 2773 1005 2851 εἴη
1041 2767 1152 2832 καὶ
1185 2761 1308 2850 τὴν
1342 2763 1542 2833 πόλιν
1573 2768 1836 2833 δικαίαν
1867 2755 2157 2851 παρέχοι.
2205 2764 2358 2835 Οὐκ

260 2878 302 2930 D
347 2864 517 2952 αλλῃ
539 2869 760 2949 ἔμοιγε
781 2866 982 2948 δοκεῖ,
1011 2855 1058 2949 ἦ
1092 2861 1155 2930 δ’
1193 2859 1288 2947 ὅς,
1324 2868 1493 2949 ἔχειν
1524 2858 1569 2950 ἦ
1597 2864 1823 2953 ταύτῃ.
1875 2870 2138 2951 Μηδέν,
2172 2858 2262 2952 ήν
2285 2862 2349 2933 δ’

344 2962 495 3047 ἐγώ,
531 2985 635 3028 πω
670 2960 851 3029 πάνυ
882 2966 1134 3046 παγίως
1169 2959 1332 3029 αὐτὸ
1370 2965 1688 3048 λέγωμεν,
1724 2959 1869 3031 ἀλλ’
1910 2960 2026 3031 ἐαν
2052 2952 2232 3049 μὲν
2197 2977 2358 3048 ημῖν

344 3061 454 3128 καὶ
500 3064 591 3138 είς
624 3059 745 3126 ἕνα
787 3060 1069 3127 ἕκαστον
1106 3067 1241 3127 τῶν
1275 3057 1665 3144 ἀνθρώπων
1697 3061 1804 3128 ἰὸν
1836 3058 1911 3128 τὸ
1951 3060 2123 3141 εἶδος
2154 3069 2353 3128 τοῦτο

343 3156 743 3243 ὁμολογῆται
784 3159 892 3225 καὶ
936 3161 1072 3225 ἐκεῖ
1121 3158 1513 3243 δικαιοσύνη
1558 3157 1744 3242 εἶναι,
1789 3148 2353 3246 ξυγχωρησόμεθα

340 3248 495 3342 ἤδη·
546 3259 613 3322 τί
625 3252 756 3341 γὰρ
779 3256 888 3332 καὶ
921 3259 1239 3341 ἐροῦμεν;
1283 3261 1347 3323 εί
1375 3258 1448 3323 δὲ
1483 3255 1595 3344 μή,
1632 3256 1781 3325 τότε
1810 3256 1973 3326 ἄλλο
2010 3284 2073 3325 τι
2105 3256 2353 3338 σκεψό-

338 3362 545 3440 μεθα·
592 3360 722 3420 νῦν
746 3352 811 3421 δ’
834 3353 1277 3440 ἐκτελέσωμεν
1297 3351 1421 3440 τὴν
1443 3358 1697 3438 σκέψιν,
1727 3352 1813 3440 ἣν
1836 3352 2173 3445 ᾠήθημεν,
2199 3358 2260 3423 εἰ
2277 3356 2353 3421 έν
