2602 3928
250 239 321 295 ⁷3
364 181 369 184 Δ
1062 233 1521 293 ΤιΜΑιοΣ.
2116 226 2263 318 ‚391

242 394 485 478 γητέον
526 396 723 461 ι’έναι·
771 397 964 459 δυοῖν
1008 392 1079 459 δὲ
1122 404 1272 459 ταῖν
1315 388 1638 471 διεξόδοιν
1679 387 1940 474 οὔσαιν,
1983 395 2100 475 τῆς
2142 413 2266 475 μεν

245 490 415 559 κατὰ
437 489 512 559 τὰ
538 496 728 577 σῶμα
750 494 893 575 ἔξω,
917 495 1034 575 τῆς
1056 490 1129 557 δὲ
1149 481 1239 556 αὖ
1259 487 1426 556 κατὰ
1447 487 1523 555 τὸ
1551 488 1759 574 στόμα
1781 485 2028 566 καὶτὰς
2049 488 2257 575 ῥῖνας,
2292 493 2334 545 Ε

246 588 410 655 ὅταν
429 592 550 674 μὲν
573 591 678 656 ἐπὶ
699 588 956 670 θάτερα
977 584 1263 673 ὁρμήσῃ,
1286 587 1545 671 θάτερα
1567 595 1913 673 περιωθεῖ·
1947 581 2023 652 τὸ
2049 585 2122 652 δὲ
2145 608 2264 651 πε-

247 684 541 767 ριωσθὲν
576 690 668 763 εἰς
706 682 779 751 τὰ
829 691 964 770 πῦρ
1009 687 1331 769 ἐμπῖπτον
1367 688 1818 770 θερμαίνεται,
1862 680 1937 750 τὸ
1980 679 2040 748 δ’
2091 684 2265 760 ἐξιον

246 782 542 867 ψύχεται.
580 781 1118 869 μεταβαλλούσης
1140 783 1213 849 δὲ
1234 786 1353 867 τῆς
1372 781 1786 868 θερμότητος
1807 783 1919 849 καὶ
1939 786 2078 848 τῶν
2097 803 2264 847 κατα

245 878 369 964 τὴν
397 880 625 965 ἑτέραν
650 883 882 960 ἔξοδον
904 881 1338 965 θερμοτέρων
1363 880 1779 965 γιγνομένων
1813 879 2015 946 πάλιν
2049 880 2265 964 ἐκείνῃ

247 979 454 1063 ῥέπον
475 969 565 1044 αὖ
582 975 657 1045 τὸ
693 976 1107 1063 θερμότερον
1141 981 1418 1061 μᾶλλον,
1456 975 1624 1059 πρὸς
1654 975 1777 1062 τὴν
1813 973 2025 1044 αὐτοῦ
2056 975 2269 1061 φύσιν

247 1073 647 1161 φερόμενον,
693 1083 1017 1161 περιωθεῖ
1051 1070 1123 1158 τὰ
1171 1072 1339 1140 κατὰ
1381 1073 1639 1157 θάτερα
1655 1100 1668 1112 ·
1731 1074 1804 1141 τό
1851 1074 1923 1142 δὲ
1969 1073 2050 1141 τὰ
2099 1069 2266 1139 αὐτα

248 1171 508 1255 πάσχον
530 1173 642 1237 καὶ
671 1168 750 1237 τά
789 1169 959 1237 αὐτὰ
995 1165 1446 1236 ἀνταποδιδόν
1480 1167 1603 1256 ἀεί,
1642 1170 1896 1240 κύκλον
1930 1169 2108 1238 οὕτω
2145 1188 2270 1237 σα-

247 1268 616 1352 λευόμενον
638 1271 808 1335 ἔνθα
839 1269 952 1336 καὶ
974 1271 1142 1335 ἔνθα
1175 1265 1707 1356 ἀπειργασμένον
1728 1265 1844 1335 ὑπ’
1874 1266 2270 1355 ἀμφοτέρων

249 1367 372 1451 την
393 1362 741 1452 ἀναπνοὴν
765 1368 875 1434 καὶ
908 1364 1199 1451 ἐκπνοὴν
1219 1370 1571 1450 γίγνεσθαι
1595 1368 1962 1452 παρέχεται.»

415 1466 700 1530 XXXVII.
738 1463 871 1530 Καὶ
895 1460 978 1546 δὴ
1001 1463 1111 1528 καὶ
1143 1461 1222 1527 τὰ
1242 1469 1381 1528 τῶν
1401 1463 1551 1543 περὶ
1573 1459 1691 1539 τὰς
1714 1459 2010 1545 ἰατρικὰς
2030 1461 2266 1540 σικύας

247 1561 665 1647 παθημάτων
698 1569 872 1630 αῖτια
898 1563 1015 1627 ’καὶ
1048 1559 1130 1628 τὰ
1162 1565 1280 1645 τῆς
1313 1560 1738 1638 καταπόσεως
1770 1559 1852 1627 τά
1882 1585 1955 1627 τε
1990 1565 2129 1627 ταῖν
2162 1562 2265 1646 (50-
2292 1564 2362 1619 8⁰

253 1664 666 1745 πτουμένων,
691 1656 816 1726 ὅσα
841 1655 1181 1744 ἀφεθέντα
1202 1660 1497 1744 μετέωρα
1518 1661 1627 1725 καὶ
1648 1655 1775 1724 ὅσα
1798 1660 1903 1724 ἐπὶ
1922 1663 2045 1742 γῆς
2067 1660 2269 1744 φέρε-

247 1780 378 1841 ται,
409 1756 617 1843 ταύτῃ
640 1758 975 1841 διωκτέον,
998 1758 1109 1823 καὶ
1133 1753 1281 1823 ὅσοι
1311 1754 1609 1841 φθόγγοι
1627 1767 1841 1842 ταχεῖς
1859 1779 1929 1822 τε
1956 1756 2068 1822 καὶ
2099 1761 2270 1841 βρα-

247 1858 383 1933 δεῷ
411 1851 577 1934 ὀξεῖς
608 1879 678 1921 τε
722 1854 834 1923 καὶ
871 1860 1094 1940 βαρεῖς
1127 1859 1503 1939 φαίνονται,
1537 1854 1683 1922 τοτὲ
1704 1852 1826 1940 μὲν
1859 1849 2267 1938 ἀνάρμοστοι

249 1950 612 2038 φερόμενοι
634 1948 725 2019 δι’
745 1948 1195 2039 ἀνομοιότητα
1216 1957 1333 2039 τῆς
1368 1953 1441 2020 ἐν
1476 1948 1636 2038 ἡμῖν
1658 1946 1776 2019 ὑπ’
1817 1947 2043 2019 αὐτῶν
2075 1950 2267 2037 κινή-

247 2071 432 2136 σεως,
455 2050 603 2120 τοτὲ
625 2052 697 2117 δὲ
717 2048 1066 2136 ξύμφωνοι
1088 2049 1179 2117 δι’
1206 2047 1576 2136 ὁμοιότητα.
1621 2047 1739 2127 τὰς
1761 2048 1889 2134 γὰρ
1924 2053 2062 2116 τῶν
2096 2072 2264 2134 προ-

246 2148 457 2233 τέρων
477 2148 588 2214 καὶ
612 2147 967 2216 θαττόνων
988 2152 1058 2216 οί
1083 2148 1482 2235 βραδύτεροι
1514 2147 1803 2233 κινήσεις
1836 2145 2265 2234 ἀποπαυομέ-

245 2269 366 2322 νας
382 2241 510 2330 ἤδη
532 2268 602 2310 τε
625 2249 716 2323 εἰς
736 2242 972 2330 ὅμοιον
991 2247 1416 2331 ἐληλυθυίας,
1431 2239 1533 2322 αἷς
1552 2241 1842 2330 ὕστερον
1853 2241 2042 2311 αὐτοὶ
2062 2266 2268 2329 προς-
2303 2247 2343 2297 Β

246 2340 609 2426 φερόμενοι
639 2348 945 2410 κινοῦσιν
981 2346 1257 2425 ἐκείνας,
1290 2340 1895 2427 καταλαμβάνουσι,
1932 2351 2268 2428 καταλαμ-

243 2435 562 2524 βάνοντες
587 2437 659 2506 δὲ
687 2436 811 2505 οὐκ
847 2437 1059 2525 ἄλλην
1094 2439 1616 2526 ἐπεμβάλλοντες
1640 2435 2054 2522 ἀνετάραξαν
2075 2447 2268 2527 κίνη-

247 2554 378 2621 σιν,
403 2533 552 2604 ἀλλ’
579 2532 790 2622 ἀρχὴν
822 2541 1233 2623 βραδυτέρας
1266 2545 1483 2623 φορᾶς
1513 2533 1677 2604 κατὰ
1709 2533 1835 2623 τὴν
1867 2544 1985 2624 τῆς
2017 2536 2266 2605 θάττο-

246 2659 383 2719 νος,
440 2631 906 2720 ἀποληγούσης
959 2634 1031 2703 δὲ
1078 2632 1432 2721 ὁμοιότητα
1477 2634 1942 2721 προσάψαντες
1986 2641 2145 2720 μίαν
2199 2637 2265 2716 ἐξ

245 2727 459 2810 ὀξείας
489 2733 600 2799 καὶ
631 2736 901 2819 βαρείας
935 2732 1463 2819 ξυνεκεράσαντο
1499 2733 1753 2818 πάθην,
1790 2731 1961 2800 ὅθεν
2009 2728 2264 2818 ἡδονὴν

242 2827 365 2915 μὲν
376 2840 512 2906 τοῖς
534 2825 847 2915 ἄφροσιν,
863 2826 1297 2917 εὐφροσύνην
1320 2828 1390 2896 δὲ
1409 2844 1545 2908 τοῖς
1568 2834 1852 2915 ἔμφροσι
1875 2827 1983 2895 διὰ
2007 2826 2132 2915 τὴν
2151 2836 2267 2915 τῆς

243 2931 434 3004 θείας
455 2922 778 3011 ἁρμονίας
794 2934 1068 3013 μίμησιν
1081 2930 1153 2994 ἐν
1165 2936 1445 3012 θνηταῖς
1456 2930 1825 3014 γενομένην
1838 2941 2076 3013 φοραῖς
2092 2951 2266 3015 παρ-

244 3027 456 3108 έσχον.
499 3024 609 3091 καὶ
639 3022 718 3111 δὴ
755 3025 866 3092 καὶ
898 3023 979 3091 τὰ
1008 3032 1146 3091 τῶν
1180 3022 1447 3093 ὑδάτων
1484 3024 1699 3094 πάντα
1727 3025 2045 3113 ῥεύματα,
2079 3031 2174 3094 ἔτι
2197 3026 2269 3094 δὲ
2310 3035 2348 3084 C

243 3119 324 3188 τοὶ
358 3127 494 3188 τῶν
530 3127 882 3204 κεραυνῶν
923 3119 1236 3208 πτώματα
1276 3124 1388 3190 καὶ
1429 3122 1512 3190 τὰ
1554 3122 2031 3208 θαυμαζόμενα
2063 3120 2263 3207 ἠλέκ-

243 3243 424 3302 τρων
442 3221 592 3301 περὶ
617 3224 733 3305 τῆς
753 3219 985 3298 ἕλξεως
1008 3221 1120 3287 καὶ
1140 3227 1278 3288 τῶν
1288 3217 1701 3304 Ἡρακλείων
1727 3226 1964 3305 λίθων,
1990 3218 2262 3286 πάντων

242 3314 502 3384 τούτων
530 3313 692 3402 ὁλκὴ
717 3319 838 3402 μὲν
860 3315 985 3384 οὐκ
1009 3323 1190 3385 ἔστιν
1212 3315 1450 3386 οὐδενί
1474 3342 1655 3403 ποτε,
1677 3317 1752 3384 τὸ
1778 3317 1851 3384 δὲ
1870 3319 2074 3385 κενὸν
2096 3313 2263 3383 εἶναι

242 3414 451 3497 μηδὲν
473 3423 833 3496 περιωθεῖν
852 3440 922 3483 τε
945 3411 1114 3482 αὐτὰ
1133 3422 1343 3483 ταῦτα
1377 3421 1469 3495 εἰς
1501 3415 1771 3502 ἄλληλα,
1798 3415 1875 3482 τό
1910 3440 1980 3482 τε
2008 3419 2266 3501 διακρι-
