2602 3928
271 259 344 296 xn
1111 248 1582 302 PRAEFATIO.

271 388 316 437 A
343 385 598 451 γραφεῖς,
637 391 947 450 quapropter
978 400 1073 436 nec
1105 401 1158 450 Ρ.
1186 386 1289 436 484
1318 386 1355 436 C
1391 387 1620 451 ejusdem
1649 386 1790 436 vocis
1816 388 1973 437 attica
2004 386 2166 437 forma
2200 388 2420 453 plaeu'm

272 456 341 509 cf.
377 455 670 509 Schneider.
705 457 765 505 T.
800 456 839 509 I.
875 469 927 520 p.
963 455 1085 508 157.
1117 486 1185 495 ——
1214 456 1272 510 P.
1296 457 1402 505 474
1434 455 1475 504 E
1507 447 1660 512 τινὸς
1690 456 1756 520 V,
1793 453 1948 513 τίνος
1980 454 2099 505 BST
2131 463 2179 506 et
2212 456 2421 510 Schnei—

272 528 426 576 derus
461 540 577 574 cum
615 525 820 586 Ficino,
856 522 998 575 libris
1034 532 1205 574 tamen
1242 536 1438 589 parum*
1459 524 1855 589 astipulantibus
1889 541 1983 575 nec
2011 526 2279 576 verborum
2316 525 2421 577 col-

271 595 524 646 locatione
561 594 688 644 adeo
725 601 966 657 cogente,
1012 601 1070 642 ut
1105 594 1399 643 acutissimo
1437 595 1700 658 interpreti
1737 595 1900 644 visum
1942 602 2036 648 est.
2092 595 2253 645 Habet
2288 597 2421 644 enim

273 665 497 727 aliquam
529 664 637 714 vim
669 653 850 720 τινός,
890 663 1037 725 quasi
1069 663 1233 712 dieat:
1281 677 1492 725 ecquem
1529 677 1705 712 censes
1739 664 1956 714 inveniri
1991 671 2193 727 praeter
2228 672 2422 714 amato-

270 748 395 794 rem,
430 733 517 796 qui
551 731 653 783 tale
688 747 871 782 nomen
909 732 1202 797 excogitare
1239 732 1496 797 potuerit?
1532 731 1598 782 cf.
1629 732 1721 795 IX,
1757 748 1811 797 p.
1835 732 1937 783 578
1968 733 2042 781 A:
2080 729 2188 781 οἴει
2225 725 2285 781 ἒν
2308 748 2422 783 τινι

270 793 366 852 ἄλλ
439 800 664 859 πλείους
694 792 969 866 εὑρήσειν.
1001 825 1071 835 --
1096 801 1153 852 Ρ.
1176 802 1278 852 477
1306 802 1353 850 Α
1381 792 1692 865 εἰλικρινῶς
1714 809 1769 851 ut
1798 816 2028 866 semper;
2060 808 2423 866 praetereaque

270 863 368 921 ἐπε
433 880 551 922 ante
576 862 686 920 Αἐπὶ.
723 873 967 920 insertum
1005 884 1071 918 ex
1116 871 1432 936 conJ'ectura,
1485 871 1622 933 quod
1669 877 1719 920 et
1759 871 2038 921 sententiae
2080 878 2129 920 et
2165 873 2422 934 sequentis

272 942 503 992 vocabuli
540 940 804 990 elementis
839 939 1273 989 accommodatius
1311 947 1414 997 cst,
1452 955 1605 1002 quam
1642 940 1779 1002 quod
1817 939 1937 989 olim
1973 938 2155 992 Stallb.
2195 955 2259 989 ex
2294 941 2420 990 duo-

270 1012 367 1061 bus
400 1010 547 1063 codd.
580 1007 898 1074 interpolatis
928 1009 1216 1059 restituerat
1252 1000 1319 1057 εἰ.
1358 1008 1641 1058 Particulae
1673 1009 1928 1059 defectum
1963 1009 2033 1057 ita
2068 1015 2262 1059 tantum
2298 1009 2422 1061 tole-

271 1082 371 1129 rari
406 1092 588 1144 posse,
639 1078 685 1128 si
726 1092 848 1126 mox
891 1068 953 1126 δὲ
991 1084 1108 1142 post
1142 1067 1236 1127 ἐπὶ
1276 1074 1354 1145 τῷ
1387 1069 1592 1140 μεταξύ
1635 1079 2029 1143 interponatur,·
2059 1084 2198 1127 recte
2245 1087 2422 1129 contra

271 1146 636 1199 Neukirchium
669 1146 862 1196 monuit
900 1145 1195 1196 Sommerus
1230 1144 1475 1196 Zeitschr.
1510 1145 1548 1196 f.
1590 1147 1638 1196 d.
1674 1146 1777 1198 Alt.
1807 1145 1961 1208 1835,
1998 1162 2054 1211 Ρ.
2093 1144 2213 1206 983,
2247 1147 2422 1209 itaque

266 1232 434 1282 vnuper
467 1216 619 1266 etiam
657 1213 834 1268 Stallb.
870 1215 1102 1280 scripsit3
1152 1217 1207 1267 id
1240 1223 1410 1266 autem
1443 1230 1597 1278 quum
1635 1215 1940 1281 optimorum
1982 1215 2423 1280 plurimorumque

271 1286 420 1337 codd.
446 1300 697 1335 consensu
729 1285 1023 1342 damnetur,
1061 1284 1189 1336 illud
1213 1285 1618 1350 supplementum
1651 1284 1885 1350 praetuli.
1913 1312 1983 1321 -—
2007 1285 2061 1335 P.
2081 1286 2183 1336 477
2206 1285 2247 1334 Β
2276 1277 2420 1334 κατὰ

268 1347 375 1417 τὴν
412 1344 584 1435 ἄλλην
621 1355 663 1402 Η
696 1355 874 1404 eadem
911 1361 962 1403 ct
994 1354 1286 1420 conjectura
1324 1361 1372 1404 et
1407 1355 1657 1405 sententia
1692 1370 1795 1417 qua
1829 1369 1946 1419 sup.
1972 1368 2025 1418 p.
2047 1355 2153 1405 454
2179 1354 2245 1409 B:
2278 1348 2421 1403 κατὰ

269 1420 377 1488 τὴν
418 1415 597 1487 αὐτην
632 1421 830 1487 VEST,
879 1421 1059 1477 Stallb.
1093 1431 1258 1473 tamen
1299 1424 1494 1474 incluso
1532 1440 1646 1473 cum
1684 1422 1993 1474 Schneidero
2030 1414 2237 1486 αὐτήν,
2284 1425 2421 1486 quod
2453 1487 2460 1493 ·

270 1495 490 1545 alienum
517 1506 631 1542 esse
665 1500 713 1542 et
746 1492 858 1557 ipse
891 1492 1144 1553 concedo,
1180 1507 1280 1542 non
1310 1499 1478 1543 tamen
1502 1493 1752 1543 intrusum
1787 1494 1881 1543 sed
1917 1499 2207 1558 corruptum
2241 1494 2303 1542 ab
2339 1509 2418 1556 eo,

269 1564 357 1627 qui
388 1562 770 1628 praegnantiam
796 1561 1036 1611 dictionis
1062 1576 1162 1611 non
1197 1561 1533 1643 intelligeget:
1575 1562 1854 1612 secundum
1890 1576 2037 1612 suam
2074 1576 2306 1626 quaeque
2345 1563 2420 1613 di-

269 1649 466 1684 versam
505 1631 570 1682 ab
608 1633 778 1681 altera
813 1629 934 1680 vim.
967 1657 1036 1667 —
1087 1632 1144 1686 P.
1184 1629 1289 1682 479
1325 1630 1364 1681 C
1399 1646 1442 1699 φ
1474 1631 1518 1680 H
1552 1647 1647 1696 pro
1683 1623 1790 1692 ὥς,
1829 1632 1967 1694 quod
2011 1631 2199 1681 nollem
2237 1630 2420 1681 Stallb.

270 1705 323 1752 in
361 1701 639 1752 novissima
680 1699 901 1750 editione
934 1708 1252 1761 revocasset,
1290 1707 1563 1765 postquam
1599 1702 1722 1751 scite
1760 1700 1878 1750 olim
1917 1716 2032 1750 cum
2065 1699 2239 1750 multis
2274 1700 2420 1750 libris

271 1772 486 1836 ipsoque
522 1769 644 1821 Ath.
685 1769 754 1825 X.
794 1768 861 1820 76
889 1769 1117 1818 dativum
1152 1771 1365 1835 recepit.
1408 1768 1752 1831 Schneidero,
1793 1771 1882 1833 qui
1918 1769 2179 1820 Platonem
2213 1785 2313 1820 non
2344 1770 2420 1818 in-
2497 1830 2504 1839 ι

272 1846 604 1889 strumentum
631 1845 844 1898 tantum,
884 1838 975 1888 sed
1009 1839 1162 1888 etlam
1196 1839 1546 1889 condicionem
1573 1839 1808 1904 jacientis
1845 1845 1894 1888 et
1928 1846 2166 1890 eventum
2197 1853 2298 1888 uno
2326 1838 2417 1888 illo

271 1901 347 1967 ὥς
392 1906 842 1993 comprelgendisse
887 1913 1087 1969 censet,
1135 1922 1318 1973 parum
1364 1907 1503 1958 favet
1539 1908 1808 1958 collocatio
1848 1908 2115 1972 vocabuli,
2161 1908 2298 1971 quod
2345 1910 2422 1958 sic

270 1987 388 2043 post
429 1968 500 2041 ἐφ
573 1990 640 2025 ου
683 1979 853 2043 potius
894 1978 1308 2043 subJungendum
1360 1977 1546 2032 fuerat.
1639 1979 1830 2028 Eadem
1881 1980 2098 2029 varietas
2148 1986 2255 2027 erat
2300 1993 2417 2043 sup.

269 2061 323 2112 p.
359 2046 457 2098 461
497 2046 556 2100 Β.

409 2184 556 2250 Reip.
611 2185 647 2238 1.
683 2184 768 2233 vl.
814 2199 867 2248 p.
911 2183 1018 2234 484
1060 2185 1107 2233 A
1153 2178 1534 2245 διεξελθόντες
1579 2185 1651 2242 Η,
1711 2178 2102 2247 διεξελθόντος
2148 2183 2320 2234 VBST
2371 2194 2420 2235 et

271 2252 608 2304 Schneiderus
647 2267 761 2303 cum
796 2250 940 2302 libris
972 2252 1258 2318 plerisque,
1297 2256 1480 2316 quibus
1512 2267 1612 2301 non
1644 2253 1689 2302 is
1727 2268 1841 2304 sum
1876 2255 1964 2316 qui
1998 2252 2154 2304 Vind.
2185 2254 2241 2315 F,
2276 2256 2415 2320 Ang.

269 2322 337 2384 B,
371 2323 503 2373 Flor.
540 2320 586 2371 R
622 2324 969 2372 auctoritatem
1002 2337 1284 2387 opponam3
1323 2323 1458 2387 quod
1493 2330 1660 2371 tamen
1697 2324 1777 2372 vel
1824 2324 2142 2388 conjecturae
2178 2321 2420 2373 indulsis-

271 2406 398 2452 sem,
431 2406 531 2443 non
562 2391 818 2455 pessimae
845 2397 994 2439 notae
1020 2391 1167 2441 libris
1194 2406 1384 2457 negare
1408 2392 1569 2445 nolui.
1608 2390 1734 2441 Nam
1765 2388 2078 2453 διεξελθεῖν
2108 2405 2208 2442 non
2235 2385 2415 2456 λόγος,

270 2462 362 2511 sed
397 2452 566 2524 λόγον
601 2460 832 2510 homines
865 2459 1127 2519 dicuntur3
1165 2475 1300 2510 nunc
1337 2470 1503 2511 autem
1533 2459 1683 2510 facile
1710 2461 1821 2512 fieri
1850 2467 2076 2526 poterat,
2109 2468 2164 2509 ut
2191 2462 2418 2526 genitivo

270 2530 547 2596 genitivum
589 2528 823 2578 trahente
857 2528 1094 2579 librarius
1133 2528 1438 2595 elegantiam
1484 2531 1727 2594 imaginis
1760 2529 2068 2597 negligeret,
2118 2544 2217 2592 qua
2256 2546 2311 2580 se
2353 2546 2420 2581 ex

269 2614 559 2649 sermonum
597 2598 896 2662 ambagibus
926 2600 1074 2660 quasi
1111 2600 1380 2649 emersisse
1416 2596 1651 2649 Socrates
1683 2601 1897 2664 gaudet;
1936 2600 2005 2650 cf.
2040 2597 2201 2663 Legg.
2237 2600 2322 2654 ΙΙΙ.
2355 2600 2417 2649 5:

270 2665 374 2717 νῦν
411 2653 516 2718 οὖν
551 2658 784 2715 τοσόνδε
832 2664 1268 2730 πλεονεκτοῦμεν
1301 2666 1370 2733 τῇ
1416 2660 1599 2733 πλάνῃ
1634 2666 1734 2716 τοῦ
1774 2662 1940 2733 λόγου
1985 2659 2082 2717 διὰ
2124 2664 2421 2717 πολιτειῶν

267 2735 438 2786 τινῶν
472 2731 570 2786 καὶ
605 2731 978 2798 κατοικισμῶν
1014 2729 1412 2798 διεξελθόντες.
1442 2763 1513 2775 ·-
1548 2739 1603 2787 P.
1628 2736 1732 2787 488
1758 2739 1805 2787 Α
1832 2729 1896 2789 τὸ
1927 2744 2043 2788 ante
2078 2727 2271 2794 πάθος
2307 2752 2422 2788 curn

268 2809 384 2857 Par.
425 2806 631 2863 sustuli;
682 2805 820 2869 quod
864 2804 960 2854 etsi
1006 2814 1213 2872 propter
1258 2808 1540 2872 genitivum
1586 2806 1840 2871 adjectum
1880 2809 1933 2856 in
1981 2806 2137 2856 latino
2184 2821 2420 2856 sermone

269 2876 447 2926 durius
481 2891 575 2940 pro
611 2874 905 2939 praedicato
941 2873 1211 2925 haberetur
1232 2912 1246 2935 ,
1280 2890 1495 2941 graecus
1527 2877 1580 2924 in
1616 2883 1753 2925 tanta
1781 2875 2097 2927 attractionis
2130 2874 2333 2925 licentia
2364 2874 2420 2925 id

268 2960 370 2994 non
402 2943 716 3009 prohibebit3
752 2958 848 2992 nec
875 2943 1041 3008 magis
1075 2959 1128 3008 p.
1157 2943 1262 2996 490
1291 2943 1335 2993 D
1361 2943 1642 3010 particulae
1665 2941 1779 3009 ηδη
1808 2954 1923 2996 ante
1958 2939 2225 3009 διαβολῆς
2262 2942 2420 3008 vulgo

270 3014 493 3064 insertae
523 3011 666 3078 parci
702 3011 837 3061 idem
875 3012 1040 3062 codex
1069 3027 1254 3078 passus
1285 3022 1388 3077 estg
1422 3027 1711 3077 quanquam
1744 3030 1797 3080 p.
1828 3013 1930 3067 489
1952 3014 1993 3064 Β
2020 3028 2083 3064 ne
2117 3013 2277 3063 invito
2307 3014 2420 3075 qui-

270 3084 385 3134 dem
415 3081 504 3133 illo
541 3074 681 3145 λέγει
716 3094 810 3144 pro
845 3075 1017 3144 λέγεις
1050 3097 1163 3131 cum
1199 3081 1276 3132 BS
1311 3084 1539 3148 recipere
1575 3083 1833 3145 dubitavi,
1868 3083 1987 3147 quia
2020 3097 2270 3149 personae
2305 3097 2420 3131 mu-

267 3153 419 3212 tatio,
470 3166 570 3214 quo
615 3148 954 3200 Schneiderus
991 3150 1250 3216 confugit,
1290 3167 1321 3202 a
1356 3159 1461 3203 toto
1498 3152 1596 3202 loci
1635 3152 1804 3203 colore
1841 3153 2007 3203 aliena
2040 3165 2154 3202 esse
2189 3151 2415 3208 videtur;

266 3236 480 3283 meaque
519 3220 682 3285 ipsius
731 3218 1018 3284 conjectura
1054 3236 1107 3286 p.
1144 3219 1249 3271 492
1285 3220 1329 3270 Β
1369 3213 1429 3269 οἱ
1470 3222 1601 3271 inter
1641 3210 1850 3286 α’θρόοι
1895 3229 1944 3272 et
1991 3212 2187 3269 πολλοὶ
2232 3219 2419 3283 adjeci,

268 3290 389 3352 quia
420 3289 579 3339 solius
610 3288 808 3338 numeri
852 3289 903 3337 in
950 3290 1318 3354 corrumpendo
1349 3290 1671 3340 adolescente
1698 3293 1863 3341 minor
1887 3291 1967 3339 vis
2001 3300 2104 3348 est;
2145 3286 2213 3340 cs.
2239 3303 2292 3352 Ρ.
2315 3285 2419 3338 493

268 3358 341 3408 D:
379 3349 410 3407 ὁ
448 3349 556 3421 τὴν
585 3353 697 3406 τῶν
729 3354 949 3406 πολλῶν
981 3353 1077 3408 καὶ
1108 3356 1493 3408 παντοδαπῶν
1531 3351 1840 3410 συνιόντων
1873 3349 2048 3425 ὀργὴν
2080 3369 2417 3420 κατανενοη-

266 3420 426 3477 κέναι
463 3424 673 3491 σοφίαν
708 3417 1036 3491 ἡγούμενος.
1075 3456 1144 3465 -
1179 3428 1233 3481 P.
1263 3427 1361 3478 491
1400 3427 1443 3477 D
1478 3419 1540 3478 τὸ
1572 3420 1648 3494 μὴ
1687 3432 1752 3487 Ρ,
1790 3421 1891 3479 τὸν
1926 3422 2001 3494 μὴ
2038 3425 2222 3487 VEST,
2260 3426 2418 3489 quod,
