2602 3928
312 203 441 269 432
1051 207 1627 268 ΠΛΑΤΩΝΟΣ
2236 219 2346 272 114

315 371 516 451 δεῦρο
552 366 959 453 ἐπάρχοντες.
1002 364 1360 448 ’Ἄτλαντος
1398 365 1481 454 δὴ
1524 367 1699 437 πολὺ
1731 369 1856 455 μὲν
1891 371 2055 440 ἄλλο
2091 375 2201 440 καὶ
2242 378 2346 439 τί·

235 483 280 535 D
316 491 472 554 μιον
501 472 797 552 γίγνεται
823 467 1037 550 γένος,
1070 466 1386 553 βασιλεὺς
1429 466 1523 535 δὲ·
1547 464 1584 536 ὁ
1623 468 2082 556 ’πρεσβύτατος
2116 468 2219 538 ἀεὶ
2249 477 2346 560 τῷ

317 564 752 655 πρεσβυτάτῳ
770 571 907 632 τῶν
928 562 1227 651 ἐκγόνων
1247 564 1661 652 παραδιδοὺς
1693 566 1800 634 ἐπὶ
1831 565 2065 652 γενεὰς
2095 566 2348 648 πολλὰς

316 664 441 750 τὴν
470 670 813 750 βασιλείαν
837 665 1167 750 διέσωζον,
1203 671 1499 732 πλοῦτον
1529 663 1654 750 μὲν
1684 670 2072 753 κεκτημένοι
2098 665 2349 754 πλήθει

317 769 666 848 τοσοῦτον,
690 760 846 844 ὅσος
867 760 1023 829 οὔτε
1050 785 1154 829 πω
1185 760 1492 849 πρόσθεν
1525 766 1599 831 ἐν
1623 767 2040 844 δυναστείαις
2064 765 2198 833 τισὶ
2218 772 2349 852 βα·-

321 863 560 930 σιλέων
577 862 861 948 γέγονεν
880 858 1038 930 οὔτε
1060 859 1286 930 ποτὲ”’
1237 881 1525 950 υστερον
1545 866 1866 948 γενέσθαι
1884 864 2137 953 ῥᾴδιος,
2162 889 2349 933 κατε-

317 960 737 1046 σκευασμένα
766 960 840 1029 δὲ
877 959 1097 1028 πάντα
1133 952 1223 1046 ἦν
1252 958 1501 1046 αὐτοῖς,
1548 960 1676 1029 ὅσα
1713 963 1789 1029 ἐν
1828 961 2019 1030 πόλει
2061 965 2175 1030 καὶ
2216 959 2349 1030 ὅσα

317 1058 482 1128 κατὰ
506 1059 634 1147 τὴν
655 1059 865 1146 ἄλλην
886 1058 1111 1147 χώραν
1131 1053 1221 1147 ἦν
1234 1066 1438 1146 ἔργον
1453 1061 2102 1130 κατασκευάσασθαι.
2127 1059 2348 1130 πολλα

316 1158 441 1244 μὲν
459 1157 587 1245 γὰρ
613 1155 721 1226 διὰ
755 1154 880 1244 τὴν
912 1155 1123 1245 ἀρχὴν
1156 1156 1382 1238 αὐτοῖς
1414 1159 1739 1247 προσῄειν
1767 1163 2041 1245 ἔξωθεν,
2076 1169 2352 1229 πλεῖστα

248 1271 290 1320 Ε
330 1259 404 1324 δὲ
423 1254 469 1344 ἡ
490 1265 694 1344 νῆσος
716 1255 882 1344 αὐτὴ
921 1264 1263 1345 παρείχετο
1297 1266 1391 1339 εἰς
1421 1258 1540 1339 τὰς
1570 1267 1695 1328 τοῦ
1728 1266 1884 1348 βίου
1912 1261 2350 1347 κατασκευάς,

321 1363 589 1441 πρῶτον
623 1355 745 1441 μὲν
779 1354 907 1424 ὅσα
937 1353 1072 1424 ὑπὸ
1105 1363 1489 1443 μεταλλείας
1522 1356 1936 1444 ὀρυττόμενα
1968 1357 2205 1445 στερεὰ
2238 1361 2353 1428 καὶ

321 1454 447 1525 ὅσα
467 1452 671 1540 τηκτὰ
697 1456 952 1541 γέγονε,
974 1459 1086 1523 καὶ
1119 1453 1195 1525 τὸ
1231 1464 1367 1524 νῦν
1406 1456 1900 1543 ὀνομαζόμενον
1930 1456 2162 1544 μόνον,
2199 1458 2355 1525 τότε

322 1555 395 1621 δὲ
425 1554 630 1621 πλέον
668 1549 996 1641 ὀνόματος
1019 1546 1107 1640 ἦν
1127 1552 1201 1622 τὸ
1226 1559 1421 1640 γένος
1452 1559 1525 1623 ἐκ
1546 1562 1669 1643 γῆς
1689 1553 2141 1643 ὀρυττόμενον
2159 1555 2348 1643 ὀρει-

320 1652 576 1738 χάλκου
611 1651 780 1720 κατὰ
821 1651 1070 1733 τόπους
1108 1652 1403 1733 πολλοὺς
1442 1662 1559 1740 τῆς
1602 1653 1834 1741 νήσου,
1880 1655 2058 1742 πλὴν
2091 1662 2356 1743 χρυσοῦ

319 1747 714 1836 τιμιώτατον
732 1754 810 1820 ἐν
830 1765 966 1830 τοῖς
985 1751 1136 1820 τότε
1163 1750 1277 1820 ὅν·
1324 1753 1435 1820 καὶ
1469 1750 1597 1820 οσα
1633 1751 1762 1840 ὕλη
1796 1749 1964 1841 πρὸς
2002 1779 2085 1821 τα
2117 1752 2354 1821 τεκτό-

321 1875 465 1916 νων
488 1848 948 1936 διαπονήματα
969 1855 1340 1938 παρέχεται,
1362 1851 1580 1918 πάντα
1602 1853 1904 1973 φέρουσα
1940 1850 2242 1939 αφθονα,
2265 1851 2353 1919 τά

318 1973 391 2016 τε
413 1974 502 2015 αυ
476 1939 674 2035 ’περὶ
694 1976 776 2017 τα
799 1953 930 2031 ζώα
952 1947 1263 2029 ἱκανώς““’
1215 1976 1433 2036 ημερα
1455 1950 1627 2018 καῖ’
1598 1950 1801 2038 άγρια
1835 1954 2193 2039 τρέφουσα.
2238 1952 2357 2018 καὶ

320 2043 404 2132 δὴ
438 2050 548 2115 καὶ
575 2047 957 2132 ἐλεφάντων
987 2040 1075 2134 ἦν
1102 2052 1177 2116 ἐν
1210 2048 1383 2136 αὐτῇ
1417 2052 1611 2135 γένος
1636 2056 1976 2118 πλεῖστον·
2012 2046 2182 2136 νομὴ
2217 2047 2355 2135 γὰρ

320 2158 456 2223 τοῖς
474 2170 546 2212 τε
568 2144 794 2224 ἄλλοις
811 2145 1024 2234 ζώοις,
1065 2145 1193 2215 ὅσα
1227 2145 1390 2217 καθ’
1429 2150 1545 2235 ἕλη
1578 2149 1689 2216 καὶ
1725 2154 1961 2234 λίμνας
1995 2150 2108 2216 καὶ
2141 2171 2358 2214 ποτα-

187 2269 287 2324 115
325 2242 517 2329 μούς,
543 2240 669 2310 ὅσα
690 2241 751 2311 τ’
779 2237 871 2312 αὖ
890 2243 1036 2313 κατ’
1066 2243 1192 2333 ὅρη
1215 2248 1327 2315 καὶ
1344 2244 1472 2315 ὅσα
1492 2247 1570 2314 ἐν
1600 2260 1739 2325 τοῖς
1772 2250 2021 2324 πεδίοις
2058 2249 2352 2332 νέμεται,

321 2339 614 2427 ξύμπασι
633 2350 858 2429 παρῆν
880 2341 1073 2431 ἅδην,
1097 2346 1207 2413 καὶ
1227 2345 1446 2435 τούτῳ
1467 2345 1637 2412 κατά
1659 2341 1867 2413 ταύτὰ
1901 2351 1996 2433 τῷ
2028 2341 2194 2434 ζώφ,
2229 2370 2357 2430 με-

320 2443 522 2529 γίστφ
544 2441 872 2527 πεφυκότι
897 2445 1009 2511 καὶ
1027 2444 1580 2534 πολυβορωτάτω.
1622 2440 1791 2527 πρὸς
1807 2440 1890 2530 δὴ
1912 2442 2194 2528 τούτοις,
2219 2441 2356 2512 ὅσα

324 2535 545 2623 ευώδη
573 2538 806 2626 τρέφει
837 2563 973 2608 που
1006 2548 1095 2628 γῆ
1126 2543 1208 2609 τὰ
1243 2552 1399 2627 νῦν,
1431 2546 1630 2629 ῥιζῶν
1661 2537 1706 2629 ἢ
1744 2541 1943 2629 χλόης
1975 2536 2020 2627 ἢ
2054 2534 2357 2622 ξύλων“
2306 2569 2354 2629 η

323 2643 554 2723 χυλων
581 2643 888 2705 στακτών
924 2648 1052 2707 εἴτε
1085 2637 1327 2710 άνθών
1364 2637 1410 2728 ἦ
1453 2648 1751 2729 καρπῶν,
1796 2642 1998 2726 ἔφερέ
2027 2664 2100 2707 τε
2140 2648 2357 2707 ταῦτα

321 2737 436 2805 καὶ
453 2741 732 2823 ἔτρεφεν
753 2762 865 2804 ευ·
911 2743 1008 2806 ἔτι
1041 2742 1113 2807 δὲ
1136 2740 1254 2807 τὸν
1272 2738 1528 2826 ἥμερον
1550 2740 1834 2828 καρπόν,
1858 2740 1982 2809 τόν
2016 2766 2087 2809 τε
2121 2722 2358 2827 ξηρόν,

325 2829 401 2912 ὃς
419 2831 581 2921 ἡμῖν
591 2843 845 2923 τροφῆς
861 2836 1059 2905 ἕνεκά
1081 2841 1236 2925 ἐστι,
1253 2838 1414 2907 καὶ
1387 2837 1572 2919 όσοις
1590 2838 1785 2927 χάριν
1798 2847 1924 2907 τοῦ
1944 2844 2134 2907 σίτου
2146 2861 2357 2924 προς-

250 2952 290 3002 B
324 2931 643 3018 χρώμεθα
689 2975 766 2987 --
811 2943 1146 3023 καλοῦμεν
1168 2937 1241 3005 δὲ
1275 2934 1488 3006 αὐτοῦ
1518 2964 1599 3005 τα
1634 2941 1799 3025 μέρη
1837 2928 2086 3021 όσπρια
2126 2965 2204 2988 -·
2240 2937 2356 3004 καὶ

323 3028 443 3096 τὸν
487 3027 644 3111 ὅσος
686 3033 969 3117 ξύλινος,
1013 3032 1274 3120 πόματα
1318 3037 1430 3104 καὶ
1467 3035 1787 3123 βρώματα
1829 3039 1942 3104 καὶ
1988 3032 2357 3121 ἀλείμματα

330 3126 577 3214 φέρων,
601 3132 867 3209 παιδιᾶς
888 3155 959 3197 τε
976 3128 1052 3209 ὃς
1074 3132 1270 3200 ἕνεκα
1301 3128 1551 3219 ἡδονῆς
1582 3159 1654 3201 τε
1685 3137 1923 3220 γέγονε
1955 3130 2357 3218 δυσθησαύ-

328 3244 552 3307 vermos·
586 3223 988 3312 ἀκροδρύων
1021 3229 1296 3316 καρπός,
1342 3227 1472 3300 ὅσα
1516 3257 1587 3298 τε
1613 3231 2012 3318 παραμύθια
2052 3241 2357 3316 πλησμο-

328 3327 449 3405 νῆς
469 3321 875 3405 μεταδόρπια
896 3352 1201 3416 αγαπητα
1223 3330 1549 3418 κάμνοντι
1558 3328 1914 3418 τίθεμεν,“
1869 3354 2130 3398 απαντα
2141 3334 2356 3397 ταῦτα

328 3411 369 3499 ἡ
392 3415 539 3481 τότε
562 3420 718 3484 ποτὲ
741 3413 911 3490 οὖσα
932 3422 1057 3510 ὑφ’
1086 3426 1252 3516 ἡλιω
1287 3438 1491 3517 νῆσος
1527 3428 1672 3513 ίερά
1706 3428 1879 3497 καλά
1915 3453 1986 3497 τε
2023 3428 2135 3496 καὶ
2170 3436 2353 3494 θαυ-
