2602 3928
925 231 1127 288 ΠΟΛ
1151 230 1502 290 ῙΤΕΙΑΣ
1535 221 1608 288 α’.
2177 227 2260 296 15

252 397 389 458 λων
421 388 761 473 περιιόντα
796 388 1171 474 μανθάνειν
1202 390 1315 456 καὶ
1351 389 1608 455 τούτων
1627 391 1790 475 μηδὲ
1809 391 2004 478 χάριν
2026 389 2263 458 ἀποδι-

254 487 466 553 δόναι.
537 485 680 554 Ὅτι
698 489 840 571 μέν,
864 479 956 572 ἦν
979 483 1065 561 δ’.
1079 486 1239 570 ἐγώ,
1282 485 1614 571 μανθάνω
1646 485 1824 570 παρὰ
1857 485 2261 573 τῶνᾶλλων,

252 581 475 669 άληθῆ
498 583 705 668 εἶπες,
753 611 803 650 ω
832 585 1256 670 Θρασύμαχε·
1293 582 1397 652 ὅτι
1419 583 1492 651 δὲ
1517 609 1603 651 ου
1623 608 1703 668 με
1726 583 1856 671 φῂς
1876 584 2070 671 χάριν
2091 587 2265 652 ἐκτί-

256 707 429 765 νειν,
460 683 704 758 ψεύδει.
732 684 964 749 ἐκτίνω
986 682 1115 767 γάρ
1137 681 1306 768 ὅσην
1327 681 1647 766 δύναμαι·
1670 682 1959 778 δύναμαι
1981 683 2053 751 δὲ
2075 685 2265 750 ἐπαι-

253 794 398 846 νεῖν
438 780 683 863 μόνον·
737 779 1033 864 χρήματα
1080 805 1208 863 γαρ
1253 776 1379 846 οὐκ
1429 782 1584 862 ἔχω·
1644 804 1733 857 ως
1776 777 1849 845 δὲ
1896 766 2264 863 προθύμως

253 883 453 944 τοῦτο
479 881 647 957 δρω
674 875 790 942 ἐάν
813 882 911 953 τίς
932 902 1044 960 μοι
1066 881 1232 963 δοκῇ
1253 868 1332 943 εὖ
1352 879 1599 959 λέγειν,
1636 869 1714 942 εὖ
1740 885 1898 943 εἴσει
1920 873 2176 943 αὐτίκα
2171 872 2268 960 δὴ

255 976 464 1059 μάλα,
504 971 774 1039 ἐπειδὰν
805 969 1162 1058 ἀποκρίνῃ·
1210 971 1388 1058 οἶμαι
1408 972 1537 1056 γάρ
1562 994 1635 1038 σε
1659 998 1736 1039 ευ
1712 965 1950 1057 ’ἐρεῖν
2021 970 2264 1038 ’Ἀκουε
2300 981 2339 1034 0

256 1073 339 1157 δή
356 1123 374 1155 ,
409 1065 453 1156 ἦ
492 1070 556 1137 δ’
593 1069 684 1148 ὅς.
731 1073 899 1155 φημὶ
931 1071 1059 1154 γὰρ
1085 1067 1209 1154 ἐγώ
1234 1068 1402 1136 εἶναι
1423 1068 1497 1136 τὰ
1524 1075 1783 1137 δίκαιον
1804 1068 1928 1138 οὐκ
1955 1068 2115 1137 ἄλλο
2137 1096 2200 1136 τι
2220 1065 2265 1154 ἢ

258 1168 332 1236 τὰ
371 1175 494 1236 τοῦ
528 1179 900 1248 κρείττονος
922 1170 1279 1253 ξυμφέρον.
1329 1166 1495 1235 ἀλλὰ
1517 1174 1583 1234 τί
1599 1165 1726 1235 οὐκ
1749 1172 2067 1250 ἐπαινεῖς;
2109 1162 2264 1234 ἀλλ’

258 1263 384 1332 οὐκ
422 1265 775 1350 ἐθελήσεις.
855 1262 1009 1331 Ἐὰν
1043 1265 1242 1350 μάθω
1263 1289 1340 1348 γε
1361 1272 1657 1352 πρῶτον,
1695 1271 1896 1352 ἔφην,
1937 1270 2006 1332 τί
2024 1267 2263 1349 λέγεις·

257 1372 389 1431 νῦν
411 1362 539 1448 γὰρ
561 1362 751 1429 οὔπω
774 1360 939 1429 οἶδα.
982 1361 1056 1429 τό
1089 1372 1214 1429 τοῦ
1241 1369 1615 1447 κρείττονος
1650 1363 1781 1452 φῂς
1801 1369 2140 1451 ξυμφέρον
2163 1368 2266 1432 δί-

259 1488 453 1530 καιον
477 1459 659 1527 εἶναι.
685 1462 793 1528 καὶ
812 1467 1047 1543 τοῦτο,
1088 1453 1146 1527 ὦ
1166 1461 1565 1546 Θρασύμαχε
1580 1512 1596 1542 ,
1631 1468 1697 1528 τί
1714 1487 1871 1529 ποτε
1892 1465 2133 1547 λέγεις;
2183 1459 2266 1529 οὐ

263 1560 388 1640 κάρ
411 1583 547 1624 που
577 1557 655 1624 τό
686 1583 761 1642 γε
796 1557 1056 1625 τοιόνδε
1079 1558 1211 1646 φῄς
1227 1585 1241 1597 ·
1293 1564 1356 1626 εἰ
1370 1560 1819 1644 Πουλυδάμας
1836 1558 2029 1646 ἡμῶν
2049 1566 2267 1642 κρείτ-

265 1683 398 1724 των
432 1652 469 1722 ὁ
505 1655 1030 1741 παγκρατιαστὴς
1061 1659 1170 1723 καὶ
1206 1654 1389 1745 αὐτῷ
1424 1660 1739 1741 ξυμφέρει
1768 1654 1848 1723 τὰ
1882 1658 2071 1743 βόεια
2105 1659 2267 1741 κρέα

262 1749 430 1835 πρὸς
453 1752 526 1819 τὸ
552 1760 773 1837 σῶμα,
797 1760 993 1819 τοῦτο
1014 1750 1089 1819 τὸ
1115 1761 1325 1819 σιτίον
1346 1751 1512 1819 εἶναι
1536 1754 1644 1820 καὶ
1663 1750 1823 1838 ἡμῖν
1841 1768 1977 1832 τοῖς
1994 1753 2264 1839 ἥττοσιν
2297 1770 2341 1820 D

263 1853 523 1918 ἐκείνου
567 1852 906 1934 ξυμφέρον
947 1876 1086 1935 αμα
1126 1851 1235 1917 καὶ
1282 1855 1559 1917 δίκαιον.
1643 1849 1978 1934 Βδελυρός
2013 1875 2143 1935 γαρ
2186 1848 2263 1934 εἶ,

261 1955 411 2036 ἔφη,
437 1978 488 2016 ω
468 1941 881 2033 ἲΣωκρατες,
908 1950 1016 2017 καὶ
1037 1948 1244 2037 ταύτῃ
1267 1945 1777 2035 ὑπολαμβάνεις,
1798 1941 1847 2064 ᾗ
1865 1977 1953 2017 αν
1974 1974 2269 2067 κακουρ-

263 2047 497 2134 γήσαις
517 2049 798 2133 μάλιστα
817 2046 939 2114 τὸν
970 2047 1193 2133 λόγον.
1286 2045 1649 2132 Οὐδαμως,
1701 2074 1754 2115 ω
1788 2045 2046 2132 ἄριστε,
2088 2039 2176 2131 ἦν
2197 2044 2259 2113 δ’

266 2146 425 2229 ἐγώ
470 2142 636 2211 άλλα
672 2147 1082 2229 σαφέστερον
1113 2146 1280 2224 εἰπέ,
1318 2151 1384 2209 τί
1412 2147 1638 2228 λέγεις.
1727 2140 1870 2212 Ειτ’
1909 2141 2035 2210 οὐκ
2057 2139 2264 2229 οἶσθ’,

266 2248 414 2327 ἔφη,
439 2240 538 2308 ὅτι
555 2268 693 2308 των
711 2242 968 2308 πόλεων
990 2244 1065 2307 αἰ
1078 2241 1201 2326 μὲν
1223 2249 1732 2325 τυραννοῦνται,
1759 2245 1830 2308 αἱ
1844 2241 1914 2308 δε
1936 2245 2271 2326 δημοκρα-

266 2350 568 2420 τοῦνται,
613 2345 687 2407 αἱ
710 2338 839 2406 δὲ’
803 2348 1468 2423 αριστοκρατοῦνταις
1512 2346 1669 2418 Πως
1690 2339 1819 2423 γὰρ
1840 2338 1954 2420 οὕς
1997 2336 2270 2406 Οὐκοῦν

267 2449 463 2507 τοῦτο
487 2454 716 2522 κρατεῖ
730 2443 803 2505 ἐν
823 2440 1064 2525 εκάστῃ
1085 2438 1292 2523 πόλει,
1317 2435 1391 2504 τὸ
1416 2436 1653 2522 ὄρχους
1691 2436 1892 2504 Πάνυ
1912 2462 2006 2521 γε.
2068 2442 2271 2502 Τίθε-

265 2565 371 2605 ται
393 2541 469 2604 δέ
488 2564 560 2622 γε
583 2538 741 2614 τοὺς
760 2537 1009 2621 νόμους
1029 2534 1326 2620 ἑκάστη
1290 2562 1331 2621 η
1355 2532 1520 2620 άρχὴ
1539 2532 1705 2616 πρὸς
1723 2534 1796 2602 τὸ
1817 2533 1984 2622 αὐτῇ
2016 2533 2348 2618 ξυμφέ-Ε

270 2661 414 2717 ρον
441 2640 841 2720 δημοκρατία
865 2635 988 2717 μεν
1010 2634 1563 2719 δημοκρατικούς,
1589 2633 1901 2715 τυραννὶς
1928 2630 1998 2698 δὲ
2020 2656 2270 2712 τυραν-

269 2736 531 2814 νικούς,
577 2734 685 2800 καὶ
719 2736 792 2799 αἱ
820 2731 1013 2800 ἄλλαι
1046 2731 1247 2798 οὕτω·
1293 2735 1571 2815 θέμεναι
1608 2732 1679 2797 δε
1702 2727 2053 2814 ἀπέφηναν
2070 2736 2268 2797 τοῦτο

271 2836 529 2897 δίκαιον
550 2844 685 2907 τοῖς
706 2825 1091 2914 ἀρχομένοις
1117 2827 1306 2911 εἶναι,
1330 2826 1403 2895 τό
1428 2834 1617 2913 σφίσι
1638 2829 1996 2912 ξυμφέρον,
2023 2825 2270 2893 καὶτὸν

270 2927 513 2993 τούτου
547 2930 938 3011 ἐκβαίνοντα
971 2927 1365 3006 κολάζουσιν
1397 2922 1485 3003 ὡς
1518 2924 2034 3009 παρανομοῦντά
2066 2949 2137 2989 τε
2161 2924 2271 2990 καὶ

273 3022 654 3089 ἀδικοῦντα.
702 3021 883 3091 τοῦτ’
912 3017 1040 3091 οὖν
1061 3028 1270 3107 ἐστίν,
1310 3014 1366 3089 ὦ
1384 3026 1676 3109 βέλτιστε
1692 3074 1708 3104 ,
1752 3018 1792 3089 ὃ
1808 3027 1979 3107 λέγω
2003 3024 2077 3089 ἐν
2097 3018 2275 3087 άπά-

271 3143 415 3199 σαις
446 3137 584 3199 ταῖς
619 3120 848 3189 πόλεσι
883 3118 1129 3189 ταύτὸν
1153 3121 1320 3189 εἶναι
1355 3126 1641 3205 δίκαιον,
1683 3119 1758 3188 τό
1797 3128 1911 3207 τῆς
1946 3128 2273 3205 καθεστη-
2304 3135 2408 3187 339

273 3229 463 3297 κυιάς
485 3219 685 3307 ἀρχῆς
709 3225 1077 3306 ξυμφέρον·
1100 3218 1267 3305 αὕτη
1291 3224 1368 3287 δέ
1383 3246 1516 3287 που
1538 3235 1783 3306 κρατεῖ,
1808 3218 1974 3287 ὅστε
1997 3224 2278 3304 ξυμβαί-

276 3344 374 3385 νει
397 3328 489 3406 τῷ
517 3318 737 3401 ὀρθῶς
761 3323 1152 3406 λογιζομένῳ
1178 3326 1516 3402 πανταχοῦ
1535 3318 1702 3385 εἶναι
1723 3344 1783 3386 τ(
1815 3314 1976 3384 αὐτὸ
1994 3320 2273 3400 δικαιον,

262 3417 343 3481 τὸ
373 3426 493 3482 τοῦ
519 3423 888 3497 κρείττονος
910 3418 1269 3501 ξυμφέρον.
1358 3423 1549 3499 Νῦν,
1572 3407 1660 3502 ἦν
1689 3414 1750 3483 δ’
1778 3415 1931 3501 ἐγώ,
1956 3410 2262 3500 ἔμαθον
2236 3441 2275 3481 ο
