2602 3928
353 226 479 291 150
1087 231 1659 291 ΠΛΑΤΩΝΟΣ

348 387 677 477 ἡμετέραν
710 391 930 475 πόλιν,
957 391 1069 458 καὶ
1101 387 1179 456 τὰ
1214 395 1337 457 τοῦ
1362 387 1570 474 λόγου
1594 387 2061 475 ὁμολογήματα
2089 402 2364 457 σκοπεῖν

350 492 424 556 ἐν
451 484 643 575 αὐτῇ,
666 495 725 556 εί
752 486 918 573 αὐτή
953 487 1212 573 μάλιστ’
1254 491 1386 572 ἔχει
1431 495 1558 554 εἴτε
1605 486 1715 553 καὶ
1755 484 1921 571 ἄλλη
1960 513 2055 567 τις
2083 493 2361 573 μᾶλλον,

214 587 319 644 463
359 583 635 653 Οὐκοῦν
652 585 801 671 χρή,
832 590 979 670 ἔφη.
1035 590 1118 652 Τί
1135 577 1289 661 οὔτις
1338 588 1476 651 ἔστι
1495 586 1618 668 μέν
1652 607 1786 650 που
1817 585 1926 650 καὶ
1958 586 2035 651 ἐν
2067 598 2207 662 ταῖς
2241 583 2366 652 ἅλ-

356 693 499 762 λαις
521 681 847 755 πόλεσιν’
817 683 1130 768 α’ρχοντές
1147 706 1219 748 τε
1242 683 1354 747 καὶ
1377 685 1600 766 δῆμος,
1636 685 1772 748 ἔστι
1809 682 1880 750 δὲ
1907 684 2019 750 καὶ
2052 685 2126 750 ἐν
2158 682 2362 771 αὐτῇ·
2344 732 2362 762 ,

334 780 579 847 ”.Εστιν
617 785 904 856 Πολίτας
947 777 1071 864 μὲν
1113 776 1193 863 δὴ
1231 778 1475 857 πάντες
1517 768 1704 845 οὗτοι
1747 777 2076 864 ἀλλήλους
2117 803 2365 862 προσε-

351 886 624 961 ροῦσιν;
653 884 811 955 Πῶς
834 874 897 943 δ’
927 874 1043 954 ου’;
1082 873 1273 943 Ἀλλοὶ
1310 873 1477 960 πρὸς
1503 882 1595 965 τῷ
1632 880 1901 954 πολίτας
1939 882 2009 944 τί
2046 874 2082 944 ὁ
2125 881 2198 945 ἐν
2224 893 2365 957 ταῖς

351 973 582 1052 ἄλλαις
604 978 808 1060 δῆμος
829 970 986 1049 τούς
1014 971 1338 1057 ἄρχοντας
1371 971 1883 1059 προσαγορεύει;
1919 971 2028 1042 Ἐν
2060 974 2183 1060 μὲν
2220 988 2362 1053 ταῖς

346 1083 621 1152 πολλαῖς
643 1071 985 1155 δεσπότας,
1000 1074 1075 1138 ἐν
1097 1071 1169 1138 δὲ
1191 1086 1331 1150 ταῖς
1352 1074 2001 1159 δημοκρατουμέναις
2022 1072 2184 1141 αὐτὸ
2200 1073 2365 1141 τοῦ-

348 1199 523 1259 νομα
571 1179 791 1255 τοῦτο,
834 1169 1178 1255 ἄρχοντας.
1246 1175 1332 1236 Τί
1370 1165 1513 1237 δ’ὁ
1557 1174 1632 1237 ἐν
1673 1179 1756 1257 τῇ
1795 1168 2077 1259 ἡμετέρα
2121 1175 2360 1257 &awos-3

350 1270 516 1355 πρὸς
542 1278 636 1358 τῷ
657 1274 927 1348 πολίτας
947 1276 1016 1336 τί
1031 1264 1188 1347 τούς
1208 1267 1542 1354 ἄρχοντάς
1563 1288 1769 1354 φησιν
1794 1267 1995 1344 εἷναι;
2038 1271 2363 1355 Σωτῆρας
2436 1277 2439 1280 ’

274 1391 315 1440 Β
350 1393 422 1435 τε
443 1370 558 1435 καὶ
580 1366 996 1452 ἐπικούρους,
1020 1372 1168 1451 ἔφη.
1217 1373 1301 1432 Τί
1333 1363 1398 1433 δ’
1431 1357 1617 1434 οὗτοι
1639 1365 1761 1435 τὸν
1795 1372 2038 1452 δῆμον;
2080 1374 2360 1434 Μισθο-

349 1465 547 1543 δότας
573 1491 643 1532 τε
663 1466 772 1532 καὶ
799 1467 1237 1550 τροφέας.οί
1262 1461 1324 1530 δ’
1354 1466 1425 1531 ἐν
1448 1479 1587 1543 ταῖς
1612 1464 1891 1543 αλλαις’
1860 1466 2172 1551 ἄρχοντες
2198 1462 2360 1543 τούς

345 1561 629 1649 δήμους;
685 1565 1019 1649 Δούλους,
1067 1569 1212 1649 ἔφη.
1305 1569 1389 1630 Τί
1424 1561 1486 1631 δ’
1534 1567 1604 1630 οἷ
1640 1564 1955 1649 αρχοντες
1995 1562 2358 1649 ἄλλήλους;

344 1660 845 1747 Ξυνοέρχοντας,
894 1668 1042 1748 ἔφη.
1114 1668 1198 1728 Τί
1256 1659 1322 1727 δ’
1375 1664 1444 1728 οἰ
1490 1658 1825 1747 ἡμέτεροι;
1885 1660 2357 1746 Ξυμφύλακας.

326 1755 535 1844 Ἔχεις
556 1753 686 1827 οὖν
709 1766 916 1827 εἰπεῖν
937 1768 1074 1826 τῶν
1094 1756 1440 1842 ἀρχόντων
1471 1764 1609 1825 τῶν
1632 1761 1706 1826 ἐν
1738 1772 1878 1837 ταῖς
1900 1756 2128 1837 ἄλλαις
2159 1760 2351 1827 πόλει

350 1875 481 1942 σιν,
506 1867 574 1925 εἴ
585 1864 683 1936 τίς
700 1885 849 1925 τινα
871 1862 1000 1943 ἔχει
1024 1869 1409 1937 προσειπεῖν
1428 1863 1567 1924 τῶν
1589 1855 2053 1942 ξυναρχόντων
2083 1856 2204 1924 τὸν
2236 1857 2360 1941 μὲν

352 1951 441 2032 ὡς
466 1959 728 2039 οἰκεῖον,
752 1951 873 2022 τὸν
896 1950 961 2020 δ’
988 1949 1076 2031 ὥς
1097 1950 1485 2035 ἅλλότριονς
1528 1955 1662 2021 Καὶ
1699 1954 1985 2032 πολλούς
2017 1979 2113 2039 γε.
2173 1949 2358 2022 Οὐκ-

269 2064 308 2115 c
348 2058 475 2119 οὖν
498 2050 617 2119 τὸν
638 2054 759 2138 μὲν
783 2057 1028 2119 οἰκεῖον
1052 2047 1139 2130 ὡς
1160 2053 1406 2119 ἑαυτοῦ
1424 2058 1671 2138 νομίζει
1691 2079 1762 2120 τε
1793 2056 1901 2121 καὶ
1924 2057 2117 2139 λέγει,
2142 2053 2265 2120 τὸν
2285 2049 2351 2120 δ’

343 2147 694 2234 ἀλλότριον
718 2148 807 2229 ὡς
827 2149 949 2235 οὐχ
971 2152 1215 2218 ἑαυτοῦ
1227 2179 1244 2230 ;
1284 2147 1532 2228 Οὕτως.
1584 2156 1670 2217 Τί
1693 2150 1765 2218 δὲ
1788 2153 1856 2218 οἰ
1884 2147 2064 2234 παρὰ
2089 2153 2193 2218 σοὶ
2215 2151 2354 2240 φύ-

343 2257 570 2329 λακες;
616 2246 765 2316 ἔσθ’
803 2247 980 2327 ὅστις
1013 2245 1242 2316 αὐτῶν
1276 2253 1411 2333 ἔχοι
1445 2246 1536 2315 ἂν
1570 2257 1708 2316 τῶν
1740 2249 2197 2336 ξυμφυλοῖκων
2230 2276 2352 2317 νο·-

348 2352 534 2433 μίσαι
565 2345 714 2415 τινα
753 2343 799 2435 ἦ
832 2362 1214 2430 προσειπεῖν
1250 2345 1338 2426 ὡς
1371 2346 1753 2431 ἄλλότριονς
1794 2345 2140 2435 Οὐδαμῶς,
2189 2354 2317 2435 ἔφη
2339 2376 2355 2390 ·

346 2446 542 2512 παντὶ
564 2443 713 2530 γάρ,
741 2438 798 2532 ᾖ
818 2441 907 2512 ἄν
927 2443 1295 2532 ἐντυγχάνῃ
1308 2470 1425 2530 τις,
1449 2441 1492 2529 ἦ
1517 2442 1604 2523 ὥς
1625 2441 1897 2534 ἀδελφῷ
1916 2441 1960 2530 ἦ
1982 2441 2070 2523 ὥς
2091 2443 2357 2534 ἀδελφῇ

344 2538 388 2627 ἢ
411 2542 499 2622 ὥς
524 2545 719 2630 πατρὶ
735 2540 780 2629 ἦ
804 2541 894 2622 ὥς
914 2544 1109 2628 μητρὶ
1135 2538 1174 2628 ἦ
1195 2539 1690 2629 υίεῖἤθυγατρὶ
1712 2540 1758 2628 ἢ
1775 2543 2036 2610 τούτων
2055 2545 2355 2629 ἐκγόνοις

340 2637 386 2728 ἦ
431 2640 787 2728 προγόνοις
818 2656 1038 2727 νομιεῖ
1074 2643 1520 2728 ἐντυγχάνειν.
1580 2640 1938 2726 Κάλλιστα,
1974 2635 2062 2726 ἦν
2095 2638 2162 2708 δ’
2197 2643 2353 2728 ἐγώ,

340 2743 578 2857 λέγεις
606 2735 752 2807 ἀλλ’
785 2743 880 2804 ἔτι
903 2741 1011 2805 καὶ
1033 2738 1186 2806 τόδε
1209 2743 1380 2806 εἰπέ·
1400 2737 1687 2857 πότερον
1708 2737 1934 2816 αὐτοῖς
1953 2736 2033 2805 τὰ
2057 2735 2358 2824 ὀνόματα

264 2853 307 2906 D
343 2836 558 2922 μόνον
578 2842 786 2905 οἰκεῖα
807 2837 1299 2924 νομοθετήσεις,
1330 2865 1370 2921 η
1345 2832 1505 2904 ”noel
1525 2863 1642 2915 τας
1665 2837 1934 2920 πραξεις
1950 2836 2165 2914 πάσας
2185 2861 2356 2904 κατα

337 2930 418 3002 τὰ
454 2933 752 3020 ὀνόματα
784 2934 1118 3021 πράττειν,
1162 2942 1320 3019 περί
1349 2961 1420 3002 τε
1453 2961 1613 3014 τους
1648 2938 1954 3022 πατέρας,
1988 2932 2114 3002 οσα
2149 2935 2360 3020 νόμος

341 3035 490 3118 περὶ
512 3035 794 3117 πατέρας
823 3037 1053 3111 αἰδοῦς
1075 3059 1145 3100 τε
1165 3036 1316 3118 πέρι
1339 3037 1451 3103 καὶ
1468 3038 1861 3120 κηδεμονίας
1895 3035 2006 3100 καὶ
2026 3040 2150 3100 τοῦ
2171 3029 2354 3151 υπή-

339 3156 502 3197 κοον
524 3133 663 3198 δεῖν
683 3128 850 3198 εἶναι
875 3157 1012 3198 των
1034 3138 1310 3217 γονέων,
1334 3126 1377 3217 ἢ
1406 3132 1568 3217 μήτε
1592 3128 1761 3214 πρὸς
1780 3139 1967 3198 θεῶν
1997 3129 2158 3215 μήτε
2181 3126 2351 3212 πρὸς

341 3224 729 3313 ἆνθρωπων
751 3224 931 3295 αὐτω
967 3226 1242 3314 ἄμεινον
1264 3234 1557 3313 ἔσεσθαι,
1583 3227 1671 3308 ὡς
1706 3227 1861 3297 οὔτε
1894 3226 2049 3296 ὅσια
2071 3225 2225 3293 ου’τε
2249 3230 2355 3294 δι-

340 3351 494 3392 καια
517 3350 918 3411 πραττοντος
941 3326 1047 3413 ἄν,
1079 3332 1140 3393 εἰ
1159 3325 1328 3395 ἄλλα
1352 3328 1626 3411 πράττοι
1659 3325 1710 3418 ἢ
1725 3335 1965 3395 ταῦτα·
1946 3377 1967 3408 ‚
2005 3316 2210 3393 αυταί
2245 3344 2360 3392 σοι

337 3416 382 3508 ἢ
405 3422 598 3492 αλλαι
618 3434 831 3512 φῆμαι
852 3422 975 3505 ἐξ
941 3449 1261 3493 απαντων
1299 3434 1436 3493 τῶν
1465 3434 1755 3493 πολιτων
1788 3422 2207 3511 ὑμνήσουσιν
2236 3419 2354 3489 εὖ·-
