2602 3928
342 209 465 277 176
1051 212 1625 272 ΠΛΑΤΩΝΟΣ
1737 165 1749 175 ο

339 388 481 454 ταῖς
506 373 738 443 πόλεσι
762 373 928 457 πρὸς
950 372 1105 451 τους
1126 370 1494 459 ἀληθινούς
1517 373 1934 458 φιλοσόφους
1965 371 2090 461 τὴν
2124 371 2353 440 διάθε-

342 470 454 541 σίν
479 477 713 558 ἔοικεν,
739 468 909 541 ἀλλὰ
931 470 1306 557 μανθάνειν
1327 467 1367 538 ὃ
1388 471 1575 554 λε’γω.
1602 470 1734 538 Καὶ
1759 469 1959 558 μάλα,
1982 476 2128 557 ἔφη.
2153 477 2367 556 Πρῶ-’

339 598 460 639 τον
493 573 615 657 μὲν
646 577 880 639 τοίνυν
912 573 1169 638 ἐκεῖνον
1204 566 1326 637 τὸν
1353 567 1823 655 θαυμάζοντα,
1843 567 1947 637 ὅτι
1979 571 2050 636 οἰ
2078 566 2359 653 φιλόσο·

343 694 461 754 φοι
481 666 564 735 ού
586 676 903 754 τιμῶνται
925 671 1000 734 ἐν
1019 679 1159 745 ταῖς
1181 663 1434 750 πόλεσι,
1459 667 1733 734 δίδασκέ
1749 691 1820 733 τε
1851 662 1977 754 τὴν
2000 664 2227 734 εἰκόνα
2249 668 2359 733 καὶ

276 790 316 841 B
346 773 550 850 πειρῶ
594 773 879 849 πείθειν,
911 762 1015 834 ὅτι
1057 762 1229 831 πολὺ
1265 760 1353 831 ἀν
1390 762 1941 850 θαυμαστότερον
1981 754 2086 850 ἦν,
2132 767 2193 831 εἰ
2229 765 2359 831 ἐτι-

343 873 581 951 μῶντο.
621 862 817 933 Ἀλλὰ
840 859 1101 944 διδάξω,
1126 865 1272 947 ἔφη.
1319 861 1453 929 Καὶ
1485 858 1589 948 ὅτι
1620 867 1856 929 τοίνυν
1876 858 2138 949 τάληθῆ
2163 864 2356 946 λέγει,

346 960 436 1042 ῶς
455 961 766 1049 ἄχρηστοι
786 975 921 1039 τοῖς
943 968 1210 1038 πολλοῖς
1235 963 1305 1026 οἰ
1321 961 1786 1028 ἐπιεικέστατοι
1817 966 1954 1027 τῶν
1981 961 2058 1027 ἐν
2080 968 2360 1044 φιλοσο-

344 1067 496 1148 φία·
535 1067 650 1148 τῆς
671 1063 896 1145 μέντοι
921 1055 1279 1177 ἀχρηστίας
1300 1054 1461 1136 τούς
1490 1056 1578 1144 μὴ
1598 1060 1989 1176 χρωμένους
2004 1061 2230 1129 κέλευε
2253 1063 2358 1126 αἰ-

342 1164 637 1241 τιᾶσθαι,
662 1156 827 1224 ἀλλά
855 1154 943 1242 μὴ
967 1155 1122 1233 τούς
1144 1159 1459 1234 ἐπιεικεῖς.
1484 1153 1569 1255 ού
1587 1153 1717 1240 γὰρ
1740 1162 1870 1241 ἔχει
1892 1154 2101 1242 φύσιν
2122 1162 2357 1272 κυβερ·

344 1256 553 1343 νήτην
595 1261 861 1322 ναυτῶν
891 1257 1154 1321 δεῖσθαι
1196 1251 1551 1340 άρχεσθαι
1556 1249 1679 1341 ὑφ’
1733 1250 1963 1337 αὑτοῦ,
2009 1250 2167 1322 οὐδὲ
2201 1252 2359 1331 τούς
2451 1260 2455 1261 ’

348 1351 603 1440 σοφοὺς
625 1354 731 1421 ἐπὶ
751 1349 868 1431 τὰς
891 1358 1026 1419 τῶν
1058 1358 1416 1421 πλουσίων
1430 1350 1652 1436 θύρας
1686 1353 1875 1435 ἰέναι,
1910 1346 2059 1418 ἀλλ’
2091 1347 2127 1418 ὁ
2159 1357 2356 1418 τοῦτο

343 1450 891 1538 κομψευσάμενος
925 1449 1272 1534 ἐψεύσατο,
1305 1448 1380 1517 τὸ
1394 1448 1486 1517 δὲ
1514 1447 1761 1535 ἀληθες
1794 1453 2115 1534 πέφυκεν,
2144 1450 2262 1517 ἐάν
2289 1475 2358 1516 τε

345 1553 662 1629 πλούσιος
682 1548 802 1618 ἐάν
821 1575 893 1617 τε
920 1551 1123 1634 πένης
1143 1550 1386 1635 κάμνῃ,
1410 1545 1778 1632 ἀναγκαῖον
1799 1545 1968 1615 εἶναι
1986 1549 2092 1616 ἐπὶ
2113 1552 2353 1631 ἰατρῶν

271 1665 311 1717 c
344 1650 565 1733 θύρας
598 1653 765 1716 ίέναι
793 1650 905 1716 καὶ
945 1645 1164 1715 πάντα
1205 1643 1326 1714 τὸν
1370 1645 1696 1764 α’ρχεσθαι
1738 1641 2059 1730 δεόμενον
2098 1647 2204 1714 ἐπὶ
2243 1642 2358 1722 τὰς

343 1755 465 1815 τοῦ
496 1746 723 1834 ἄρχειν
748 1750 1151 1833 δυναμένου,
1175 1741 1259 1811 οὐ
1270 1747 1394 1811 τὸν
1414 1741 1699 1828 άρχοντα
1715 1745 1980 1810 δεῖσθαι
2000 1749 2137 1809 τῶν
2158 1740 2356 1829 ἀρχο-

343 1846 563 1931 μένων
584 1842 930 1930 άρχεσθαι,
954 1835 1043 1911 οὖ
1062 1838 1149 1910 ἀν
1169 1849 1252 1928 τῇ
1272 1839 1557 1929 ἀληθεία
1572 1866 1633 1907 τι
1657 1837 1898 1924 όφελος
1920 1831 1984 1926 ᾖ.
2013 1836 2178 1908 ἀλλά
2200 1839 2357 1920 τούς

345 1952 476 2010 νῦν
519 1940 898 2021 πολιτικοὺς
939 1964 1264 2060 αρχοντας
1308 1937 1677 2019 ἀπεικάζων
1721 1931 1888 2018 οἷς’
1857 1935 2006 2022 άρτι
2047 1941 2348 2025 ἐλέγομει

345 2040 620 2117 ναύταις
646 2037 768 2123 οὐχ
794 2034 1177 2124 ἁμαρτήσει,
1200 2040 1309 2105 καὶ
1342 2062 1501 2116 τους
1535 2033 1668 2104 ὑπὸ
1702 2035 1960 2105 τούτων
1993 2035 2354 2126 ἀχρήστους

344 2141 743 2224 λεγομένους
767 2136 879 2204 καὶ
900 2138 1421 2221 μετεωρολέσχας
1442 2148 1577 2213 τοῖς
1609 2130 1698 2212 ῶς
1728 2131 2000 2220 ἀληθῶς
2023 2134 2356 2254 κυβερνή-

343 2261 502 2313 ταις.
535 2231 925 2321 Ὀρθότατα,
952 2237 1097 2319 ἔφη.
1129 2231 1251 2300 ’Ἐκ
1284 2259 1355 2300 τε
1387 2239 1621 2300 τοίνυν
1650 2231 1910 2299 τούτων
1944 2232 2055 2300 καὶ
2085 2235 2162 2300 ἐν
2194 2231 2358 2299 τού-

340 2358 477 2411 τοις
509 2329 592 2399 οὐ
628 2331 864 2424 ῥᾴδιον
896 2330 1273 2417 εὐδοκιμεῖν
1307 2327 1381 2398 τό
1419 2333 1761 2416 βέλτιστον
1795 2328 2198 2416 ἐπιτήδευμα
2224 2326 2355 2398 ὑπὸ

259 2461 303 2510 D
340 2438 476 2500 τῶν
496 2428 810 2500 τάναντία
831 2431 1383 2517 ἐπιτηδευόντων,
1408 2428 1584 2498 πολὺ
1618 2433 1692 2497 δὲ
1725 2435 1996 2516 μεγίστη
2024 2431 2137 2498 καὶ
2167 2435 2349 2516 ἰσχνά

345 2529 586 2616 ροτάτη
611 2527 884 2616 διαβολὴ
915 2535 1208 2616 γύγνεται
1230 2533 1600 2616 φιλοσοφία
1634 2525 1743 2594 διά
1782 2526 1939 2607 τούς
1970 2526 2050 2597 τά
2084 2535 2359 2597 τοιαῦτα

346 2629 723 2714 φάσκοντας
742 2626 1171 2714 ἐπιτηδεύειν,
1188 2622 1307 2706 οὓς
1326 2626 1407 2713 δὴ
1433 2626 1519 2693 σύ
1541 2623 1676 2714 φῂς
1698 2625 1820 2694 τὸν
1841 2629 2252 2714 ἐγκαλοῦντα
2274 2636 2362 2715 τῇ

346 2731 711 2815 φιλοσοφίᾳ
733 2730 949 2811 λέγειν
972 2725 1061 2805 ῶς
1080 2724 1510 2811 παμπόνηροι
1531 2727 1602 2792 ol
1617 2732 1913 2793 πλεῖστοι
1942 2732 2080 2795 τῶν
2113 2725 2357 2796 ἰόντων

344 2821 452 2892 ἐπ’
477 2822 709 2911 αὐτήν,
740 2828 809 2892 οἰ
828 2828 898 2892 δὲ
920 2826 1387 2893 ἐπιεικέστατοι
1409 2823 1741 2911 ἄχρηστοι,
1775 2826 1886 2893 καὶ
1909 2822 2035 2911 ἐγῶ
2060 2824 2360 2911 συνεχῶ-

346 2942 513 3008 ρησα
537 2920 760 3009 ἀληθῆ
779 2940 853 2990 σε
884 2925 1117 3008 λέγειν.
1146 2915 1193 3010 ἦ
1212 2921 1375 3007 γάρς
1399 2929 1554 2990 Ναί.

263 3069 305 3105 4
512 3025 581 3085 V.
636 3019 910 3088 Οὐκοῦν
936 3025 1050 3106 τῆς
1071 3020 1194 3105 μὲν
1220 3027 1358 3087 τῶν
1379 3022 1689 3089 ἐπιεικῶν
1724 3019 2075 3109 ἀχρηστίας
2095 3021 2219 3109 τὴν
2251 3028 2360 3091 αί-

342 3122 494 3184 τίαν
509 3118 1031 3205 διεληλύθαμεν;
1069 3121 1203 3186 Καὶ
1236 3117 1433 3204 μάλα.
1488 3125 1620 3206 Τῆς
1652 3120 1723 3188 δὲ
1759 3125 1899 3187 τῶν
1929 3127 2198 3189 πολλῶν
2231 3145 2359 3188 πο-

343 3220 575 3300 νηρίας
595 3213 720 3301 τὴν
739 3212 1043 3302 ἀνάγκην
1063 3215 1293 3304 βούλει
1318 3215 1392 3285 τό
1424 3216 1587 3302 μετὰ
1598 3223 1807 3285 τοῦτο
1831 3219 2221 3304 διέλθωμεν,
2244 3221 2359 3287 καὶ

265 3333 307 3383 8
342 3309 445 3378 ὅτι
480 3308 636 3380 οὐδὲ
667 3311 913 3381 τούτου
948 3320 1313 3399 φιλοσοφία
1346 3320 1539 3401 αἰτία,
1576 3309 1665 3382 ἀν
1699 3316 2085 3402 δυνῶμεθα,
2122 3338 2360 3402 πειρα-

339 3416 573 3495 θῶμεν
595 3415 830 3495 δείξαις
872 3412 1071 3481 Πάνυ
1092 3412 1216 3499 μὲν
1238 3405 1383 3481 οὖν.
1424 3409 1804 3499 Ἀκούωμεν
1825 3412 1907 3500 δὴ
1928 3415 2039 3482 καὶ
2055 3418 2356 3501 λέγωμεν
