2602 3928
238 228 304 282 37
1012 217 1466 276 ΤΙΜΑΙΟΣ.
2124 215 2249 280 355

238 384 487 466 δηλοῦν
505 374 859 465 ἡγούμεθά
884 399 977 442 τι·
1022 373 1256 460 φεύγει
1284 372 1416 460 γάρ
1452 372 1577 461 ούχ
1598 372 1937 461 ὑπομένον
1967 375 2092 464 τὴν
2125 385 2248 446 τοῦ

239 476 389 544 τόδε
421 478 533 543 καὶ
563 481 761 542 τοῦτο
799 475 911 541 καὶ
945 469 1071 559 τὴν
1099 476 1268 561 τῷδε
1303 474 1414 539 καὶ
1455 480 1680 541 πᾶσαν
1723 471 1845 560 ὅση
1877 475 2122 560 μόνιμα
2157 474 2247 554 ὥς

235 571 399 642 ὄντα
427 569 599 640 αὐτοὶ
632 575 1043 641 ἐνδείκνυται
1064 567 1281 654 φάσις.
1329 566 1496 636 άλλὰ
1518 578 1725 637 ταῦτα
1746 571 1871 657 μὲν
1894 573 2135 639 ἕκαστα
2156 569 2244 657 μὴ

236 673 472 756 λέγειν,
496 669 571 736 τὸ
601 671 673 736 δὲ
692 674 998 735 τοιοῦτον
1021 664 1123 733 dez
1145 665 1674 752 περιφερόμενον
1707 667 1940 754 ὅμοιον
1963 668 2245 736 ἑκάστου

235 772 387 851 πέρι
407 770 517 836 καὶ
539 766 938 853 ξυμπάντων
958 764 1136 833 οὕτω
1152 773 1410 833 καλεῖν·
1452 770 1563 834 καὶ
1586 765 1667 854 δὴ
1706 760 1815 836 καὶ
1848 777 1985 856 πῦρ
2021 766 2093 835 τὸ
2135 768 2244 836 διὰ

234 860 484 942 παντὸς
505 871 811 931 τοιοῦτον
832 866 941 931 καὶ
964 861 1145 933 ἅπαν
1166 862 1457 950 ὅσονπερ
1481 859 1569 930 ἂν
1603 872 1716 952 ἔχη
1747 869 2010 950 γένεσιν
2025 892 2038 906 ·
2084 869 2158 934 ἐν
2188 858 2243 956 ᾧ

234 961 307 1029 δὲ
340 961 772 1048 ἐγγιγνόμεναι
807 958 910 1028 άεὶ
946 962 1187 1028 ἕκαστα
1222 959 1449 1028 αὐτῶν
1482 962 1873 1046 φαντάζεται
1906 967 2015 1030 καὶ
2044 963 2246 1030 πάλιν

232 1062 493 1127 ἐκεῖθεν
512 1055 898 1142 ἀπόλλυται,
927 1057 1139 1143 μόνον
1173 1061 1386 1125 ἐκεῖνο
1409 1051 1499 1125 αὖ
1517 1060 2038 1147 προσαγορεύειν
2059 1068 2149 1150 τῷ
2173 1086 2242 1128 τε
2276 1078 2345 1129 50

230 1164 429 1225 τοῦτο
451 1158 675 1245 καὶτῷ
707 1154 861 1224 τόδε
880 1159 1434 1244 προσχρωμένους
1456 1153 1752 1243 ὀνόματι,
1776 1156 1850 1225 τὸ
1878 1160 1950 1226 δὲ
1970 1155 2246 1226 ὁποιον-

232 1261 361 1322 οῦν
391 1279 475 1339 τι,
511 1250 772 1338 θερμὰν
799 1247 845 1339 ἦ
875 1251 1121 1321 λευκὰν
1155 1250 1200 1340 ἢ
1220 1256 1332 1321 καὶ
1357 1252 1586 1322 ὁτιοῦν
1607 1262 1744 1321 τῶν
1766 1257 2108 1341 ἐναντίων,
2131 1257 2243 1325 καὶ

232 1350 448 1420 πάνθ’
483 1349 613 1418 ὅσα
642 1355 713 1418 ἐκ
747 1351 1026 1436 τούτων,
1067 1352 1277 1438 μηδὲν
1320 1356 1529 1421 ἐκεῖνο
1565 1345 1655 1419 αὖ
1696 1354 1956 1421 τούτων
1993 1362 2240 1422 καλεῖν.

234 1455 330 1518 ἔτι
352 1449 424 1518 δὲ
446 1452 856 1535 σαφέστερον
879 1443 1098 1515 αὐτοῦ
1113 1449 1263 1531 πέρι
1295 1453 1768 1534 προθυμητέον
1778 1441 1990 1528 ἀὖθις
2015 1456 2240 1517 εἰπεῖν.

234 1553 295 1615 εἰ
311 1549 444 1633 γὰρ
474 1546 691 1614 πάντα
711 1571 808 1625 τις
827 1547 1126 1633 σχήματα
1157 1546 1416 1626 πλάσας
1443 1551 1516 1614 ἐκ
1536 1557 1794 1634 χρυσοῦ
1814 1552 2020 1634 μηδὲν
2042 1574 2243 1633 μετα-

233 1644 539 1715 πλάττων
560 1644 838 1712 παύοιτο
862 1645 1103 1712 ἕκαστα
1127 1649 1218 1722 εἰς
1242 1643 1526 1729 ἅπαντα,
1553 1645 1936 1725 δεικνύντος
1959 1646 2040 1731 δή
2063 1670 2242 1724 τινος

232 1739 457 1808 αὐτῶν
472 1744 549 1808 ἓν
568 1742 679 1808 καὶ
700 1743 1020 1826 ἐρομένου
1042 1748 1108 1808 τί
1124 1739 1261 1808 ποτ’
1286 1746 1442 1826 ἔστι,
1469 1749 1701 1832 μακρῷ
1724 1740 1892 1829 πρὸς
1914 1740 2241 1830 ἀλήθειαν

229 1837 731 1924 ἀσφαλέστατον
754 1843 959 1906 εἰπεῖν
990 1837 1091 1906 ὅτι
1122 1839 1388 1927 χρυσός,
1422 1840 1496 1907 τὸ
1533 1841 1606 1909 δὲ
1639 1846 1969 1926 τρίγωνον
2004 1839 2131 1908 ὅσα
2168 1866 2238 1909 τε
2271 1859 2311 1907 Β

228 1937 395 2005 ἄλλα
417 1936 713 2023 σχήματα
727 1938 1116 2024 ἐνεγίγνετο,
1133 1939 1457 2025 μηδέποτε
1477 1941 1693 2024 λέγειν
1716 1946 1920 2007 ταῦτα
1945 1935 2034 2018 ὡς
2055 1937 2239 2024 ὅντα,

226 2035 275 2103 ἅ
292 2062 367 2121 γε
401 2033 644 2122 μεταξὺ
684 2039 1045 2122 τιθεμένου
1084 2043 1490 2122 μεταπίπτει,
1523 2034 1671 2105 ἀλλ’
1701 2034 1824 2105 ἐὰν
1860 2034 1991 2124 ἄρα
2024 2041 2133 2105 καὶ
2164 2038 2238 2104 τὸ

226 2141 535 2201 τοιοῦτον
565 2132 702 2219 μετ’
743 2131 1102 2219 ἀσφαλείας
1134 2136 1337 2223 ἐθέλῃ
1368 2138 1683 2220 δέχεσθαί
1708 2161 1909 2220 τινος,
1949 2135 2238 2224 ἀγαπᾷν.

225 2229 265 2301 ὅ
288 2229 487 2308 αύτὸς
510 2228 591 2317 δὴ
615 2230 811 2315 λόγος
829 2233 941 2299 καὶ
955 2234 1107 2318 περὶ
1129 2240 1242 2317 τῆς
1260 2231 1344 2299 τὰ
1359 2233 1578 2299 πάντα
1596 2235 1947 2320 δεχομένης
1967 2232 2239 2319 σώματα

224 2328 521 2415 φύσεως·
564 2325 808 2396 ταύτὸν
830 2326 1043 2417 αὐτὴν
1070 2327 1173 2397 άεὶ
1203 2333 1616 2416 προσρητέον
1632 2357 1646 2371 ·
1692 2333 1765 2398 ἐκ
1786 2329 1915 2417 γὰρ
1945 2339 2061 2417 τῆς
2082 2332 2238 2399 ἑαυ-

222 2435 342 2514 τῆς
360 2424 435 2495 τὸ
459 2427 776 2513 παράπαν
809 2424 935 2495 ούκ
968 2430 1287 2508 ἐξίσταται
1321 2428 1684 2514 δυνάμεως.
1730 2431 1983 2514 δέχεταί
2001 2455 2072 2497 τε
2106 2427 2236 2514 γὰρ

223 2523 326 2593 ἀεὶ
342 2523 423 2594 τὰ
447 2524 688 2609 πάντα,
711 2526 821 2593 καὶ
853 2524 1126 2612 μορφὴν
1147 2523 1465 2612 οὐδεμίαν
1494 2528 1652 2594 ποτε
1678 2525 1905 2595 οὐδενὶ
1931 2535 2069 2595 ταῖν
2105 2533 2235 2607 εἰς·
2269 2546 2307 2598 0

225 2623 471 2691 ιόντων
509 2620 748 2710 ὁμοίαν
782 2631 1056 2710 εἴληφεν
1087 2620 1353 2712 ούδαμῇ
1376 2622 1713 2711 οὐδαμῶς·
1740 2628 2088 2711 ἐκμαγεῖον
2108 2622 2236 2710 γὰρ

224 2722 428 2807 φύσει
447 2723 643 2790 παντὶ
662 2735 890 2806 κεῖται,
912 2722 1323 2809 κινούμενόν
1341 2748 1414 2790 τε
1436 2726 1545 2790 καὶ
1569 2723 2237 2810 διασχηματιζόμενον

225 2817 359 2886 ὑπὸ
376 2827 512 2888 τῶν
533 2819 896 2904 εἰσιόντων,
922 2827 1226 2905 φαίνεται
1247 2821 1320 2889 δὲ
1343 2819 1420 2888 δι’
1445 2824 1667 2889 ἐκεῖνα
1692 2821 1927 2890 ἄλλοτε
1946 2820 2234 2894 ἀλλοῖον·

222 2915 305 2986 τὰ
337 2918 409 2985 δὲ
435 2917 726 2986 εἰσιόντα
753 2919 864 2986 καὶ
892 2917 1146 2997 ἐξιόντα
1169 2925 1306 2985 τῶν
1339 2918 1559 2987 ὄντων
1591 2917 1692 2987 άεὶ
1725 2919 2080 3006 μιμήματα,
2114 2945 2237 2987 τυ·

227 3019 542 3084 πωθέντα
569 3014 687 3084 ἀπ’
726 3015 951 3083 αύτῶν
984 3014 1237 3102 τρόπον
1268 3016 1418 3084 τινὰ
1453 3015 1888 3103 δύσφραστον
1917 3020 2027 3086 καὶ
2053 3028 2238 3086 θαυω

224 3113 502 3201 μαστόν,
539 3110 621 3182 ὃν
642 3119 944 3193 εἰσαῦθις
964 3113 1247 3201 μέτιμεν.
1294 3117 1366 3180 ἐν
1404 3112 1469 3182 δ’
1505 3107 1633 3182 οὖν
1665 3122 1758 3204 τῷ
1796 3115 2075 3201 παρόντι
2109 3113 2231 3202 χρὴ

220 3215 385 3298 γένη
407 3214 850 3298 διανοηθῆναι
881 3212 1125 3298 τριττά,
1148 3212 1222 3279 τὸ
1254 3212 1378 3297 μὲν
1409 3213 1831 3300 γιγνόμενον,
1863 3211 1938 3281 τὸ
1978 3210 2043 3280 δ’
2070 3216 2144 3281 ἐν
2181 3204 2235 3302 ᾦ

222 3316 534 3397 γίγνεται,
564 3309 639 3377 τό
676 3307 746 3378 δ’
769 3309 939 3378 ὅθεν
970 3308 1511 3397 άφομοιούμενον
1531 3311 1771 3398 φύεται
1805 3308 1880 3379 τὸ
1914 3309 2229 3397 γιγνόμε-
2260 3321 2302 3370 D

223 3434 349 3478 νον
366 3433 380 3447 ·
435 3407 547 3476 καὶ
590 3405 670 3493 δὴ
715 3409 826 3474 καὶ
868 3409 1298 3495 προσεικάσαι
1338 3412 1572 3492 πρέπει
1611 3407 1686 3477 τὸ
1714 3409 1836 3534 μὲν
1880 3410 2236 3494 δεχόμενον

1707 3508 1779 3560 23
1878 3525 1880 3528 ·
