2602 3928
377 211 505 281 146
1112 217 1682 278 ΠΛΑΤΩΝΟΣ
1777 164 1784 171 ⁰

377 377 599 466 ἀπάτη
637 375 1016 446 κινδυνεύει
1050 375 1211 463 ἡμῖν
1252 377 1515 463 δεήσειν
1553 385 1845 462 χρῆσθαι
1877 377 2035 457 τοὺς
2070 378 2393 464 ἄρχοντας

296 497 340 548 D
378 472 484 543 ἐπ’
510 477 794 562 ω’φελείᾳ
823 481 959 541 τῶν
993 471 1395 561 ἀρχομένων.
1444 480 1698 559 ἔφαμεν
1736 477 1814 542 δέ
1836 499 1972 542 που
2006 477 2082 543 ἐν
2116 477 2392 562 φαρμά-

377 598 504 641 κου
526 576 685 641 εἴδει
704 573 919 640 πάντα
947 568 1027 639 τά
1048 580 1322 640 τοιαῦτα
1356 570 1639 657 χρήσιμα
1663 570 1848 640 εἶναι.
1892 574 2023 640 Καὶ
2046 571 2272 659 ὀρθῶς
2290 599 2392 660 γε,

377 676 522 758 ἔφη.
566 669 671 737 Ἐν
696 683 828 747 τοῖς
848 669 1082 755 γάμοις
1103 676 1337 738 τοίνυν
1364 672 1472 737 καὶ
1496 673 1939 748 παιδοποιίαις
1959 675 2130 737 ἔοικε
2160 668 2235 737 τὸ
2269 668 2391 754 ὀρ-

377 768 513 836 θὸν
551 775 748 835 τοῦτο
789 772 1140 851 γίγνεσθαι
1172 764 1298 833 οὐκ
1333 766 1688 852 ἐλάχιστον.
1728 775 1887 846 Παῖς
1920 767 2034 854 δή;
2076 777 2207 835 Δεῖ
2242 770 2386 853 μέν,

378 864 584 947 εἷπον,
609 868 682 932 ἐκ
705 871 842 930 τῶν
865 860 1396 949 ὦμολογημένων
1413 864 1570 942 τούς
1593 860 1904 948 ἀρίστους
1922 878 2063 944 ταῖς
2091 863 2388 950 ἀρίσταις

378 968 858 1047 συγγίγνεσθαι
893 958 984 1038 ὥς
1018 960 1411 1045 πλειστάκις,
1447 958 1604 1040 τούς
1641 961 1714 1030 δὲ
1754 959 2220 1049 φαυλοτάτους
2246 972 2386 1039 ταῖς

375 1057 819 1146 φαυλοτάταις
842 1055 1255 1142 τούναντίον,
1281 1060 1393 1126 καὶ
1416 1064 1553 1125 τῶν
1573 1058 1697 1145 μὲν
1715 1058 1796 1126 τὰ
1819 1063 2062 1144 ἔκγονα
2090 1061 2381 1144 τρέφειν,

296 1178 335 1226 Ε
372 1163 508 1224 τῶν
550 1156 622 1224 δὲ
663 1153 773 1242 μή,
816 1162 874 1224 εἰ
913 1158 1131 1242 μέλλει
1163 1153 1237 1223 τὸ
1275 1162 1588 1241 ποίμνιον
1625 1152 1666 1223 δ’
1697 1183 1760 1223 τι
1784 1154 2153 1241 ἀκρότατον
2173 1156 2378 1223 εἶναι·

370 1255 480 1322 καὶ
510 1260 718 1321 ταῦτα
743 1253 959 1321 πάντα
993 1253 1355 1339 γιγνόμενα
1377 1253 1745 1321 λανθάνειν
1767 1254 1943 1340 πλὴν
1963 1250 2207 1332 αὐτοὺς
2226 1251 2385 1333 τοὺς

370 1349 713 1438 ἄρχοντας,
738 1358 799 1419 εἰ
818 1344 908 1418 αὖ
932 1349 974 1437 ἡ
996 1348 1197 1437 ἀγέλη
1220 1358 1358 1418 τῶν
1377 1348 1704 1435 φυλάκων
1725 1348 1768 1417 ὅ
1787 1377 1849 1417 τι
1869 1350 2149 1437 μάλιστα
2177 1348 2383 1419 ἀστα-

372 1454 637 1527 σίαστος
676 1452 870 1515 ἔσται.
915 1445 1304 1535 Ὀρθότατα,
1342 1452 1487 1534 ἔφη.
1545 1444 1820 1515 Οὐκοῦν
1844 1444 1924 1533 δὴ
1964 1450 2187 1536 ἑορταί
2212 1473 2386 1526 τινες

372 1548 845 1631 νομοθετητέαι
884 1550 1165 1631 ἔσονται,
1192 1547 1267 1613 έν
1311 1541 1415 1624 αἷς
1446 1545 1813 1630 ξυνάξομεν
1845 1544 1961 1624 τάς
2002 1570 2072 1613 τε
2114 1545 2374 1631 νύμφας

370 1643 481 1711 καὶ
513 1638 669 1721 τούς
706 1649 1060 1729 νυμφίους,
1095 1642 1204 1710 καὶ
1244 1648 1483 1710 θυσίαι
1522 1643 1634 1710 καὶ
1675 1640 1876 1727 ὕμνοι
1916 1647 2208 1730 ποιητέοι
2246 1655 2383 1720 τοῖς

235 1759 340 1815 460
368 1736 704 1828 ἡμετέροις
726 1756 1017 1828 ποιηταῖς
1039 1744 1396 1830 πρέποντες
1415 1755 1552 1819 τοῖς
1572 1745 1987 1826 γιγνομένοις
2005 1742 2269 1864 γάμομις·
2303 1738 2377 1807 τό

371 1836 444 1905 δὲ
464 1846 724 1925 πλῆθος
746 1865 884 1906 των
906 1839 1141 1924 γάμων
1161 1839 1266 1904 ἐπὶ
1286 1851 1422 1916 τοῖς
1443 1837 1721 1957 αρχουσι
1742 1837 2127 1925 ποιήσομεν,
2164 1834 2257 1904 ιν’
2293 1833 2386 1915 ὥς

369 1935 648 2021 μάλιστα
671 1935 1035 2015 διασωζωσι
1052 1932 1172 2002 τόν
1193 1931 1406 2002 αὐτὸν
1426 1924 1722 2022 αριθμὸν
1742 1941 1879 2003 τῶν
1900 1934 2192 2023 ἀνδρῶν,
2216 1931 2381 2019 πρὸς

371 2036 701 2119 πολέμους
739 2059 808 2101 τε
852 2033 960 2100 καὶ
993 2032 1238 2111 νόσους
1266 2035 1377 2101 καὶ
1410 2034 1628 2101 πάντα
1663 2031 1743 2100 τά
1775 2041 2047 2102 τοιαῦτα
2081 2030 2378 2100 ἀποσκο-

372 2138 674 2216 ποῦντες,
700 2134 808 2199 καὶ
835 2132 996 2217 μήτε
1017 2131 1267 2219 μεγάλη
1293 2130 1450 2219 ἡμῖν
1482 2128 1523 2219 ἡ
1558 2131 1747 2212 πόλις
1779 2158 1942 2200 κατα
1974 2130 2049 2199 τὸ
2086 2127 2380 2198 δυνατον

370 2229 532 2314 μήτε
575 2226 815 2313 σμικροὶ
867 2233 1185 2315 γίγνηται.
1242 2228 1518 2316 Ὀρθῶς,
1565 2236 1710 2316 ἔφη.
1751 2236 2010 2316 Κλῆροι
2052 2229 2134 2315 δή
2183 2254 2377 2313 τινες,

371 2324 571 2411 οἶμαι,
597 2329 884 2413 ποιητέοι
907 2332 1173 2413 κομψοί,
1211 2325 1379 2395 ὥστε
1416 2325 1538 2396 τὸν
1571 2335 1839 2413 φαῦλον
1864 2330 2121 2395 ἐκεῖνον
2161 2331 2376 2394 αἰτιᾶ-

368 2433 530 2491 σθαι
553 2422 661 2508 ἐφ’
688 2422 962 2512 ἑκάστης
983 2428 1348 2511 συνέρξεως
1375 2425 1604 2512 τύχην,
1627 2422 1795 2494 ἀλλά
1817 2425 1906 2512 μὴ
1941 2426 2099 2505 τούς
2136 2423 2378 2512 ἄρχον-

371 2548 501 2599 τας.
534 2521 668 2588 Καὶ
689 2521 887 2607 μάλα,
916 2529 1058 2642 ἔφη.

284 2641 331 2694 Β
540 2623 638 2684 ΙΧ.
683 2621 815 2686 Καὶ
835 2634 969 2698 τοῖς
993 2619 1272 2704 ἀγαθοῖς
1309 2625 1402 2706 γέ
1415 2644 1548 2688 που
1577 2647 1715 2690 των
1750 2625 1925 2690 νέων
1957 2624 2030 2688 έν
2051 2623 2312 2707 πολέμῳ
2334 2614 2382 2705 ἦ

367 2715 616 2784 ἄλλοθί
636 2740 768 2783 που
780 2720 941 2805 γέρα
955 2720 1183 2785 δοτέον
1195 2721 1305 2787 καὶ
1320 2711 1500 2786 ἆθλα
1520 2718 1689 2787 άλλα
1709 2746 1780 2787 τε
1792 2721 1902 2787 καὶ
1916 2715 2382 2802 ἀφθονεστέρα

365 2809 406 2901 ἡ
431 2817 691 2894 ἐξουσία
725 2822 839 2899 τῆς
861 2822 995 2881 τῶν
1028 2824 1370 2901 γυναικῶν
1408 2817 1982 2904 ξυγκοιμήσεως,”
1952 2842 2060 2883 ινα
2096 2816 2207 2882 καὶ
2239 2840 2378 2900 αμα

366 2907 527 2996 μετὰ
549 2912 948 2996 προφάσεως
985 2939 1075 2992 ως
1109 2921 1400 2981 πλεῖστοι
1424 2940 1561 2982 των
1589 2918 1848 2982 παίδων
1879 2916 1950 2981 ἐκ
1983 2937 2127 2979 των
2152 2912 2342 2978 τοιού

367 3033 503 3074 των
529 3017 944 3095 σπείρωνται.
989 3007 1257 3092 Ὀρθως.
1320 3008 1591 3080 Οὐκοῦν
1626 3011 1737 3079 καὶ
1770 3008 1851 3076 τὰ
1882 3006 1984 3077 ἀεὶ
2016 3007 2382 3096 γιγνόμενα

366 3111 610 3191 ἔκγονα
630 3106 1266 3194 παραλαμβάνουσαι
1294 3113 1370 3176 αἰ
1385 3111 1489 3177 ἐπὶ
1510 3108 1768 3177 τούτων
1798 3110 2221 3194 ἐφεστηκυῖαι
2253 3102 2380 3192 ἀρ-

362 3206 469 3291 χαὶ
492 3214 620 3273 εἴτε
643 3202 914 3291 ἀνδρῶν
939 3216 1066 3289 εἴτε
1087 3214 1432 3291 γυναικοῖν
1464 3216 1591 3275 εἴτε
1613 3203 1958 3293 ἀμφότερα
1975 3229 1989 3244 ·
2011 3205 2229 3273 κοιναὶ
2249 3200 2375 3288 μὲν

288 3333 323 3383 C
359 3302 489 3391 γάρ
519 3329 651 3372 που
688 3306 800 3372 καὶ
819 3302 1011 3391 ἀρχαὶ
1033 3310 1303 3389 γυναιξί
1314 3332 1384 3373 τε
1408 3308 1516 3373 καὶ
1538 3304 1882 3387 ἀνδράσιν.
1926 3310 2080 3372 Ναί.
2134 3297 2230 3368 Τὰ
2253 3307 2381 3386 μὲν

364 3398 445 3485 δὴ
468 3409 604 3470 τῶν
640 3398 941 3490 ἀγαθῶν,
976 3407 1174 3490 δοκῶ,
1206 3411 1536 3491 λαβοῦσαι
1573 3411 1665 3484 εἰς
1705 3402 1825 3473 τὸν
1869 3400 2077 3491 σηκὸν
2116 3412 2387 3472 οἴσουσι
