2602 3928
233 220 289 258 π
1064 202 1518 267 ΡΒΑΕΕΑΤῙΟ.

229 348 520 410 conjectura
561 350 735 394 nostra
784 335 1169 407 ω’φελήσουσιν
1211 334 1601 406 ἁγνιζομένους
1649 348 1736 390 aut
1769 356 1801 391 a
1837 341 2100 392 literarum
2138 343 2375 410 vestigiis

230 422 317 464 aut
351 429 382 464 a
419 414 668 464 sententis
694 419 1036 463 structuraeve
1061 412 1345 462 rationibus
1379 411 1531 461 nimis
1556 412 1831 461 recessisse
1855 410 2115 471 videntum
2154 413 2221 467 cf.
2250 413 2372 464 Plu-

227 483 387 537 tarch.
413 482 542 533 Mor.
562 498 615 548 p.
637 481 773 534 1105
807 482 876 531 Be
912 473 975 531 οἱ
1006 474 1069 530 δὲ
1099 471 1344 536 δεδιότες
1373 470 1589 535 τελετάς
1615 493 1775 534 τινας
1805 465 1880 528 αὖ
1913 473 2011 530 καὶ
2038 475 2374 546 καθαρμοὺς

229 549 449 602 οἴονται
481 548 722 620 βοηθεῖν
737 586 752 610 ,
788 542 876 608 οἷς
910 541 1272 615 ἁγνισάμενοι
1306 546 1615 598 διατελοῖεν
1648 537 1710 597 ἐν
1737 537 1928 598 ’Ἅιδου
1955 547 2246 610 παίζοντες
2275 546 2375 601 καὶ

226 609 551 686 χορεύοντες
596 612 657 669 ἐν
704 620 828 676 τοῖς
879 620 1006 686 (leg.
1058 613 1253 677 τόποις
1384 608 1403 631 ’
1435 609 1510 683 ὴν
1552 612 1649 667 καὶ
1695 615 1917 683 πνεῦμα
1964 612 2229 684 καθαρόν
2275 615 2375 671 καὶ

230 682 490 754 φθόγγον
526 683 767 754 ἔχουσιν.
808 716 876 727 --
924 692 979 740 Ρ.
1023 688 1124 741 367
1160 691 1204 738 A
1290 633 1435 752 ςᾜ
1448 699 1544 752 μοι
1587 686 1625 735 Ρ
1656 694 1707 737 et
1739 687 1786 736 V
1823 703 1939 738 cum
1973 689 2270 754 plerisque,1
2296 678 2375 747 ὅς

227 751 288 824 γ’
317 750 439 824 ἐμοὶ
473 758 621 818 BST;
662 759 730 809 cf.
771 759 835 808 ad
873 773 926 823 p.
967 757 1069 810 352
1106 758 1168 812 Ι).
1207 784 1279 796 --
1314 757 1369 807 Ρ.
1408 756 1513 809 370
1539 757 1584 806 Α
1618 752 1777 806 σίτου
1811 759 1849 807 Ρ
1888 770 1992 811 sec.
2027 758 2191 823 praef.
2228 760 2373 819 Tur„

228 826 408 877 σιτίου
442 827 634 883 VBST.
677 854 749 864 -
793 829 848 878 P.
888 827 990 879 370
1023 827 1065 876 D
1114 827 1252 890 quod
1297 827 1412 890 ipse
1447 826 1567 876 olim
1605 823 1893 891 (Gesamm.
1936 826 2103 877 Abhh.
2144 843 2198 892 p.
2242 826 2375 893 182)

228 913 342 947 cum
381 898 527 948 Astio
571 898 902 962 probaveram
945 890 998 946 εἰ
1039 887 1116 960 μὴ
1156 887 1379 958 αὐτοῖς,
1432 896 1665 958 quamvis
1712 896 1948 947 codicum
1991 910 2194 959 quoque
2234 896 2377 948 haud

226 967 412 1032 exiguo
448 981 658 1017 numero
708 964 960 1029 oblatum,
1010 965 1132 1029 quia
1177 980 1279 1015 non
1324 965 1569 1015 minorem
1612 962 1962 1016 difficultatem
2010 973 2171 1030 creat,
2220 981 2375 1030 quam

226 1035 385 1095 tollit,
428 1036 645 1085 retinere
675 1035 840 1094 nolui;
879 1035 1074 1098 aliquid
1105 1040 1273 1084 tamen
1310 1033 1490 1083 deesse
1524 1034 1679 1084 etiam
1714 1047 1849 1083 nunc
1878 1034 2103 1084 sentiens
2134 1049 2201 1084 ex
2235 1036 2371 1101 conj.

225 1094 358 1154 οὐδ’
392 1097 445 1152 εἰ
487 1104 698 1169 scripsi,
738 1118 839 1166 qno
886 1103 1020 1154 facto
1057 1102 1315 1168 exiguitas
1363 1102 1566 1167 oppidi,
1615 1117 1769 1166 quam
1818 1104 2056 1171 opposita
2097 1103 2373 1169 postulant,

225 1178 474 1234 servatur,
511 1187 614 1223 non
650 1180 846 1229 tamen,
881 1180 937 1222 ut
978 1173 1031 1222 in
1067 1169 1237 1221 VBST
1273 1170 1490 1221 lectione
1521 1164 1574 1220 εἰ
1598 1161 1823 1233 αὐτοῖς,
1863 1179 2089 1237 propter
2123 1172 2375 1223 bubulcos

225 1251 275 1293 et
312 1249 545 1308 pastores
559 1279 571 1301 ,
624 1241 717 1291 sed
762 1242 842 1291 vel
873 1256 979 1291 cum
1011 1241 1093 1290 bis
1109 1276 1121 1299 ,
1169 1240 1257 1303 qui
1293 1240 1520 1303 alioquin
1561 1255 1804 1307 magnum
1841 1241 2042 1293 efficere
2089 1242 2373 1293 videantur.

224 1310 446 1362 Facilius
483 1312 635 1361 etiam
671 1310 855 1360 fuisset
889 1302 978 1359 κεί
1002 1310 1254 1369 scribere,
1292 1309 1546 1359 sermonis
1577 1317 1750 1360 tamen
1774 1310 2027 1376 elegantia
2049 1313 2375 1377 negationem

224 1381 393 1431 iterari
420 1380 647 1444 jubebat,
673 1394 773 1443 qua
798 1378 926 1429 nihil
957 1379 1162 1444 saepius
1194 1379 1361 1429 omitti
1393 1379 1519 1428 scite
1545 1378 1662 1433 Alb.
1690 1379 1905 1430 Jahnius
1930 1381 1985 1429 in
2006 1380 2172 1445 praef.
2201 1381 2372 1433 Turio.

223 1466 276 1514 p·
305 1448 340 1500 9
376 1449 588 1503 monuit.
619 1476 689 1488 —
724 1450 782 1502 P.
820 1446 922 1500 373
955 1449 1002 1497 Α
1032 1449 1215 1498 iterum
1250 1446 1432 1497 sustuli
1461 1447 1941 1514 interpolamentum
1976 1443 2074 1498 καὶ
2104 1441 2212 1514 τὴν
2247 1461 2374 1499 ποι·

223 1513 412 1568 κιλίαν
450 1519 602 1584 vulgo
631 1523 749 1583 post
779 1512 1040 1582 κινητέον
1070 1517 1341 1576 insertum,
1382 1517 1519 1579 quod
1546 1518 1635 1568 vix
1666 1517 1908 1568 credibile
1939 1525 2017 1568 est
2051 1525 2126 1568 tot
2156 1519 2374 1585 optimo-

224 1603 336 1638 rum
368 1587 612 1637 librorum
641 1587 914 1651 scriptores
929 1623 945 1648 ‚
983 1593 1039 1636 ut
1068 1583 1410 1636 Schneiderus
1441 1586 1722 1648 existimat,
1751 1586 1984 1650 sequenti
2011 1582 2108 1636 καὶ
2135 1588 2374 1639 seductos

224 1658 489 1716 omisisse;
529 1656 785 1721 adjectum
823 1656 993 1720 potius
1029 1655 1231 1706 videtur
1259 1670 1291 1704 a
1327 1655 1607 1706 semidocto
1643 1659 1999 1723 grammatico,
2038 1656 2127 1719 qui
2166 1652 2375 1721 ζωγρα-

225 1723 366 1790 φίαν
403 1726 470 1775 ad
494 1733 662 1775 vestes
688 1739 887 1788 quoque
922 1724 1103 1775 referri
1124 1738 1281 1789 posse
1312 1726 1596 1790 ignorarem
1635 1725 1702 1780 ef.
1732 1724 2088 1777 Wiistemann.
2115 1726 2183 1776 ad
2208 1725 2375 1777 Theo·

222 1796 333 1847 crit.
361 1794 476 1846 XV.
503 1793 589 1847 81.
618 1820 690 1831 —
711 1794 768 1846 P.
796 1793 898 1845 376
922 1795 969 1843 Α
1005 1784 1171 1843 οὐδὲν
1198 1785 1261 1843 δὲ
1297 1795 1336 1844 Ρ
1374 1808 1488 1843 cum
1519 1794 1931 1859 locupletissimis
1965 1794 2372 1860 fidejussoribus,

221 1855 389 1914 οὐδὲν
426 1853 498 1927 δὴ
534 1862 705 1913 VBST
743 1870 792 1912 et
825 1862 1186 1924 Schneiderus,
1226 1863 1315 1926 qui
1349 1856 1422 1926 δή
1464 1862 1801 1928 explicatione
1833 1877 1986 1929 egere
2020 1871 2205 1928 negat;
2243 1863 2373 1914 mihi

222 1948 481 1997 nunquam
514 1932 612 1983 hoc
648 1931 761 1982 loco
797 1932 965 1981 arrisit
999 1929 1253 1997 particula
1289 1947 1395 1983 rem
1432 1939 1603 1983 notam
1638 1932 1717 1984 vel
1756 1948 1849 1999 per
1887 1945 1944 1983 se
1981 1931 2173 1983 claram
2214 1933 2374 1999 sigui-

221 2002 399 2064 ficaus,
414 2002 743 2064 libenterque
774 2000 905 2051 redii
929 2001 997 2050 ad
1020 2001 1266 2052 librorum
1288 2002 1578 2063 lectionem,
1603 2018 1755 2066 quam
1780 2002 2009 2052 iterando
2034 2003 2190 2053 verbo
2220 2001 2373 2052 facile

222 2073 440 2130 tuearis,
478 2078 533 2119 ut
559 2071 647 2120 ΙΙΙ.
680 2068 739 2120 32
772 2061 1063 2134 ἀρχόντων
1094 2062 1196 2133 μὲν
1229 2062 1520 2134 ὑπηκόους
1556 2064 1732 2133 εἶναι,
1764 2060 1968 2128 αὐτοὺς
2003 2064 2066 2120 δὲ
2094 2062 2375 2135 ἄρχοντας

225 2180 240 2194 .
265 2177 277 2190 .
302 2179 317 2194 .
338 2134 565 2204 ἡδονῶν
592 2136 706 2188 scil.
734 2131 900 2194 εἶναι.
929 2165 998 2177 —
1022 2140 1079 2189 P.
1110 2138 1214 2190 378
1246 2139 1284 2190 G
1312 2137 1503 2189 λεκτέα
1531 2148 1649 2206 post
1669 2136 1902 2190 τοιαῦτα
1933 2142 2071 2206 apud
2097 2139 2222 2190 VBS
2247 2155 2371 2190 con-

223 2212 485 2275 spicuum,
537 2208 629 2258 sed
658 2207 767 2272 jem
803 2222 834 2257 a
867 2209 1225 2260 'raticensibus
1260 2210 1694 2275 circumscriptum
1711 2247 1726 2270 ,
1812 2210 1898 2259 uia
1932 2223 1963 2258 a
2001 2210 2115 2264 Par.
2155 2209 2372 2272 aliisque

223 2279 399 2328 multis
436 2277 607 2337 abest,
645 2277 939 2336 exturbavi‚
975 2291 1140 2341 neque
1172 2288 1260 2328 aut
1289 2292 1345 2342 p.
1373 2277 1476 2330 379
1498 2279 1545 2328 Α
1573 2268 1674 2327 ἐάν
1696 2291 1756 2328 τε
1808 2293 1842 2327 ν
1874 2273 2056 2341 μέλεσι
2084 2284 2202 2343 post
2231 2274 2370 2345 ποιῇ

221 2357 310 2397 aut
346 2362 398 2412 p.
428 2345 527 2398 381
557 2347 604 2395 A
633 2338 731 2395 καὶ
752 2335 1109 2409 ἀμφιέσματα
1138 2355 1258 2413 post
1292 2337 1716 2412 οἰκοδομήματα
1743 2346 1895 2412 vulgo
1923 2348 2149 2412 positum
2185 2346 2371 2397 iisdem

220 2416 369 2468 libris
408 2415 580 2464 invitis
615 2413 854 2475 toleravi3
876 2416 1075 2478 -quibus
1109 2418 1207 2466 etsi
1242 2417 1306 2465 ab
1342 2415 1750 2467 homoeoteleuto
1786 2418 2048 2467 excusatio
2081 2422 2263 2481 parata
2287 2416 2372 2475 sit,

223 2492 360 2535 certe
395 2498 498 2533 non
523 2483 690 2534 minor
712 2482 1121 2549 interpolameuti
1148 2486 1373 2551 suspicio
1395 2494 1489 2545 est,
1523 2486 1818 2551 praesertim
1844 2485 1897 2534 in
1925 2486 2094 2550 priore
2120 2485 2372 2549 exemplo,

223 2555 306 2604 cui
332 2555 441 2618 jam
471 2554 526 2603 in
560 2551 812 2608 Gessmm.
849 2553 1016 2603 Abhh.
1051 2569 1106 2620 p.
1137 2553 1240 2605 182
1263 2554 1416 2605 fidem
1447 2556 1648 2620 negavi.
1684 2581 1748 2592 —
1786 2554 1842 2608 P.
1873 2553 1972 2605 381
1998 2554 2041 2603 D
2077 2548 2277 2602 παισὶν
2307 2554 2369 2619 Β,

223 2617 386 2671 παισὶ
423 2621 554 2673 VST
601 2629 650 2670 et
680 2619 1043 2682 Schneiderus3
1091 2623 1328 2687 equidem
1360 2624 1706 2688 obtemperavi
1740 2622 1994 2673 Meiuekio
2028 2623 2083 2672 in
2123 2622 2366 2677 Zeitschr.

222 2691 262 2745 f.
295 2690 584 2743 d.A1terth.
620 2688 767 2750 1843,
791 2705 846 2755 p.
867 2690 989 2742 293.
1015 2692 1156 2742 -P.
1180 2691 1283 2744 382
1323 2691 1361 2742 c
1391 2686 1449 2741 οἳ
1478 2679 1550 2741 ἂν
1586 2691 1658 2757 Η,
1692 2681 1830 2741 ὅταν
1863 2690 2030 2742 νΒεΤ
2056 2707 2172 2742 oum
2205 2691 2369 2751 libris,

222 2759 316 2811 sed
350 2758 565 2810 solemni
599 2758 928 2822 confusione,
966 2761 1115 2825 cujus
1148 2761 1437 2826 exemplum
1472 2762 1662 2812 dudum
1695 2760 2241 2812 Casaubono‘auctore
2268 2760 2366 2810 Eu-

220 2829 366 2895 thyd.
403 2845 456 2895 p.
491 2826 595 2879 280
624 2829 671 2877 A
705 2837 984 2879 correctum
1020 2837 1121 2889 est3
1157 2830 1299 2882 aliud
1328 2831 1522 2881 notavit
1553 2829 1819 2896 Spalding.
1855 2829 1922 2880 sd
1946 2829 2206 2881 Demosth.
2243 2828 2368 2880 Mid.

175 2932 186 2939 -
221 2899 272 2961 s.
298 2899 386 2958 24,
427 2911 592 2960 neque
625 2898 765 2962 apud
796 2898 946 2948 eund.
980 2898 1100 2952 adv.
1132 2899 1375 2953 Leochar.
1415 2901 1465 2963 S.
1494 2898 1564 2951 49
1599 2899 1680 2950 vel
1708 2899 1917 2953 Aristot.
1955 2899 2166 2948 Rhetor.
2206 2899 2246 2951 I.
2282 2897 2367 2951 10.

221 2965 255 3018 8
289 2956 430 3016 ὅταν
465 2966 653 3015 rectius
686 2979 839 3029 quam
880 2954 912 3015 ὃ
940 2953 1014 3015 ἂν
1056 2966 1161 3034 legi
1198 2969 1429 3018 arbitror.
1466 2995 1537 3006 —
1575 2970 1632 3019 P.
1671 2966 1773 3019 382
1809 2969 1851 3017 Ε
1886 2957 2011 3017 οὕτε
2043 2960 2188 3017 κατὰ
2224 2981 2369 3030 φαν-

221 3033 418 3094 τασιάς
469 3034 623 3101 vulgo
671 3042 789 3099 post
828 3026 1080 3104 ἐξαπατᾷ
1122 3038 1480 3102 interpositum
1529 3052 1645 3088 cum
1679 3037 1795 3091 Par.
1837 3036 2053 3100 aliisque
2099 3052 2193 3087 sex
2222 3037 2369 3087 libris

222 3106 378 3169 eieci,
416 3104 708 3168 ibidemque
743 3118 858 3154 cum
890 3104 1045 3154 Bekk.
1086 3112 1135 3155 et
1163 3105 1339 3156 Stnllb.
1372 3096 1496 3157 οὔτ’
1528 3097 1668 3171 ὄναρ
1705 3106 1805 3156 scri
1842 3108 1888 3156 si
1924 3121 2016 3172 pro
2050 3095 2182 3155 οὐδ’
2209 3095 2367 3169 ὄναρ,

221 3175 362 3238 quod
396 3189 517 3225 cave
552 3173 742 3223 talibus
781 3174 1032 3240 exemplis
1067 3174 1385 3236 defenderis,
1416 3176 1505 3226 ubi
1541 3175 1761 3241 simplex
1829 3166 1855 3224 ἒ
1890 3183 2006 3240 post
2042 3166 2167 3223 οὔτε
2196 3175 2367 3238 sequi·

222 3250 320 3294 tur.
371 3242 566 3296 Similis
586 3242 889 3308 borruptela
925 3250 1033 3294 erat
1062 3244 1323 3311 Aristoph.
1363 3245 1576 3311 Lysistr.
1614 3243 1772 3303 1041,
1807 3259 1958 3307 quam
1991 3246 2194 3310 gemino
2223 3244 2367 3293 Euri-

220 3313 358 3377 pidis
390 3312 503 3362 loco
542 3312 787 3362 Androm.
829 3311 930 3363 732
969 3314 1250 3363 convictam
1286 3315 1472 3364 frustra
1507 3322 1681 3364 contra
1709 3312 2014 3363 Brunckium
2046 3320 2219 3363 tuetur
2250 3312 2366 3362 Rei-

220 3381 323 3447 sig.
363 3380 507 3445 Conj.
544 3395 599 3446 p.
631 3380 753 3434 213.
