2602 3928
348 229 470 294 102
1081 233 1649 292 ΠΛΑΤΩΝΟΣ

346 393 592 460 παύσοι
612 389 877 476 αὐτούς,
901 406 1301 477 κακουργεῖν
1321 417 1392 459 τε
1407 389 1495 478 μὴ
1519 395 1757 476 ε’παροῖ
1770 393 1918 476 περὶ
1941 388 2100 471 τοὺς
2114 389 2358 470 ἄλλους

278 515 322 567 1>
349 497 635 569 πολίτας.
701 491 833 556 Καὶ
863 486 1135 575 άληθῶς
1165 514 1240 574 γε
1264 489 1481 575 φήσει.
1530 487 1696 572 Ὅρα
1732 487 1836 574 δή,
1885 486 2073 556 εἷπον
2103 489 2253 575 ἐγώ,
2299 491 2359 556 εἰ

345 588 607 657 τοιόνδε
628 585 776 655 τινὰ
797 586 1048 673 τρόπον
1069 591 1175 654 δεῖ
1187 584 1434 666 αὐτούς
1457 592 1576 674 ζῇν
1596 613 1666 653 τε
1700 589 1811 654 καὶ
1843 592 2070 673 οἰκεῖν,
2107 591 2167 655 εἰ
2196 588 2351 671 με’λ-

347 694 538 754 λουσι
559 691 849 753 τοιοῦτοι
871 688 1173 751 ἔσεσθαι·
1221 693 1489 768 πρῶτον
1524 685 1648 770 μὲν
1682 682 1917 751 οὐσίαν
1954 686 2353 770 κεκτημένον

347 787 673 870 μηδεμίαν
694 786 944 868 μηδένα
965 785 1160 863 ἰδίαν,
1185 777 1273 848 ἂν
1293 779 1383 868 μὴ
1404 789 1581 848 πᾶσα
1603 779 1860 868 ἀνάγκη
1876 808 1891 822 ·
1928 785 2147 849 ἔπειτα
2170 790 2353 866 οἰκη-

349 902 458 947 σιν
478 883 591 948 καὶ
610 892 907 965 ταμιεῖον
926 880 1158 965 μηδενὶ
1186 877 1357 946 εἶναι
1377 877 1583 964 μηδὲν
1603 886 1931 960 τοιοῦτον,
1955 886 2047 958 εἰς
2065 875 2104 947 ὃ
2125 876 2208 946 ού
2229 886 2357 956 πᾶς

347 975 383 1045 ὁ
409 978 821 1065 βουλόμενος
842 985 1099 1045 εἴσεισι·
1136 975 1213 1042 τοὶ
1237 972 1305 1043 δ’
1326 977 1682 1061 ἐπιτήδεια,
1719 975 1901 1044 ὅσων
1936 978 2196 1044 δέονται
2228 974 2355 1043 ἅν-

348 1081 500 1160 δρες
522 1073 804 1161 ἀθληταὶ
826 1079 1120 1161 πολέμου
1144 1075 1489 1160 σώφρονές
1519 1100 1591 1142 τε
1613 1076 1723 1144 καὶ
1748 1072 2056 1162 ἀνδρεῖοι,
2079 1077 2355 1160 ταξαμέ-

246 1238 257 1246 .
282 1194 323 1244 Ε
349 1201 512 1254 νους
533 1171 713 1259 παρὰ
737 1181 876 1242 τῶν
891 1172 1116 1242 ἄλλων
1138 1182 1427 1243 πολιτῶν
1449 1178 1757 1259 δέχεσθαι
1787 1172 2040 1260 μισθὸν
2070 1181 2186 1260 τῆς
2220 1199 2357 1258 φυ-

346 1281 555 1358 λακῆς
573 1279 914 1357 τοσοῦτον,
942 1270 1108 1341 ὅσον
1127 1273 1288 1359 μήτε
1311 1286 1632 1359 περιεῖναι
1653 1271 1876 1352 αὐτοῖς
1889 1279 1980 1351 εἰς
1991 1268 2111 1340 τόν
2131 1275 2356 1339 ἑνιαυ-
2408 1279 2411 1282 ’

346 1369 465 1437 τὸν
488 1369 650 1457 μήτε
671 1373 887 1438 ἐνδεῖν
901 1396 915 1410 ·
958 1377 1327 1456 φοιτῶντας
1352 1371 1422 1439 δὲ
1447 1375 1539 1450 εἰς
1563 1375 1855 1451 ξυσσίτια
1873 1364 2099 1453 ’ὥσπερ
2122 1370 2358 1452 ἐστρα·

349 1470 1077 1557 τοπεδευμένουςκοινῇ
1101 1473 1220 1554 ζῇν
1236 1494 1251 1508 ·
1274 1474 1550 1552 χρυσίον
1578 1471 1648 1535 δὲ
1672 1468 1781 1536 καὶ
1802 1466 2129 1554 ἀργύριον
2150 1471 2356 1533 εἰπεῖν

349 1562 574 1644 αὐτοῖς
612 1562 714 1633 ὅτι
742 1575 937 1634 θεῖον
971 1567 1150 1651 παρὰ
1194 1573 1383 1635 θεῶν
1422 1564 1524 1635 ἀεὶ
1566 1569 1641 1634 ἐν
1677 1572 1759 1653 τῇ
1781 1572 1959 1653 ψυχῇ
1992 1570 2214 1650 ἔχουσι
2247 1564 2353 1630 καὶ

351 1661 558 1730 οὐδὲν
575 1667 1011 1748 προσδέονται
1035 1672 1157 1733 τοῦ
1180 1662 1631 1752 ἀνθρωπείου,
1663 1661 1822 1732 οὐδὲ
1849 1661 1999 1731 ὅσια
2028 1660 2154 1749 τὴν
2187 1663 2358 1729 ἐκεί-

345 1785 475 1829 νου
508 1768 743 1848 κτῆσιν
764 1768 846 1850 τῇ
880 1769 1001 1830 τοῦ
1032 1769 1294 1848 θνητοῦ
1328 1769 1583 1846 χρυσοῦ
1614 1760 1838 1849 κτήσει
1870 1761 2358 1847 ξυμμιγνύντας

221 1865 313 1922 ἱ17
352 1864 658 1945 μιαίνειν,
684 1860 855 1928 διότι
874 1860 1086 1927 πολλοὶ
1108 1865 1218 1928 καὶ
1241 1856 1482 1926 ἀνόσια
1503 1858 1746 1944 περὶτὰ
1780 1867 1915 1926 τῶν
1938 1866 2206 1928 πολλῶν
2238 1857 2358 1925 νό-

350 1976 555 2043 μισμα
574 1960 829 2043 γέγονε,
850 1953 924 2025 τὸ
951 1980 1084 2041 παρ
1099 1954 1115 1981 ’
1143 1959 1416 2035 ἐκείνοις
1439 1959 1510 2042 δὲ
1533 1952 1893 2043 ἀκήρατον·
1939 1954 2105 2027 ἀλλὰ
2127 1955 2354 2044 μόνοις

350 2054 574 2134 αὐτοῖς
611 2063 747 2122 τῶν
789 2059 865 2124 ἐν
906 2063 988 2142 τῇ
1028 2055 1220 2124 πόλει
1273 2044 1829 2142 μεταχῖειρίζεσθαι
1878 2061 1989 2125 καὶ
2029 2056 2356 2125 ἅπτεσθαι

260 2205 265 2210 .
347 2159 603 2238 χρυσοῦ
625 2153 733 2220 καὶ
765 2149 1069 2240 ἀργύρου
1090 2151 1175 2222 ού
1207 2156 1423 2241 θέμις,
1447 2151 1598 2223 οὐδ’
1628 2151 1759 2224 ὑπὸ
1799 2153 1921 2224 τὸν
1958 2151 2164 2222 αὐτὸν
2196 2152 2354 2237 ὅρο-

351 2275 488 2336 φον
519 2254 690 2318 ἰέναι
727 2247 883 2319 οῦδὲ
918 2251 1379 2335 περιάψασθαι
1412 2250 1570 2321 οῦδὲ
1611 2260 1829 2321 πίνειν
1861 2255 1927 2333 ἐξ
1972 2250 2273 2338 ἀργύρου
2310 2244 2355 2335 ἦ

348 2356 623 2437 χρυσοῦ.
648 2352 757 2417 καὶ
780 2348 956 2418 οὕτω
978 2350 1100 2437 μὲν
1120 2350 1436 2432 σώζοιντό
1460 2349 1520 2419 τ’
1553 2346 1639 2419 ἂν
1661 2353 1771 2420 καὶ
1795 2351 2069 2432 σώζοιεν
2088 2348 2214 2438 τὴν
2234 2347 2357 2416 πό-

350 2457 458 2517 λιν
473 2474 488 2489 ·
527 2444 728 2515 ὁπότε
752 2445 822 2517 δ’
843 2446 1030 2516 αὐτοὶ
1051 2456 1183 2535 γῆν
1203 2475 1272 2515 τε
1295 2453 1473 2517 ἰδίαν
1493 2452 1965 2528 καὶόἰκίαςκαὶ
1987 2455 2358 2535 νομίσματα

348 2545 728 2631 κτήσονται,
770 2546 1113 2633 οἰκονόμοι
1155 2548 1279 2633 μὲν
1333 2551 1443 2615 καὶ
1493 2550 1776 2634 γεωργοὶ
1832 2544 1980 2614 ἀντὶ
2034 2544 2360 2631 φυλάκων

277 2653 321 2703 Β
347 2648 630 2728 ἔσονται,
667 2644 981 2712 δεσπόται
1014 2643 1079 2713 δ’
1116 2648 1348 2732 ἐχθροὶ
1382 2645 1531 2714 άντὶ
1575 2646 1933 2731 ξυμμάχων
1966 2652 2102 2712 τῶν
2134 2643 2360 2712 ἄλλων

349 2748 644 2809 πολιτῶν
663 2740 1075 2828 γενήσονται,
1103 2750 1453 2828 μισοῦντες
1474 2740 1548 2809 δὲ
1568 2741 1650 2829 δὴ
1678 2748 1788 2810 καὶ
1824 2741 2214 2828 μισούμενοι
2247 2742 2358 2808 καὶ

347 2838 890 2925 ἐπιβουλεύοντες
910 2843 1018 2908 καὶ
1040 2841 1629 2926 ἐπιβουλευόμενοι
1662 2840 1962 2920 διάξουσι
1992 2839 2207 2907 πάντα
2237 2836 2360 2906 τὸν

346 2941 518 3022 βίον,
583 2934 757 3003 πολὺ
799 2942 1002 3004 πλείω
1056 2942 1164 3005 καὶ
1214 2945 1471 3023 μᾶλλον
1526 2936 1812 3016 δεδιότες
1861 2936 2019 3016 τούς
2073 2940 2271 3004 ἔνδον
2309 2930 2359 3021 ἢ

346 3032 503 3112 τούς
524 3037 774 3113 ἔξωθεν
796 3041 1169 3121 πολεμίους,
1199 3037 1473 3114 θέοντες
1508 3033 1633 3121 ἤδη
1668 3035 1815 3103 τότε
1848 3034 2172 3120 ἐγγύτατα
2208 3031 2341 3100 ὀλέ-

346 3141 526 3217 θρου
569 3128 766 3199 αὐτοί
792 3158 870 3224 τε
913 3133 1024 3200 καὶ
1061 3129 1103 3218 ἡ
1148 3131 1313 3220 ἄλλη
1356 3132 1561 3211 πόλις.
1607 3133 1867 3200 τούτων
1909 3124 2037 3200 οὖν
2080 3132 2353 3200 πάντων

347 3230 561 3313 ἕνεκα,
586 3220 675 3315 ἦν
698 3227 757 3296 δ’
786 3230 937 3315 ἐγώ,
975 3236 1209 3315 φῶμεν
1241 3230 1420 3298 οὕτω
1456 3235 1595 3298 δεῖν
1631 3229 2163 3298 κατεσκευάσθαι
2195 3226 2355 3307 τοῦς

347 3327 650 3412 φύλακας
682 3327 1001 3414 οἰκήσεως
1033 3353 1103 3394 τε
1124 3329 1276 3412 πέρι
1297 3330 1408 3397 καὶ
1427 3333 1564 3395 τῶν
1588 3326 1832 3411 ἄλλων,
1863 3329 1974 3395 καὶ
2004 3334 2215 3395 ταῦτα
2237 3352 2358 3393 νο-

346 3424 841 3513 μοθετήσωμεν,
862 3420 906 3510 ἢ
927 3424 1046 3510 μής
1087 3424 1284 3493 Πάνυ
1300 3453 1397 3513 γε,
1421 3419 1466 3513 ἦ
1498 3424 1566 3493 δ’
1598 3423 1673 3505 ὃς
1694 3422 1731 3493 ὁ
1752 3425 2101 3494 Γλαύκων.
