2602 3928
305 256 376 295 xx
1138 241 1584 293 PRAEFATIO

300 378 379 431 ST
419 386 468 430 et
503 379 840 430 Schneiderus
879 395 992 430 cum
1030 381 1210 431 ceteris
1248 380 1395 430 libris
1432 378 1538 430 fere
1574 379 1808 430 omnibus
1824 416 1839 441 ,
1887 380 1980 430 sed
2015 383 2255 443 correctis
2292 390 2348 433 ut
2382 385 2455 433 vi·

302 450 450 500 detur
479 463 511 499 a
539 450 899 515 grammaticiS,
931 450 1020 513 qui
1043 439 1205 510 ἄξιον
1235 448 1520 514 elegantius
1549 448 1953 514 impersonaliter
1978 452 2106 500 strui
2133 451 2453 517 ignorarent3

298 518 369 572 cf.
401 517 536 569 VIII.
580 518 646 568 14
675 507 838 580 ἄξιον
872 512 1069 578 οἰκεῖν,
1105 518 1295 569 Phaed.
1337 532 1383 565 c.
1416 515 1483 566 58
1519 505 1684 579 ἄξιον
1719 507 1986 578 οἰκοῦσαι,
2023 518 2276 584 pluraque
2313 523 2455 587 apud

300 585 495 637 Sinten.
532 587 598 637 ad
634 588 767 642 Plut.
807 589 989 642 Them.
1028 602 1080 652 p.
1120 587 1242 638 204.
1275 612 1342 622 -
1379 587 1436 640 P.
1477 584 1580 638 607
1619 587 1660 637 Β
1695 576 2119 651 οἷπολελογίσθω
2156 590 2215 649 Ρ,
2253 579 2453 640 ἀπολε-

297 647 565 720 λογήσθω
592 655 761 707 VBST
794 664 843 708 et
877 656 1237 720 Schneiderus,
1276 655 1363 718 qui
1399 662 1569 705 tamen
1604 655 1737 706 iliud
1769 663 1818 705 et
1849 654 2075 721 Sophist.
2106 672 2159 722 p.
2193 657 2290 709 261
2328 659 2372 709 D
2406 669 2455 709 et

297 724 562 775 Demosth.
595 724 815 781 Timocr.
849 725 899 788 S.
944 724 1043 777 108
1073 724 1350 784 concessit,
1388 725 1525 775 unde
1559 725 1791 775 videmus
1824 739 1938 774 esse
1974 729 2257 792 sinqulatim
2290 732 2453 779 ratio-

297 810 406 843 nem
439 795 661 846 reddere
690 795 772 844 vel
794 801 1068 859 eoeputare,
1106 788 1245 857 quod
1275 792 1419 843 haud
1453 793 1559 843 scio
1600 809 1666 844 an
1697 786 1864 857 λόγου
1901 794 2113 855 notioni,
2151 810 2304 858 quam
2332 812 2451 848 mox

298 861 529 913 Socrates
552 870 719 929 urget,
754 864 906 913 etiam
942 863 1110 928 magis
1140 877 1294 926 quam
1328 861 1551 927 simplex
1574 862 1803 926 defen-51⁰0
1831 872 2095 928 cong-ruat.
2144 865 2265 914 Alia
2293 881 2452 916 causa

298 940 376 982 est
409 947 461 997 p.
497 931 600 984 607
634 931 707 993 D,
746 932 899 984 modo
928 930 1012 980 hic
1048 946 1249 994 quoque
1285 945 1401 981 cum
1435 931 1551 983 Par.
1587 924 2049 997 ἅπολογησομένη
2086 933 2257 998 potius
2295 950 2449 998 quam

297 1016 414 1050 cum
462 999 539 1050 ST
571 1009 619 1050 et
649 999 957 1051 Schneidero
994 990 1460 1065 ἀπολογησαμένη
1496 1001 1807 1061 scribamus3
1840 1000 2025 1066 judicii
2063 1004 2222 1062 enim,
2263 1004 2315 1052 in
2347 1020 2448 1066 quo

297 1084 503 1119 causam
541 1069 710 1119 dicere
745 1070 928 1134 poesin
961 1076 1173 1135 oportet,
1210 1070 1343 1119 intra
1380 1070 1638 1120 civitatem
1674 1069 1820 1120 locus
1844 1077 1940 1134 est,
1979 1071 2117 1122 unde
2141 1073 2370 1134 sequitur
2395 1085 2451 1123 ut

294 1153 397 1188 non
430 1136 658 1188 defensio
693 1139 912 1188 reditum
949 1138 1042 1189 sed
1075 1138 1269 1188 reditus
1301 1136 1652 1189 defensionem
1682 1140 1965 1198 antecedat,
1998 1140 2299 1191 condicione
2335 1149 2445 1191 tan-

290 1215 404 1256 tum
436 1207 651 1272 adjecta,
688 1214 745 1257 ut
771 1221 981 1257 causam
1016 1221 1160 1257 suam
1178 1205 1504 1272 philosophis
1537 1209 1815 1273 probet.--
1834 1208 1962 1258 Ibid.
1985 1199 2047 1258 ἐν
2074 1203 2224 1272 μέλει
2254 1210 2293 1258 Ρ
2323 1218 2449 1260 teste

295 1274 458 1342 praef.
476 1276 658 1329 Turio.
688 1277 801 1326 sine
834 1264 874 1339 ἥ
889 1312 904 1339 ,
942 1276 1082 1339 quod
1111 1291 1268 1339 quum
1301 1277 1364 1326 ab
1403 1275 1517 1329 aliis
1548 1292 1751 1360 quoqnue
1775 1276 2012 1342 plurimis
2047 1278 2207 1335 absit,
2245 1279 2446 1329 tolerari

296 1344 519 1410 amplius
556 1359 658 1394 non
694 1352 911 1410 poterat.
953 1370 1020 1381 -
1050 1347 1107 1400 P.
1144 1344 1247 1396 610
1281 1347 1330 1395 A
1360 1335 1636 1406 ὀρθότατ’
1664 1358 1737 1395 αν
1758 1384 1772 1398 .
1797 1381 1810 1395 .
1836 1382 1849 1395 .
1870 1340 2047 1410 λέγοις
2079 1344 2132 1407 S,
2169 1338 2445 1410 ὀρθότατ’

296 1400 368 1462 ἂν
390 1454 403 1467 .
432 1452 445 1466 .
473 1449 484 1461 .
511 1406 684 1477 λέγεις
709 1415 759 1466 V
790 1421 840 1464 et
869 1410 1207 1464 Schneiderus
1236 1429 1352 1463 cum
1383 1414 1557 1474 libris,
1594 1405 1882 1480 ὀρθότατα
1902 1452 1915 1464 .
1938 1451 1951 1465 .
1972 1455 1985 1468 .
2007 1409 2180 1480 λέγεις
2208 1416 2294 1466 ΒΤ
2330 1431 2446 1466 cum

294 1483 468 1540 Astio‚
504 1483 573 1532 ad
593 1489 894 1533 structuram
923 1484 1111 1532 rectius
1143 1497 1295 1547 quam
1328 1482 1699 1545 Schneiderus,
1738 1499 1890 1547 quem
1920 1486 2081 1537 miror
2111 1482 2447 1536 Stallbaumio

289 1553 480 1602 minime
503 1552 743 1603 usitatam
763 1552 1074 1603 assentiendi
1090 1549 1358 1616 famulam
1384 1553 1705 1618 exprobrare,
1738 1554 1887 1615 quasi
1915 1543 1988 1602 ἂν
2013 1549 2186 1618 λέγεις
2216 1555 2449 1621 pluribus

290 1621 547 1686 exemplis
586 1621 799 1680 nitatur3
839 1621 993 1670 immo
1026 1628 1232 1671 nostrae
1269 1621 1411 1671 aliud
1445 1622 1599 1672 latere
1633 1622 1836 1675 videtur
1865 1622 2026 1689 Legg.
2066 1624 2127 1673 II.
2159 1638 2216 1689 p.
2249 1623 2355 1676 656
2384 1624 2447 1682 A,

294 1690 386 1739 ubi
420 1705 516 1754 pro
554 1679 839 1754 ὀρθότατα
867 1683 1040 1755 λέγεις
1067 1691 1179 1753 ipse
1216 1690 1331 1740 Par.
1371 1683 1549 1754 λέγοις
1580 1690 1803 1741 exhibet.
1854 1690 1973 1741 Mox
2011 1707 2215 1756 quoque
2251 1707 2303 1757 p.
2342 1691 2448 1745 610

293 1757 336 1807 D
370 1774 484 1808 cum
520 1758 696 1809 Stallb.
723 1750 894 1808 αὐτοῦ
925 1749 1123 1807 τούτου
1145 1773 1238 1824 pro
1263 1750 1435 1808 αὐτοῦ
1460 1757 1561 1808 τοῦ
1588 1769 1637 1810 et
1669 1750 1767 1809 διὰ
1796 1756 1958 1809 τοῦτο
1984 1775 2077 1826 pro
2110 1756 2208 1811 διὰ
2244 1753 2447 1810 τούτου

296 1828 480 1893 scripsi
515 1828 748 1892 quamvis
780 1829 1012 1878 codicum
1043 1827 1145 1877 fide
1175 1829 1379 1893 exigua,
1417 1836 1467 1878 at
1503 1829 1617 1893 ipso
1654 1844 1890 1880 sermone
1915 1830 2147 1894 jubente,
2186 1846 2286 1894 quo
2317 1832 2446 1880 duce

292 1898 455 1962 prisci
487 1897 732 1948 librorum
760 1904 1067 1948 correctores
1098 1898 1292 1962 passim
1327 1897 1604 1948 inveterata
1633 1899 1820 1949 menda
1850 1898 2182 1950 sustulerunt.
2227 1890 2447 1950 Τούτου

292 1967 485 2030 requiri
522 1968 676 2018 etiam
703 1967 861 2019 Bekk.
893 1966 1163 2025 intellexit3
1204 1967 1258 2017 id
1293 1968 1464 2032 ipsum
1500 1975 1669 2018 autem
1698 1968 1839 2019 haud
1866 1970 1973 2019 scio
2006 1984 2071 2019 an
2106 1969 2225 2019 olim
2262 1970 2447 2019 vitioso

292 2033 394 2084 τοῦ
430 2035 730 2102 corrigendo
768 2029 1072 2101 ascriptum,
1115 2036 1299 2086 deinde
1342 2036 1507 2087 alieno
1546 2036 1659 2087 loco
1695 2036 1923 2098 illatum,
1973 2052 2165 2088 novum
2202 2039 2446 2089 mendum

300 2106 566 2155 creaverit.
592 2132 660 2142 —
677 2104 735 2155 P.
760 2105 864 2157 612
888 2106 932 2155 D
953 2090 1029 2169 ἦν
1050 2095 1102 2153 δ’
1118 2094 1220 2168 ἐγώ
1243 2104 1306 2167 Η,
1327 2095 1431 2170 ἐγώ
1449 2103 1617 2156 VBST
1644 2113 1693 2156 et
1712 2105 2074 2170 SchneideruS,
2098 2108 2257 2158 invito
2274 2115 2445 2158 tamen

293 2174 360 2234 P,
402 2174 491 2237 qui
523 2189 645 2225 cum·
680 2173 795 2225 aliis
832 2174 976 2224 libris
1010 2176 1162 2224 etiam
1195 2188 1473 2239 pronomen
1505 2176 1717 2236 omittit3
1753 2175 1891 2239 quod
1923 2191 2081 2239 quum
2119 2175 2208 2226 alii
2241 2190 2444 2226 rursum

294 2258 410 2293 cum
445 2228 520 2306 ἦν
553 2243 876 2309 conjunctum
903 2248 1019 2293 ante
1040 2240 1235 2291 τοίνυν
1262 2244 1486 2294 inserant
1507 2244 1737 2307 adeoque
1761 2244 1878 2295 Par.
1907 2245 2097 2296 ibidem
2128 2230 2205 2309 ἦν
2237 2245 2442 2307 habeat,

294 2313 347 2361 in
384 2312 655 2363 manifesta
679 2312 827 2362 codd.
867 2311 1166 2362 confusione
1189 2313 1659 2377 probabilissimum
1693 2321 1802 2363 erat
1838 2313 2109 2364 formulam
2145 2298 2223 2379 ἦν
2260 2303 2312 2362 δ’
2337 2302 2441 2377 ἐγῶ

294 2388 411 2446 apto
450 2380 564 2432 loco
598 2380 773 2441 reddi,
809 2381 942 2432 unde
976 2388 1246 2446 postquam
1285 2396 1408 2432 casu
1446 2382 1615 2445 aliquo
1642 2383 1872 2444 excidit,
1916 2384 2137 2449 margini
2183 2383 2447 2448 adscripta

293 2465 414 2500 mox
452 2451 606 2500 variis
650 2451 818 2501 modis
866 2450 1116 2516 discerpta
1158 2457 1208 2499 et
1250 2450 1446 2503 intrusa
1493 2466 1608 2501 esse
1649 2451 1871 2505 videtur.
1920 2480 1988 2491 —
2034 2452 2090 2502 P.
2138 2450 2243 2504 613
2285 2451 2328 2499 Ε
2371 2442 2447 2501 εἴ-

297 2532 362 2567 coc
388 2511 822 2587 στρεβλώσονται
842 2514 940 2569 καὶ
962 2510 1415 2583 ἐκκαυθήσονται
1434 2535 1550 2571 cum
1577 2520 1722 2571 Astio
1761 2521 2164 2587 circumscripsi,
2194 2521 2317 2584 quia
2352 2534 2447 2570 nec

291 2596 497 2653 tempus
513 2589 925 2639 antecedentibus
950 2590 1182 2655 congruit
1203 2603 1298 2639 nec
1323 2591 1477 2640 totius
1499 2590 1780 2641 sententiae
1802 2591 1932 2639 ratio
1953 2588 2213 2641 Socratem
2237 2587 2443 2653 singula

293 2657 548 2723 supplicia
586 2671 876 2707 enumerare
904 2658 1117 2723 petitum
1155 2672 1208 2722 p.
1227 2656 1334 2709 614
1351 2659 1392 2708 Ε
1420 2667 1587 2708 autem
1612 2658 1697 2708 vul
1740 2698 1754 2713 .
1780 2650 2083 2715 κλαιοῦσας
2119 2673 2213 2724 pro
2244 2648 2442 2707 κλαού-

293 2740 395 2784 σας
430 2743 489 2777 eo
515 2726 758 2777 fidentius
792 2727 1058 2787 revocavi,
1097 2742 1198 2789 quo
1232 2729 1395 2792 major
1429 2741 1584 2792 supra
1619 2741 1675 2792 p.
1739 2726 1809 2779 88
1833 2727 1873 2776 Β
1912 2728 1964 2776 in
2000 2727 2090 2777 illa
2126 2725 2291 2777 forma
2321 2741 2441 2776 con-

293 2810 474 2845 sensus
506 2804 743 2861 apparet,
779 2795 862 2845 cui
894 2810 1027 2845 nunc
1051 2808 1117 2844 ne
1144 2795 1256 2848 Par.
1286 2796 1492 2859 quidem
1517 2811 1723 2847 manum
1754 2796 1971 2861 primam
2004 2812 2123 2847 cum
2149 2795 2276 2845 solis
2302 2796 2441 2845 Mon.

292 2865 332 2914 B
377 2873 426 2914 et
461 2865 593 2917 Flor.
629 2863 674 2915 U
706 2865 934 2930 junctam
983 2878 1236 2929 opponere
1273 2866 1455 2916 aude0.
1498 2891 1569 2903 —-
1613 2867 1672 2917 P.
1716 2865 1819 2917 615
1857 2864 1896 2916 G
1929 2855 2254 2929 αὐτόχειρος
2290 2864 2335 2914 H
2380 2879 2444 2914 ex

295 2933 430 2983 Astii
465 2933 758 2998 conjectura
793 2932 919 2984 Lex.
954 2933 1246 3013 Platop.'T.
1280 2935 1321 2984 I.
1368 2949 1419 3000 p.
1459 2932 1593 2994 319,
1633 2935 1716 2984 cui
1753 2935 1974 3001 priorem
2013 2934 2243 2999 ejusdem
2283 2922 2445 2982 αὖτο-

290 2999 506 3068 χειρίας
530 3002 682 3052 facile
710 3002 1014 3067 posthabui;
1042 3015 1367 3067 αυτοχειρας
1392 3003 1535 3068 libri,
1575 3004 1721 3067 cujus
1747 3010 1917 3053 tamen
1943 3011 2261 3069 structuram,
2286 3017 2443 3065 quum

294 3065 375 3128 εἰς
407 3087 507 3122 non
545 3072 608 3122 ab
646 3060 897 3140 ἀσεβείας
930 3072 1123 3136 pariter
1165 3086 1226 3121 ac
1259 3063 1501 3135 μισθοὺς
1573 3072 1755 3122 endere
1785 3073 1979 3137 possit,
2028 3086 2183 3137 aegre
2219 3086 2445 3122 commo-

294 3142 412 3191 dam
448 3142 696 3194 invenias,
743 3166 803 3180 —-
841 3143 895 3191 P.
935 3139 1037 3191 616
1073 3139 1118 3188 Α
1151 3137 1323 3191 ταῦτα
1358 3086 1692 3205 ὕπομᾶοιεν
1728 3149 1843 3206 post
1877 3125 1956 3191 αἷν
1997 3132 2163 3191 ἕνεκα
2203 3154 2262 3190 τε
2300 3155 2444 3190 mox-

293 3225 391 3274 que
414 3200 516 3258 τὸν
551 3200 735 3277 φόβον
767 3219 885 3275 post
914 3199 1277 3277 ὑπερβάλλειν
1314 3226 1429 3261 cum
1465 3210 1582 3261 aliis
1651 3211 1850 3261 lurimis
1885 3212 2037 3260 etiam
2067 3209 2183 3264 Par.
2213 3211 2443 3259 omittere

293 3278 455 3345 praef.
493 3280 662 3331 Tui-ic.
691 3280 863 3345 docet,
901 3294 1050 3343 quem
1085 3293 1242 3342 quum
1276 3287 1537 3345 praeterea
1569 3227 1649 3336 ειῖῐςι
1683 3269 1720 3328 ὅ
1747 3294 1803 3328 τι
1836 3294 1930 3345 pro
1966 3267 2055 3329 ὅτι
2085 3272 2167 3336 εἰς
2204 3277 2443 3329 exhibere

297 3348 488 3399 dudum
522 3357 802 3410 constaret,
852 3349 918 3399 ad
951 3356 1111 3399 totum
1147 3347 1314 3398 locum
1352 3347 1744 3414 interpolatione
1779 3349 2098 3400 liberandum
2133 3362 2291 3398 unum
2325 3346 2443 3396 reli-

299 3433 457 3483 quum
492 3428 625 3484 erat,
663 3426 717 3468 ut
755 3408 855 3467 τὸν
879 3409 1162 3483 τάρταρον
1186 3432 1279 3485 pro
1316 3418 1624 3485 glossemate
1659 3419 2140 3470 circumscribercm.
2165 3443 2237 3456 —-
2258 3418 2313 3467 P.
2339 3416 2441 3468 617
