2602 3928
268 248 402 286 xxiv
1112 228 1587 285 PRAEFATIO.

269 371 501 426 Anecdd.
540 383 595 435 p.
629 368 734 420 405
769 367 1039 431 firmatam,
1071 368 1336 435 praebuit3
1372 384 1466 419 nec
1502 383 1557 434 Ρ.
1587 367 1656 420 53
1689 368 1738 418 A
1773 366 2007 431 quamtis
2043 381 2323 433 pancorum
2358 368 2419 418 li-

270 444 472 493 brornm
517 438 619 489 fide
665 430 972 501 δεξαμένης
1007 451 1101 503 pro
1146 433 1455 501 δεξαμενῆς
1497 451 1737 487 revocare
1781 435 2037 502 dubitavi,
2084 438 2205 501 qnia
2245 446 2418 488 nostro

269 512 380 561 loco
415 523 517 560 non
560 514 616 557 nt
651 505 837 558 Critiae
871 520 926 572 p.
964 506 1066 557 117
1103 508 1300 557 canalis
1335 506 1667 572 significatio,
1705 505 1799 555 sed
1844 519 1907 555 ea
1944 507 2118 569 potins
2165 508 2419 570 convenit,

271 593 424 644 qnam
457 577 693 628 Timaeus
729 575 882 625 etiam
917 590 971 641 p.
1011 575 1076 626 57
1118 573 1158 624 G
1187 575 1459 641 participio
1498 568 1732 639 δεχομᾶν
1808 573 2107 625 declaravit·
2157 575 2259 640 ipsi
2295 591 2419 626 vero

269 649 385 699 Par.
395 660 475 767 lp
511 644 579 698 53
609 644 652 694 E
677 636 807 693 τόδε
841 659 935 711 pro
969 636 1121 703 τότε,
1156 657 1209 708 Ρ.
1248 645 1319 694 54
1344 645 1385 694 Β
1412 634 1574 709 λόγος
1606 658 1702 722 pro
1733 587 1769 692 Ζ
1795 634 1958 724 λόγος
1993 650 2043 693 et
2078 611 2422 708 ἑξελὲγξαντι

266 732 360 784 pro
422 714 452 765 λ
480 711 675 779 γξαντι
715 714 954 774 debetur,
991 712 1324 777 ejusdemque
1355 714 1585 779 vestigiis
1622 709 1694 775 δη
1731 719 1849 778 post
1883 706 2179 776 ανευρόντι
2215 713 2422 774 sustuli,

269 787 315 836 si
353 785 558 848 quidem
603 782 688 833 ille
725 774 803 847 μὴ
851 781 1156 840 omittendo,
1203 782 1343 844 quod
1377 784 1544 848 ipsum
1579 782 1776 848 passim
1812 796 1928 831 cnm
1960 775 2033 845 δὴ
2072 781 2420 842 confunditur,

267 856 368 906 hoc
401 870 466 904 ex
503 850 846 919 dittographia
882 851 1088 902 demum
1124 850 1393 915 irrepsisse
1435 853 1628 918 arguit3
1666 851 1884 914 deniqne
1917 865 1973 916 p.
2015 851 2083 902 55
2117 850 2161 900 D
2197 843 2333 900 ποτε
2370 858 2422 900 et

268 916 409 980 θεὸς
453 937 555 972 non
604 920 840 984 equidem
887 927 944 969 nt
990 917 1332 970 Schneider-ns
1379 920 1698 985 simpliciter,
1747 927 1968 971 attamen
2016 935 2131 970 cnm
2180 919 2422 970 cancellis

270 1010 271 1013 ¹
306 993 470 1043 riscae
502 987 817 1054 corruptelae
848 990 981 1038 notis
1017 988 1278 1044 revocavi.
1311 1015 1382 1026 -·
1411 989 1545 1041 Ibid.
1582 985 1783 1038 τοῦτον
1817 989 1886 1049 Ρ,
1915 982 2129 1039 τούτων
2164 988 2335 1040 VBST
2370 995 2422 1037 et

268 1008 637 1118 gchneidernn
672 1065 725 1107 at
747 1057 946 1107 etiamsi
967 1051 1235 1121 μεθετέον
1266 1058 1335 1108 ad
1360 1059 1585 1109 medinm
1616 1073 1821 1122 qnoque
1857 1060 2084 1109 revocari
2115 1059 2263 1120 licet,
2305 1059 2423 1123 ipsa

268 1129 518 1181 sententia
543 1141 646 1178 non
679 1133 784 1177 tam
812 1140 897 1177 res
932 1141 1085 1189 qnam
1109 1126 1368 1177 hominem
1400 1129 1530 1179 noim·
1554 1126 1807 1194 postulat,
1835 1127 2073 1178 nimirum
2104 1142 2237 1192 eum,
2267 1141 2418 1190 quem

270 1200 417 1250 aliter
456 1197 643 1248 sentire
676 1208 832 1261 posse
871 1197 1025 1247 modo
1066 1195 1259 1246 dictum
1293 1203 1419 1251 erat.
1457 1224 1530 1238 —-
1568 1198 1624 1249 P.
1662 1194 1732 1248 58
1764 1196 1815 1247 A
1848 1185 2113 1260 ἀνισότης
2152 1196 2264 1247 sine
2298 1189 2336 1259 ἡ
2371 1203 2419 1246 ο*

269 1283 324 1334 Ρ.
362 1266 432 1318 58
465 1267 510 1316 D
546 1254 837 1328 κινητικὸν
876 1278 972 1346 pro
1015 1256 1248 1328 κινητὸν
1285 1281 1350 1316 ex
1384 1267 1565 1317 eodem
1603 1264 1781 1321 Stallb.
1823 1274 1873 1316 et
1909 1264 2249 1317 Schneiderns
2280 1279 2421 1316 rece-

269 1343 480 1403 perunt,
511 1335 655 1400 prior
679 1334 833 1383 etiam
861 1325 1187 1401 αποβάλλει,
1214 1326 1426 1399 ταύτην
1455 1326 1517 1385 δὲ
1546 1342 1665 1385 ante
1693 1327 1995 1400 οἷπολέσαν,
2028 1335 2167 1398 qnod
2191 1334 2288 1385 etsi
2312 1349 2423 1385 cor-

268 1405 456 1457 rectori
491 1403 668 1454 deberi
704 1417 817 1453 cnm
852 1400 1161 1455 Schneidero
1197 1404 1439 1464 arbitror,
1480 1411 1691 1470 propter
1724 1404 1915 1456 codicis
1949 1412 2119 1455 tamen
2149 1404 2421 1454 anctorita-

269 1482 373 1524 tem
415 1480 465 1523 et
506 1473 677 1539 ipsnm
721 1486 838 1521 cnm
873 1472 1107 1523 cancellis
1142 1473 1351 1523 inserui.
1390 1500 1458 1510 —
1493 1475 1554 1526 P.
1594 1472 1662 1524 59
1691 1476 1739 1525 Α
1772 1469 1948 1537 ’ψῦξιν
1987 1488 2084 1539 pro
2113 1465 2292 1537 ’ψύξιν
2334 1471 2419 1523 vel

269 1545 380 1594 sine
415 1542 558 1593 libris
595 1538 773 1592 Stallb.
810 1548 860 1590 et
896 1539 1048 1596 Schn.
1082 1542 1409 1592 scribendum
1448 1542 1709 1603 viderunt;
1736 1543 1890 1594 iidem
1928 1557 2047 1592 vero
2084 1542 2224 1605 quod
2256 1557 2309 1608 Ρ.
2350 1539 2420 1592 59

268 1613 310 1663 Β
348 1603 411 1662 δὲ
433 1608 503 1677 τῇ
537 1618 656 1676 post
685 1601 1007 1675 πυκνότητα
1034 1625 1099 1661 ex
1131 1610 1243 1660 Par.
1280 1612 1609 1671 addiderunt,
1646 1627 1742 1678 ego
1777 1611 1918 1662 facili
1944 1611 2136 1662 Baiteri
2165 1617 2420 1662 correctn-

268 1696 355 1731 rae
393 1672 454 1729 δ’
488 1671 570 1729 ἔτι
612 1678 912 1745 posthabui,
958 1694 1061 1730 non
1104 1680 1304 1741 minns,
1345 1688 1403 1730 nt
1439 1681 1646 1746 opinor,
1686 1688 1887 1742 certae,
1927 1694 2079 1744 quam
2115 1681 2256 1744 qnod
2292 1695 2416 1730 mox

268 1766 323 1816 Ρ.
347 1749 416 1803 59
447 1747 488 1798 O
517 1750 582 1799 ab
615 1748 793 1799 eodem
819 1748 947 1799 libro
975 1748 1199 1799 oblatum
1229 1743 1669 1814 κατατιθέμενος
1699 1764 1794 1816 pro
1824 1742 2208 1814 καταθέμενος
2238 1764 2418 1813 qnam-

271 1820 352 1868 vis
397 1820 555 1869 invito
598 1816 909 1868 Schneidero
956 1833 1074 1868 cnm
1119 1816 1297 1869 Stallb.
1344 1820 1473 1869 inter
1509 1820 1681 1873 media
1725 1819 1826 1871 alia
1870 1819 2159 1884 praesentia
2191 1820 2420 1884 recipere

269 1887 438 1938 nullus
465 1887 712 1940 dubitavi.
738 1913 808 1924 -
829 1886 885 1941 P.
915 1885 984 1939 59
1013 1887 1057 1936 D
1093 1879 1317 1949 ἐφέντες
1338 1886 1465 1939 VBS
1501 1896 1550 1939 et
1577 1887 1938 1949 Schneiderns,
1977 1879 2213 1951 ἀφέντες
2239 1888 2281 1937 Τ
2305 1902 2420 1937 cnm

267 1957 334 2019 Ρ,
373 1956 559 2022 quibus
594 1963 762 2007 tamen
797 1956 1143 2022 obtemperare
1174 1971 1309 2008 nnnc
1342 1957 1509 2020 nolui,
1555 1959 1675 2022 qnia
1717 1958 1833 2024 ipsa
1870 1972 2002 2021 quae
2036 1964 2317 2021 sequnntur
2353 1955 2422 2006 ad

268 2022 494 2091 μέτριον
525 2020 623 2076 καὶ
656 2017 938 2090 φρόνιμον
976 2016 1214 2075 παιδιὰν
1248 2028 1527 2092 pertinent,
1577 2029 1662 2077 cni
1692 2027 1959 2094 indulgere
1986 2028 2282 2089 Timaeum,
2315 2041 2422 2076 non

270 2097 481 2145 missam
512 2094 677 2146 facere
707 2102 1098 2146 consentaneum
1137 2103 1240 2156 est3
1279 2110 1376 2145 nec
1410 2111 1465 2162 Ρ.
1500 2095 1569 2147 60
1608 2095 1647 2146 C
1680 2097 1819 2160 qnod
1856 2095 2031 2147 Stallb.
2070 2105 2118 2146 et
2154 2095 2310 2148 Schn.
2351 2111 2417 2145 ex

268 2167 384 2219 Par.
418 2171 721 2230 receperunt
749 2155 916 2213 κενὸν
948 2160 1002 2214 δ’
1023 2154 1316 2229 ὑπερεῖχεν
1351 2165 1618 2232 vulgatum
1650 2157 1815 2216 κενὸν
1849 2156 1900 2214 δ’
1922 2157 2174 2230 ὑπῆρχεν
2207 2166 2420 2216 veritate

270 2248 510 2299 superare
557 2234 801 2293 arbitror,
838 2240 1082 2297 sequente
1115 2235 1418 2299 praesertim
1456 2225 1670 2301 αὐτῶν,
1718 2235 1857 2298 qnod
1897 2250 2053 2301 aegre
2088 2250 2189 2297 qno
2225 2233 2423 2284 referas

269 2304 516 2357 invenias,
593 2302 801 2353 Accedit
839 2303 976 2365 qnod
1008 2316 1111 2352 non
1144 2294 1435 2367 ὑπερέχειν
1471 2304 1564 2354 sed
1599 2297 1877 2369 περιέχειν
1911 2304 2137 2355 solemne
2172 2305 2225 2353 in
2262 2317 2418 2367 qnae-

269 2372 520 2423 stionibus
545 2370 914 2437 physiologicis
950 2371 1014 2421 de
1044 2387 1206 2421 vacuo
1235 2374 1445 2422 verbnm
1468 2380 1575 2434 est,
1611 2372 1681 2427 cf.
1708 2373 1849 2424 Stob.
1885 2372 1992 2427 Ecl.
2020 2372 2169 2439 phys.
2208 2388 2262 2437 Ρ.
2294 2370 2418 2433 380,

268 2439 411 2491 Sext.
442 2440 585 2505 Emp.
613 2441 730 2494 adv.
760 2440 918 2491 Math.
941 2439 1007 2494 X.
1035 2441 1083 2503 1,
1110 2442 1297 2507 Hypot.
1328 2440 1506 2507 Pyrrh.
1533 2442 1620 2492 111.
1652 2443 1778 2502 1253
1808 2442 2026 2493 libenter
2053 2441 2212 2508 igitur
2236 2442 2415 2500 ascivi,

268 2510 406 2573 qnod
439 2510 673 2572 quamvis
702 2509 1002 2574 corrigendo
1024 2510 1227 2560 demum
1249 2511 1303 2561 in
1328 2511 1446 2565 Par.
1478 2509 1674 2561 illatum
1699 2511 2028 2581 probabiliter
2052 2518 2219 2562 tamen
2246 2511 2415 2560 locum
2451 2509 2457 2515 ’

268 2579 504 2636 restituit,
539 2570 706 2626 κενὸν
741 2569 807 2625 δ’
831 2568 902 2626 ου’
925 2581 1203 2642 περιεῖχεν
1229 2570 1403 2629 αὑτὸν
1438 2569 1623 2634 οὐδέν.
1643 2609 1715 2621 ---
1735 2581 1865 2635 Ibid.
1900 2570 2064 2646 ἄνῃει
2092 2596 2186 2646 pro
2220 2569 2415 2645 οἷνῇειν

268 2647 418 2702 codd.
473 2646 582 2697 fere
623 2647 848 2697 omnium
892 2662 1141 2698 consensu
1186 2650 1436 2714 seriptum
1482 2656 1560 2700 est
1605 2664 1699 2700 nec
1747 2649 1886 2715 vulg.
1928 2637 2001 2698 ἂν
2040 2645 2130 2713 εἴη
2175 2648 2418 2698 aliorsum

268 2716 434 2775 ducit;
470 2708 623 2772 εἶδος
649 2724 818 2766 antem
853 2730 948 2781 pro
980 2713 1147 2773 λίθος
1175 2732 1290 2768 meo
1326 2717 1550 2783 periculo
1581 2719 1749 2781 edidi,
1784 2720 1906 2781 qnia
1931 2733 2025 2769 nec
2051 2711 2181 2783 ἔχον
2211 2732 2414 2770 mascu-

268 2785 427 2835 linum
475 2799 637 2851 genus
683 2799 778 2835 nec
823 2793 928 2835 tota
967 2789 1217 2837 sententia
1252 2786 1477 2852 lapidem
1525 2788 1762 2842 admittit.
1833 2786 1962 2838 Nam
2008 2788 2160 2838 etiam
2211 2788 2259 2836 si
2296 2802 2415 2836 cum

266 2854 515 2905 Lindavio
547 2861 597 2904 et
622 2852 836 2904 Mai-tino
861 2854 1051 2904 Etudes
1082 2870 1172 2905 snr
1207 2855 1255 2907 le
1290 2856 1463 2906 Timee
1491 2870 1547 2921 p.
1566 2855 1670 2908 264
1693 2857 1973 2907 basanitem
2010 2858 2413 2922 interpretemur,

266 2924 541 2974 discrimen
588 2923 653 2973 ab
702 2923 1032 2974 antecedente
1074 2919 1251 2994 πέτρᾳ
1295 2932 1497 2990 praeter
1539 2925 1763 2975 colorem
1806 2925 2003 2975 nullum
2038 2926 2414 2985 nanciscemur,

266 2992 521 3055 iidemque
551 2992 782 3042 certatim
814 2983 957 3056 ἔχων
986 2992 1156 3059 legere
1187 2995 1348 3045 coacti
1382 3001 1525 3053 sunt;
1565 2996 1704 3057 quod
1736 2996 1781 3045 si
1817 3009 1988 3045 carere
2025 3003 2314 3045 correctura
2349 3008 2414 3042 ne

267 3063 342 3111 sic
378 3061 583 3126 quidem
627 3059 772 3110 locus
809 3067 1006 3127 potest,
1056 3070 1230 3113 nostra
1279 3064 1406 3113 duas
1442 3062 1594 3112 simul
1638 3063 1957 3114 difficultates
1998 3063 2132 3113 tollit
2166 3078 2262 3113 nec
2300 3064 2315 3112 i
2355 3076 2414 3112 sa

265 3132 510 3196 majorem
543 3129 893 3181 confusionem
928 3132 1121 3192 statuit,
1155 3147 1310 3195 quam
1346 3147 1445 3195 qna
1479 3131 1626 3197 Reip.
1650 3133 1738 3182 VI.
1776 3147 1830 3198 p.
1862 3131 1965 3183 497
1999 3116 2152 3196 ἦθος
2182 3139 2232 3182 et
2261 3124 2315 3181 εἴ
2350 3144 2413 3187 ος

265 3215 296 3250 a
327 3198 546 3250 librariis
581 3206 870 3265 permutata
901 3207 1035 3251 sunt.
1064 3226 1128 3237 -——
1154 3201 1274 3252 Mox
1307 3201 1509 3251 demum
1543 3202 1611 3252 ad
1642 3203 1757 3257 Par.
1792 3215 2028 3252 reversus
2067 3216 2181 3252 cnm
2206 3199 2413 3250 Schnei-

265 3275 385 3319 dero
416 3285 470 3335 p.
503 3268 573 3321 62
606 3269 653 3317 A
687 3262 897 3318 τούτων
925 3282 1020 3334 pro
1055 3260 1258 3336 τούτῳ,
1292 3284 1346 3334 Ρ.
1374 3269 1442 3322 62
1468 3269 1507 3320 G
1541 3267 1641 3333 τῆς
1668 3268 1769 3322 τοῦ
1792 3263 1944 3319 κάτω
1977 3284 2071 3335 pro
2102 3267 2201 3333 τῆς
2240 3260 2409 3330 κάτω,

262 3352 316 3403 p.
356 3337 423 3389 63
455 3339 494 3388 Β
531 3328 770 3406 ἐπεμβὰς
805 3353 902 3405 pro
937 3328 1252 3406 ὃπαναβοῖς,
1289 3354 1345 3403 Ρ.
1377 3337 1447 3389 64
1481 3336 1520 3387 G
1552 3335 1649 3388 καὶ
1685 3330 1786 3396 τὰς
1814 3336 2007 3402 τρίχας
2040 3356 2134 3406 pro
2168 3333 2265 3388 καὶ
2292 3335 2414 3403 τρί-

262 3420 397 3473 χας,
430 3421 485 3472 Ρ.
520 3406 590 3460 65
620 3408 662 3456 Ε
698 3398 1028 3472 λεαινόμενα
1058 3422 1150 3473 pro
1188 3397 1568 3472 λειαινόμενα,
1607 3423 1661 3475 Ρ.
1692 3408 1763 3462 66
1794 3409 1835 3458 Ε
1872 3401 2017 3472 ἔχειν
2048 3424 2141 3475 pro
2176 3408 2330 3473 σχεῖν
2361 3415 2414 3458 et
