2602 3928
237 198 309 249 55
1037 187 1491 247 ΤΙΜΑΙΟΣ.
2124 191 2249 257 373

231 359 329 434 ,θη
350 343 513 416 καθ’
539 343 793 433 ἡμέραν
816 343 1111 432 ξυμφυὶς
1129 343 1323 431 ἡμῶν
1341 352 1711 431 γίγνεσθαι.
1755 351 1963 440 ταύτῃ
1983 349 2112 440 γὰρ
2133 380 2251 422 το·-

232 448 350 533 μαὶ
382 444 506 532 μὲν
537 448 653 513 καὶ
679 444 951 523 καύσεις
977 446 1088 512 καὶ
1123 441 1248 511 ὅσα
1281 443 1448 511 ἄλλα
1473 447 1706 531 πάσχει
1727 447 1940 528 λύπας
1963 449 2099 519 οὐκ
2131 455 2249 538 ἐμ-
2288 471 2333 524 n

233 551 564 630 ποιοῦσιν,
591 540 749 611 οὐδὲ
767 540 1018 629 ἡδονάς
1049 542 1254 609 πάλιν
1279 544 1387 609 ἐπὶ
1412 540 1661 611 ταύτὸν
1694 541 2021 632 άπιούσης
2056 547 2247 636 εἶδος,
2328 625 2335 631 ,

231 643 530 728 μέγισται
552 641 625 710 δὲ
646 639 992 725 αἰσθήσεις
1011 641 1121 706 καὶ
1145 640 1549 725 σαφέσταται
1568 640 1807 711 καθότι
1840 640 1901 710 τ’
1940 640 2028 710 ἄν
2060 643 2251 733 πάθῃ

231 742 342 807 καὶ
365 738 548 806 ὅσων
575 733 664 805 ἂν
696 733 867 824 αὐτή
896 760 987 826 πῃ
1022 744 1500 825 προσβαλοῦσα
1532 738 1899 827 ἐφάπτηται
1918 767 1932 780 ·
1975 748 2089 829 βία
2120 743 2247 828 γὰρ

228 842 305 906 τὸ
330 837 607 923 πάμπαν
630 832 757 905 οὐκ
780 839 881 904 ἔνι
917 842 1001 923 τῇ
1036 839 1360 921 διακρίσει
1393 862 1463 904 τε
1494 835 1698 923 αὐτῆς
1738 841 1847 908 καὶ
1886 848 2245 929 συγκρίσει.

230 935 310 1004 τὰ
327 932 392 1005 δ’
417 938 490 1003 ἐκ
508 934 828 1021 μειζόνων
843 940 1070 1019 μερῶν
1090 935 1363 1020 σώματα
1382 933 1575 1021 μόγις
1588 945 1852 1005 εἴκοντα
1872 946 1967 1027 τῶ
1982 942 2245 1023 δρῶντι,

232 1037 610 1103 διαδιδοντα
632 1031 707 1102 δὲ
727 1037 819 1111 εἰς
838 1031 1005 1101 ὅλον
1025 1031 1144 1112 τὰς
1166 1030 1478 1120 κινήσεις,
1502 1031 1750 1120 ἡδονὰς
1781 1045 1947 1122 ἰσχει
1978 1041 2088 1105 καὶ
2122 1038 2244 1106 λύ-

230 1156 378 1218 πας,
427 1129 949 1217 ἀλλοτριούμενα
989 1127 1114 1217 μὲν
1157 1130 1393 1216 λύπας,
1438 1134 1895 1220 καθιστάμενα
1937 1133 2011 1202 δὲ
2041 1141 2134 1215 εἰς
2165 1134 2239 1203 τὸ
2269 1154 2339 1209 65

232 1230 397 1300 αὐτὸ
425 1231 630 1299 πάλιν
650 1226 917 1317 ἡδονάς.
963 1225 1090 1297 ὅσα
1124 1227 1199 1299 δὲ
1224 1228 1392 1297 κατὰ
1425 1228 1709 1317 σμικρὸν
1740 1229 1858 1310 τὰς
1890 1229 2244 1320 άποχωρή-

229 1349 367 1409 σεις
418 1331 675 1398 ἑαυτῶν
723 1329 836 1396 καὶ
891 1326 1205 1405 κενώσεις
1259 1335 1520 1414 εἴληφε,
1572 1330 1693 1408 τάς
1746 1328 1821 1397 δὲ
1876 1327 2244 1416 πληρώσεις

228 1424 488 1512 ἀθρόας
511 1424 808 1495 καὶκατὰ
830 1422 1104 1512 μεγάλα,
1128 1424 1473 1506 κενώσεως
1494 1426 1618 1512 μὲν
1638 1425 2033 1514 ἀναίσθητα,
2072 1435 2242 1515 πλη·

229 1524 497 1608 ρώσεως
531 1524 602 1593 δὲ
636 1521 988 1610 αἰσθητικά
1025 1523 1411 1609 γιγνόμενα,
1445 1523 1660 1603 λύπας
1699 1527 1826 1612 μὲν
1857 1523 1941 1593 οὐ
1976 1530 2242 1618 παρέχει

230 1630 320 1711 τῷ
349 1632 583 1711 θνητῷ
599 1630 717 1710 τῆς
739 1631 970 1711 ψυχῆς,
999 1631 1308 1711 μεγίστας
1326 1624 1399 1692 δὲ
1419 1624 1665 1711 ἡδονάς
1682 1652 1695 1666 ·
1741 1631 1878 1695 ἔστι
1901 1627 1973 1696 δὲ
1997 1632 2240 1714 ἔνδηλα

229 1724 395 1807 περὶ·
423 1717 540 1800 τάς
582 1719 879 1803 εὐωδίας.
947 1721 1076 1790 ὅσα
1121 1722 1193 1791 δὲ
1235 1721 1791 1808 ἀπαλλοτριοῦται
1833 1726 1955 1812 μὲν
1995 1723 2240 1812 άθρόα,

227 1818 396 1887 κατὰ
421 1818 665 1907 σμικρὰ
687 1820 758 1888 δὲ
779 1819 972 1905 μόγις
992 1845 1062 1887 τε
1084 1824 1175 1898 εἰς
1194 1819 1395 1889 ταύτὰ
1425 1822 1626 1890 πάλιν
1646 1823 1905 1901 ἑαυτοῖς
1924 1829 2237 1892 καθίστα·
2271 1847 2312 1897 Β

226 1943 354 2002 ται,
377 1913 773 1987 τούναντίον
794 1931 928 1998 τοῖς
948 1922 1331 2007 ἔμπροσθεν
1351 1918 1568 1989 πάντα
1590 1919 1955 1991 ἀποδίδωσι
1968 1947 1981 1960 ·
2030 1929 2241 1990 ταῦτα

227 2014 292 2082 δ’
321 2009 408 2082 αὖ
427 2017 574 2101 περὶ
598 2011 716 2096 τὰς
741 2016 1013 2097 καύσεις
1032 2018 1141 2084 καὶ
1169 2016 1376 2104 τομὰς
1396 2028 1521 2087 τοῦ
1543 2019 1843 2107 σώματος
1878 2019 2240 2107 γιγνόμενά

226 2116 364 2180 ἐστι
393 2113 746 2198 κατάδηλα.

250 2210 259 2225 “
396 2215 660 2279 XXVIII.
711 2214 844 2279 Καὶ
874 2210 955 2281 τὰ
991 2212 1116 2300 μὲν
1153 2212 1236 2300 δὴ
1271 2215 1466 2282 κοινὰ
1497 2222 1621 2283 τοῦ
1655 2214 1958 2301 σώματος
1991 2211 2240 2293 παντὸς

224 2306 610 2394 παθήματα,
635 2315 773 2376 τῶν
793 2306 857 2376 τ’
877 2311 1277 2396 ἐπωνυμιῶν
1300 2309 1455 2377 ὅσαι
1476 2326 1613 2391 τοῖς
1638 2315 1889 2396 δρῶσιν
1921 2309 2090 2380 αὐτὰ
2123 2335 2238 2396 γε-

223 2404 482 2492 γόνασι,
506 2405 745 2492 σχεδὸν
766 2416 1047 2494 εἴρηται·
1092 2406 1172 2475 τὰ
1196 2404 1258 2475 δ’
1284 2412 1358 2477 ἐν
1391 2413 1580 2488 ἰδίοις
1609 2414 1876 2495 μέρεσιν
1904 2407 2097 2496 ἡμῶν
2133 2436 2240 2494 γι-

223 2504 543 2591 γνόμενα,
569 2505 651 2573 τά
670 2530 742 2575 τε
764 2506 951 2592 πάθη
973 2506 1221 2586 καὶτὰς
1242 2513 1450 2586 αἰτίας
1472 2499 1562 2574 αὖ
1584 2514 1719 2575 τῶν
1745 2505 2084 2594 δρώντων,
2106 2531 2238 2574 πει-

98 2628 103 2630 ’
226 2609 461 2689 ρατέον
497 2608 721 2686 εἰπεῖν,
757 2601 844 2671 ἄν
883 2627 976 2692 πῃ
1018 2605 1400 2691 δυνώμεθα.
1453 2613 1723 2691 πρῶτον
1765 2597 1894 2673 οὖν
1931 2603 2057 2672 ὅσα
2098 2610 2234 2672 τῶν
2269 2624 2310 2677 0

223 2708 458 2786 χυμῶν
489 2701 638 2789 πέρι
669 2703 972 2787 λέγοντες
1005 2706 1079 2770 ἐν
1121 2717 1256 2781 τοῖς
1287 2702 1592 2789 πρόσθεν
1635 2700 2063 2789 ἀπελίπομεν,
2106 2705 2241 2770 ἴδια

229 2797 392 2867 ὅντα
411 2799 774 2886 παθήματα
797 2803 948 2884 περὶ
972 2797 1098 2887 τὴν
1129 2809 1450 2888 γλῶτταν,
1480 2804 1919 2888 ἐμφανιστέον
1950 2792 1995 2889 ᾖ
2032 2804 2242 2868 δυνα-

225 2895 365 2965 τόν.
407 2903 714 2983 φαίνεται
736 2902 807 2966 δὲ
829 2899 939 2967 καὶ
960 2906 1189 2986 ταῦτα,
1212 2898 1435 2983 (ὅσπερ
1461 2892 1590 2967 οὖν
1612 2900 1723 2968 καὶ
1757 2896 1838 2966 τὰ
1862 2899 2094 2982 πολλά,
2128 2896 2239 2967 διὰ

228 2995 645 3083 συγκρίσεών
666 2999 741 3064 τέ
756 3021 962 3064 τινων
982 2999 1095 3065 καὶ
1131 3003 1526 3085 διακρίσεων
1556 3006 1928 3085 γίγνεσθαι,
1966 2997 2132 3082 πρὸς
2161 2996 2240 3066 ’δὲ

226 3091 454 3172 αὐταῖς
473 3101 838 3179 κεχρῆσθαι
859 3092 1113 3180 μᾶλλόν
1138 3121 1203 3162 τι
1231 3104 1369 3163 τῶν
1392 3095 1613 3165 ἄλλων
1645 3095 2004 3183 τραχύτησί
2029 3120 2098 3161 τε
2131 3095 2241 3163 καὶ

224 3191 570 3277 λειότησιν.
614 3188 739 3259 ὅσα
781 3192 905 3278 μὲν
944 3191 1075 3280 γὰρ
1117 3195 1406 3263 εἰσιόντα
1451 3198 1602 3280 περὶ
1640 3193 1719 3263 τὰ
1764 3198 2022 3282 φλέβια,
2059 3185 2241 3292 οἷόνῇ

225 3312 348 3372 περ
373 3291 636 3376 δοκίμια
659 3295 777 3375 τῆς
797 3287 1088 3377 γλώττης
1108 3295 1426 3378 τεταμένα
1445 3294 1552 3362 ἐπὶ
1570 3293 1693 3379 τὴν
1715 3296 2020 3378 καρδίαν,
2050 3295 2140 3369 εἰς
2159 3301 2237 3356 τά
2279 3306 2321 3356 D

224 3387 463 3471 νοτερὰ
491 3395 607 3474 τῆς
630 3385 875 3471 σαρκὸς
899 3391 1009 3457 καὶ
1031 3387 1253 3458 ἁπαλοὶ
1281 3395 1685 3478 ἐμπίπτοντα
1707 3388 1904 3477 γήϊνα
1931 3392 2094 3475 μέρη
2119 3416 2243 3456 κα-
