2602 3928
243 266 311 319 59
1046 253 1506 313 ἸἿΜΑΙΟΣ.
2133 253 2254 318 377

246 416 464 495 πάθος
486 421 954 500 προσείπομεν,
975 411 1050 480 τό
1075 412 1147 480 δὲ
1169 421 1368 480 τοῦτο
1391 409 1926 500 ἀπεργαζόμενον
1949 417 2257 503 λαμπρόν

244 539 312 581 τε
335 515 446 581 καὶ
478 519 748 599 στίλβον
779 510 1321 596 ἐπωνομάσαμεν.
1382 508 1455 577 τὸ
1492 511 1565 579 δὲ
1600 513 1859 579 τούτων
1894 506 1982 579 αὖ
2016 515 2257 600 μεταξύ

248 609 458 697 πυρὰς
475 613 703 696 γένος,
739 605 905 693 πρὸς
922 608 1047 694 μὲν
1073 604 1147 674 τό
1177 613 1316 674 τῶν
1337 605 1654 694 ὀμμάτων
1677 606 1890 698 ὑγρὰν
1925 609 2258 695 άφικνού-
2286 627 2324 677 Β

246 737 453 799 μενον
473 713 583 784 καὶ
605 708 1106 794 κεραννύμενον
1131 703 1336 794 αύτῷ,
1384 704 1652 796 στίλβον
1687 710 1757 778 δὲ
1788 709 1892 795 οῦ,
1937 719 2020 799 τῇ
2053 710 2134 778 δὲ
2149 707 2255 778 διὰ

156 836 161 840 ’
243 814 361 894 τῆς
383 812 642 887 νοτίδος
675 804 851 894 αύγῇ
880 811 1004 873 τοῦ
1045 800 1258 890 πυρὰς
1303 810 1676 893 μιγνυμένη
1707 812 1941 894 χρῷμα
1986 813 2259 894 ἔναιμον

245 908 742 993 παρασχομένη,
798 903 1096 989 τοῦνομα
1147 900 1447 989 ἐρυθρὰν
1491 907 1784 989 λέγομεν.
1839 903 2145 991 λαμπρόν
2189 930 2259 972 τε

250 1006 525 1093 ἐρυθρῷ
545 1008 764 1091 λευκῷ
784 1028 855 1069 τε
876 1001 1287 1088 μιγνύμενον
1313 997 1570 1079 ξανθὰν
1590 1004 1855 1086 γέγονε·
1890 999 1964 1069 τὸ
1992 1002 2063 1070 δὲ
2096 1001 2259 1070 ὅσον

245 1105 488 1187 μέτρον
524 1100 739 1184 ὅσοις,
788 1096 935 1167 οὐδ’
966 1108 1032 1166 εἰ
1056 1124 1155 1175 τις
1188 1101 1388 1183 εἰδείη
1425 1105 1595 1165 νοῦν
1617 1104 1745 1183 ἔχει
1774 1097 1848 1167 τὰ
1874 1101 2111 1185 λέγειν,
2160 1093 2260 1167 οἷν

246 1199 408 1283 μήτε
429 1196 576 1266 τινὰ
609 1196 913 1283 ἀνάγκην
945 1194 1108 1281 μήτε
1149 1191 1272 1262 τὸν
1315 1194 1538 1262 εἰκότα
1580 1196 1787 1280 λόγον
1831 1199 1943 1263 καὶ
1984 1203 2260 1283 μετρίως

246 1296 338 1363 ἄν
358 1323 455 1375 τις
488 1303 696 1365 εἰπεῖν
730 1306 830 1382 εἴη
859 1293 1162 1372 δυνατός.
1202 1292 1502 1380 ἐρυθρὰν
1543 1293 1618 1362 δὲ
1663 1293 1744 1380 δὴ
1788 1298 2021 1381 μέλανι
2042 1303 2260 1385 λευκῷ

252 1419 322 1460 τε
342 1392 597 1477 κραθὲν
626 1391 989 1478 ἁλουργόν·
1035 1389 1367 1475 ὄρφνινον
1392 1392 1497 1474 δέ,
1542 1390 1705 1458 ὅταν
1738 1389 1997 1470 τούτοις
2026 1403 2261 1479 μεμιγ-
2296 1420 2334 1473 0

249 1495 473 1578 μένοις
504 1497 820 1560 καυθεῑσί
837 1516 906 1557 τε
939 1496 1200 1575 μᾶλλον
1234 1497 1591 1575 συγκραθῇ
1624 1493 1848 1573 μέλαν.
1890 1489 2155 1574 πυρρὸν
2190 1492 2260 1559 δὲ

248 1593 507 1669 ξανθοῦ
537 1614 607 1656 τε
643 1590 753 1656 καὶ
780 1592 989 1673 φαιοῦ
1022 1585 1256 1672 κράσει
1288 1592 1613 1670 γίγνεται,
1659 1584 1864 1671 φαιὸν
1905 1586 1978 1654 δὲ
2013 1595 2262 1656 λευκοῦ

247 1711 318 1753 τε
351 1688 460 1753 καὶ
494 1689 804 1772 μέλανος,
847 1684 921 1752 τὸ
959 1686 1031 1752 δὲ
1064 1680 1282 1770 ὥχρόν
1301 1690 1550 1751 λευκοῦ
1570 1687 1803 1773 ξανθῷ
1823 1689 2255 1770 μιγνυμένου.

247 1791 526 1872 λαμπρῷ
549 1783 620 1852 δὲ
640 1780 885 1851 λευκὸν
907 1778 1240 1862 ξυνελθὸν
1260 1782 1372 1848 καὶ
1396 1785 1487 1859 εἰς
1515 1782 1723 1865 μέλαν
1754 1783 2114 1865 κατακορὲς
2149 1785 2265 1868 ἐμ-

252 1879 462 1947 πεσὸν
484 1887 784 1949 κυανοῦν
809 1887 1038 1968 χρῷμα
1062 1878 1500 1967 ἀποτελεῖται,
1525 1886 1784 1948 κυανοῦ
1813 1878 1884 1947 δὲ
1905 1886 2123 1971 λευκῷ
2149 1908 2265 1967 κεε

245 1982 676 2066 ’ραννυμένου
709 1981 1028 2065 γλαυκόν,
1063 1988 1329 2064 πυρροῦ
1364 1979 1437 2048 δὲ
1473 1980 1705 2066 μέλανι
1737 1977 2042 2062 πράσιον.
2086 1977 2165 2046 τά
2190 1982 2261 2048 δὲ

247 2075 412 2145 ἄλλα
435 2076 564 2145 α’πὸ
588 2078 848 2145 τούτων
870 2074 1110 2163 σχεδὸν
1132 2081 1331 2163 δῆλα,
1369 2071 1471 2156 αἷς
1501 2072 1589 2144 ἄν
1611 2073 2115 2163 α’φομοιούμενα
2150 2083 2260 2164 μί-
2285 2093 2327 2143 D

250 2180 387 2254 ξεσι
410 2175 714 2256 διασώζοι
746 2174 867 2244 τὸν
890 2175 1111 2244 εἰκότα
1144 2183 1392 2260 μῦθον.
1460 2182 1523 2244 εἰ
1566 2180 1641 2243 δέ
1667 2202 1765 2255 τις
1797 2175 2055 2244 τούτων
2088 2182 2259 2267 ἔργῳ

249 2273 704 2359 σκοπούμενος
725 2274 1024 2361 βάσανον
1047 2273 1414 2360 λαμβάνοι,’
1436 2271 1511 2341 τὸ
1537 2280 1652 2358 τῆς
1684 2270 2115 2361 ἀνθρωπίνης
2146 2279 2258 2343 καὶ

246 2377 437 2450 θείας
459 2372 726 2457 φύσεως
745 2369 1091 2459 ἠγνοηκώς
1110 2367 1197 2440 ἄν
1218 2382 1318 2459 εἰη
1340 2371 1689 2457 διάφορον,
1724 2370 1826 2439 ὅτι
1853 2372 2014 2452 θεὸς
2036 2374 2160 2459 μὲν
2179 2375 2259 2441 τὰ

247 2465 460 2536 πολλὰ
482 2474 573 2547 εἰς
595 2473 672 2537 ἓν
697 2468 1229 2557 ξυγκεραννύναι
1261 2473 1373 2537 καὶ
1408 2469 1611 2537 πάλιν
1642 2472 1709 2549 ἐξ
1742 2467 1891 2548 ἑνὸς
1923 2475 2016 2549 εἰς
2050 2469 2260 2539 πολλοὶ

249 2566 543 2634 διαλύειν
573 2571 817 2646 ίκανῷς
849 2567 1280 2653 ἐπιστάμενος
1315 2566 1451 2653 ἅμα
1483 2569 1593 2634 καὶ
1624 2567 1941 2652 δυνατός,
1986 2564 2264 2651 ἀνθρώ-

248 2684 397 2730 πων
438 2663 509 2732 δὲ
552 2661 769 2743 οὐδεὶς
810 2664 1126 2750 οὐδέτερα
1178 2664 1441 2733 τούτων
1484 2664 1711 2742 ἱκανὸς
1754 2663 1909 2732 οὔτε
1951 2669 2089 2732 ἔστι
2133 2669 2263 2733 νῦν

249 2757 397 2826 οὔτ’
443 2767 743 2841 εἰσαῦθίς
781 2759 934 2831 ποτ’
969 2769 1166 2831 ἔσται.
1226 2771 1435 2830 ταῦτα
1478 2760 1559 2847 δὴ
1602 2762 1820 2829 πάντα
1863 2763 2014 2829 τότε
2056 2764 2264 2851 ταύτῃ
2296 2785 2339 2835 Ε

247 2862 595 2946 πεφυκότα
618 2866 684 2941 ἐξ
711 2860 1004 2949 ἀνάγκης
1026 2860 1061 2932 ὁ
1085 2868 1210 2931 τοῦ
1231 2869 1588 2932 καλλίστου
1607 2888 1678 2930 τε
1708 2864 1818 2931 καὶ
1842 2860 2120 2951 άρίστου
2142 2869 2260 2983 δη-

244 2956 568 3043 μιουργός
601 2962 678 3027 ἐν
707 2975 845 3040 τοῖς
878 2962 1293 3046 γιγνομένοις
1338 2961 1871 3059 παρελάμβανεν,
1905 2958 2102 3047 ἡνίκα
2143 2960 2262 3030 τόν

248 3053 545 3143 αὐτάρκη
581 3082 652 3125 τε
684 3061 792 3126 καὶ
831 3057 954 3125 τὸν
983 3058 1388 3126 τελεώτατον
1420 3040 1590 3127 θεὸν
1624 3061 1878 3145 ἐγέννα,
1928 3059 2267 3145 χρώμενος

118 3216 127 3219 ff
247 3179 372 3238 μεν
392 3167 532 3232 ταῖς
551 3156 700 3241 περὶ
721 3162 928 3223 ταῦτα
945 3161 1176 3234 αἰτίαις
1192 3153 1697 3243 ὑπηρετούσαις,
1719 3153 1792 3223 τὸ
1816 3156 1887 3224 δὲ
1908 3182 1985 3223 ευ
2008 3181 2265 3223 τεκται-

246 3252 530 3337 νόμενος
551 3256 625 3320 ἐν
645 3261 807 3320 πᾶσι
837 3268 972 3332 τοῖς
1007 3254 1421 3340 γιγνομένοις
1455 3252 1672 3333 αὐτός.
1732 3252 1834 3321 διό
1872 3252 1951 3339 δὴ
1992 3250 2113 3338 χρὴ
2151 3251 2258 3320 δύ’

247 3355 456 3428 αἰτίας
479 3355 620 3437 εἴδη
666 3355 1103 3438 διορίζεσθαι,
1145 3351 1218 3420 τό
1241 3352 1365 3438 μὲν
1398 3350 1784 3436 ἀναγκαῖον,
1840 3348 1915 3417 τὸ
1951 3353 2023 3416 δὲ
2050 3359 2263 3435 θεῖον,

243 3448 356 3517 καὶ
376 3447 450 3516 τὸ
475 3450 599 3535 μὲν
616 3458 811 3519 θεῖον
828 3453 900 3517 ἐν
934 3448 1137 3518 ἅπασι
1163 3455 1374 3535 ζητεῖν
1409 3450 1696 3537 κτήσεως
1724 3450 1917 3516 ἕνεκα
1953 3442 2267 3533 εὐδαίμο-
