2602 3928
343 229 430 293 84
1057 233 1267 291 ΠΛΛ
1290 232 1633 292 ΤΩΝΟΣ

346 412 508 459 πασι
532 392 654 478 μὲν
675 385 835 479 οὖν,
861 398 1008 478 ἔφη.
1087 384 1216 474 Ἆρ’
1244 383 1371 458 οὖν
1394 389 1831 477 ούπανταχοῦ
1852 398 2059 458 ταῦτα
2081 391 2359 458 διωκτέα

347 505 483 569 τοῖς
503 492 703 575 νέοις,
749 494 810 557 εί
826 493 1143 575 μέλλουσι
1162 484 1235 554 τό
1262 484 1489 554 αὑτῶν
1511 488 1853 570 πράττεινς
1897 490 2204 559 Διωκτέα
2236 489 2360 574 μὲν

210 601 312 656 401
348 578 494 659 οὖν.
565 584 746 656 ’Ἐστι
787 588 859 656 δὲ
899 588 981 671 γέ
1011 612 1147 653 που
1185 584 1440 671 πλήρης
1482 585 1605 671 μὲν
1645 585 1939 672 γραφικὴ
1984 583 2207 653 αὐτῶν
2249 587 2362 654 καὶ

345 694 526 755 πασα
545 683 586 771 ἡ
610 683 882 770 τοιαύτη
906 687 1335 771 δημιουργία,
1360 681 1613 769 πλήρης
1635 681 1765 753 δὲ
1728 681 2064 770 υφαντικὴ
2086 686 2198 752 καὶ
2219 708 2357 750 ποι-

345 789 520 853 κιλία
563 785 673 851 καὶ
708 786 1051 867 οἰκοδομία
1086 782 1194 847 καὶ
1231 788 1411 847 πᾶσα
1434 772 1524 847 αὖ
1561 777 1606 866 ἡ
1654 788 1789 847 τῶν
1832 780 2057 851 ἄλλων
2097 787 2358 849 σκευῶν

345 886 654 970 ἐργασία,
703 885 798 949 ἔτι
830 876 959 948 δὲ’
925 907 968 965 η
1005 887 1141 946 τῶν
1164 877 1493 964 σωμάτων
1528 878 1729 964 φύσις
1760 880 1926 947 καὶ
1890 907 1931 965 η
1965 886 2102 947 τῶν
2135 877 2360 949 ἄλλων

346 987 614 1065 φυτῶν·
641 981 714 1045 ἐν
738 985 900 1044 πασι
920 976 1049 1061 γὰρ
1071 974 1330 1053 τούτοις
1353 983 1608 1044 ἔνεστιν
1623 973 2085 1062 εὐσχημοσύνη
2109 974 2153 1062 ἢ
2165 975 2359 1061 ἀσχη-

348 1078 628 1163 μοσύνη.
690 1079 800 1143 καὶ
834 1073 876 1161 ἡ
903 1077 1025 1160 μὲν
1060 1072 1486 1161 ἀσχημοσύνη
1509 1076 1621 1142 καὶ
1648 1072 1998 1162 ἀρρυθμία
2025 1071 2198 1143 καὶ’
2158 1100 2357 1158 αναρ-

349 1180 585 1262 μοστία
607 1180 1001 1257 κακολογίας
1023 1174 1131 1241 καὶ
1152 1179 1554 1259 κακοηθείας
1577 1171 1870 1259 ἀδελφά,
1903 1170 1984 1240 τὰ
2008 1170 2066 1240 δ’
2094 1176 2359 1241 ἐναντία

351 1281 475 1340 τοῦ
498 1276 841 1356 ἐναντίου,
887 1272 1240 1358 σώφρονός
1268 1298 1339 1339 τε
1373 1273 1487 1339 καὶ
1517 1268 1786 1357 ἀγαθοῦ
1809 1271 2057 1358 ἤθους,
2104 1269 2359 1356 ἀδελφά
2390 1275 2393 1278 ’

348 1394 422 1434 τε
447 1370 558 1435 καὶ
575 1368 930 1454 μιμήματα.
1016 1375 1371 1447 Παντελῶς
1391 1371 1514 1455 μὲν
1547 1359 1707 1453 οὖν,
1752 1373 1899 1454 ἔφη.

280 1484 320 1533 Β
517 1469 646 1532 XII.
687 1457 812 1552 Αρ’
840 1460 968 1535 οὖν
993 1482 1125 1546 τοῖς
1154 1481 1454 1552 ποιηταῖς
1469 1463 1629 1553 ἡμῖν
1656 1464 1870 1551 μόνον
1903 1469 2360 1552 ἐπιστατητέον

348 1565 458 1631 καὶ
478 1567 1108 1649 προσαναγκαστέον
1140 1565 1266 1650 τὴν
1299 1572 1422 1631 τοῦ
1456 1561 1978 1649 ἄγαθοῦείκόνα
2001 1563 2215 1650 ἤθους
2243 1566 2362 1650 ἐμ·-

348 1675 564 1728 ποιεῖν
585 1674 723 1740 τοῖς
747 1663 1116 1748 ,ποιήμασιν
1138 1657 1193 1747 ἦ
1227 1658 1319 1747 μὴ
1343 1658 1491 1747 παρ’
1527 1658 1688 1747 ἡμῖν
1721 1675 1969 1747 ποιεῖν,
2016 1656 2061 1747 ἦ
2095 1663 2362 1740 καὶτοῖς

351 1754 578 1838 ἄλλοις
599 1761 1516 1847 δημιουργοῖςὲπιστατητέον
1537 1760 1648 1827 καὶ
1669 1761 2117 1827 διακωλυτέον
2136 1756 2210 1826 τὰ
2236 1785 2360 1826 κα-

349 1855 597 1942 κόηθες
621 1865 820 1925 τοῦτο
845 1859 955 1926 καὶ
982 1854 1354 1935 ἀκόλαστον
1390 1857 1501 1923 καὶ
1538 1850 1991 1939 ἀνελεύθερον
2023 1859 2135 1924 καὶ
2155 1855 2361 1944 ἄσχη-

350 1981 481 2040 μον
514 1954 674 2040 μήτε
707 1958 779 2022 έν
813 1953 1018 2024 εἰκόσι
1063 1953 1250 2034 ζωων
1288 1951 1452 2038 μήτε
1483 1956 1559 2021 ἐν
1591 1954 2068 2042 οἰκοδομήμασι
2101 1955 2265 2042 μήτε
2287 1959 2356 2023 ἐν

350 2050 550 2170 ἅἩλλφ
571 2055 804 2137 μηδενὶ
845 2053 1438 2139 δημιουργουμένῳ
1482 2052 1809 2138 ἐμποιεῖν,
1856 2079 1899 2139 η
1922 2051 1955 2120 ὁ
1993 2051 2081 2139 μὴ
2116 2048 2256 2131 οἷός
2287 2078 2358 2121 τε

353 2174 450 2215 ων
473 2145 598 2215 οὐκ
634 2151 853 2226 ἐατέος
887 2145 1035 2232 παρ’
1060 2146 1221 2233 ημῖν
1256 2152 1793 2234 δημιουργεῖν,”
1762 2175 1873 2215 ινα
1906 2175 1995 2236 μη
2034 2153 2109 2217 έν
2129 2156 2358 2227 κακίας

355 2246 565 2313 εἰκόσι
587 2245 988 2331 τρεφόμενοι
1000 2242 1159 2330 ημῖν
1175 2249 1242 2312 oi
1253 2245 1547 2330 φύλακες
1571 2243 1793 2332 ῶσπερ
1816 2248 1892 2313 έν
1904 2272 2075 2335 κακη
2044 2245 2359 2337 βοτάνῃ,

280 2357 318 2409 G
348 2341 560 2410 πολλὰ
589 2342 862 2429 ἑκάστης
882 2340 1128 2429 ἡμέρας
1149 2369 1316 2411 κατα
1340 2341 1621 2430 σμικρὰν
1655 2341 1784 2410 άπὸ
1816 2351 2083 2419 πολλῶν
2118 2344 2360 2431 δρεπό-

347 2446 542 2526 μενοί
556 2466 627 2508 τε
647 2443 757 2509 καὶ
777 2440 1131 2528 νεμόμενοι
1145 2492 1163 2524 ,
1207 2443 1282 2509 ἔν
1303 2468 1365 2508 τι
1386 2440 1808 2522 ξυνιστάντες
1826 2441 2217 2511 λανθάνωσι
2237 2471 2358 2512 κα·-

347 2538 473 2606 κὸν
494 2544 660 2624 μέγα
683 2542 755 2607 ἐν
781 2547 862 2628 τῇ
885 2538 1110 2606 αὐτῶν
1129 2545 1307 2626 ψυχῇ
1327 2564 1340 2579 ·
1365 2536 1514 2606 ἀλλ’
1540 2541 1836 2617 ἐκείνους
1870 2544 2176 2627 ζητητέον
2205 2542 2362 2621 τοὺς

348 2634 796 2724 δημιουργοὺς
818 2635 974 2715 τοὺς
999 2633 1270 2722 εὐφυῶς
1297 2638 1713 2722 δυναμένους
1745 2638 2034 2723 ἰχνεύειν
2072 2639 2198 2726 τὴν
2239 2649 2363 2709 τοῦ

346 2743 558 2805 καλοῦ
600 2760 670 2802 τε
713 2736 822 2802 καὶ
866 2731 1271 2822 εὐσχήμονος
1299 2735 1544 2821 φύσιν,
1586 2732 1679 2801 ἵν’
1710 2734 1932 2819 ῶσπερ
1975 2741 2051 2804 έν
2089 2735 2365 2826 ὑγιεινῷ

346 2833 527 2924 τόπῳ
557 2839 896 2911 οἰκοῦντες
925 2836 995 2900 οἶ
1013 2837 1155 2901 νέοι
1187 2831 1318 2902 άπό
1356 2831 1602 2912 παντὸς
1640 2830 2057 2921 ὠφελῶνται,
2104 2834 2363 2904 ὁπόθεν

348 2928 437 3000 ἄν
479 2932 705 3011 αὐτοῖς
735 2930 864 2999 ἀπὸ
909 2940 1046 3000 τῶν
1097 2940 1324 3001 καλῶν
1360 2937 1575 3017 ἔργων
1607 2928 1653 3019 ἦ
1700 2932 1868 3019 πρὸς
1912 2933 2072 3015 ὅφιν
2107 2931 2153 3022 ἢ
2196 2936 2364 3021 πρὸς

346 3027 558 3119 άκοήν
587 3058 650 3099 τι
686 3031 1065 3119 προσβάλῃ,
1128 3030 1352 3116 ῶσπερ
1378 3030 1882 3118 αὔραφέρουσα
1899 3031 2029 3101 ἀπὸ
2058 3042 2362 3121 χρηστῶν

277 3154 319 3204 ι)
349 3129 577 3198 τόπων
598 3127 888 3215 ὑγίειαν,
914 3132 1024 3197 καὶ
1056 3126 1264 3208 εὐθὺς
1287 3134 1359 3196 ἐκ
1382 3136 1640 3199 παίδων
1664 3131 1974 3219 λανθάνῃ
2012 3137 2103 3209 είς
2133 3129 2361 3218 ὁμοιό-

345 3228 507 3313 τητά
534 3253 603 3295 τε
623 3230 733 3295 καὶ
755 3235 986 3313 φιλίαν
1008 3231 1117 3296 καὶ
1139 3231 1533 3314 ξυμφωνίαν
1558 3235 1651 3317 τῷ
1672 3238 1852 3319 καλῷ
1867 3229 2042 3319 λόγῳ
2065 3229 2362 3316 ἅγουσας

343 3323 538 3395 Πολύ
566 3325 697 3412 γὰρ
720 3323 841 3410 ἄν,
865 3330 993 3412 ἔφη
1010 3377 1027 3409 ,
1049 3324 1362 3394 κάλλιστα
1398 3325 1575 3395 οὕτω
1618 3342 1948 3413 τραφεῖεν.
2025 3322 2166 3413 ’Ἆρ’
2212 3321 2361 3414 οὖν,

342 3416 430 3510 ἦν
473 3424 541 3494 δ’
577 3425 708 3511 ἐγώ
724 3477 741 3510 ,
796 3417 852 3493 ῶ
900 3424 1265 3509 Γλαύκων,
1321 3425 1582 3495 τούτων
1626 3427 1824 3494 ἕνεκα
1873 3426 2245 3513 κυριωτάτη
2287 3431 2362 3496 ἐν
