2602 3928
277 267 373 321 135
1079 252 1447 311 ΜΙΝΩΣ.
2160 249 2285 313 453

273 418 437 505 στὴν
461 414 631 485 εἶναι
650 420 773 482 τοῦ
798 411 989 490 Διός·
1034 409 1202 479 ἀλλὰ
1238 414 1405 499 τῶδε
1443 409 1526 478 ἄν
1561 438 1656 489 τις
1688 419 2013 502 τεκμηρίῳ
2049 420 2284 502 χρῷτο,

273 515 378 586 ὅτι
413 509 613 584 ούδὲν
649 514 962 598 λέγουσιν
1004 514 1073 578 οί
1114 508 1330 589 οὕτως
1375 505 1973 597 ὑπολαμβάνοντες.
2021 520 2287 580 πολλῶν
2318 540 2423 593 320

272 612 401 700 γὰρ
424 611 640 682 ὄντων
673 609 1079 698 ἀνθρώπων,
1112 610 1223 676 καὶ
1254 605 1587 693 Ἑλλήνων
1619 613 1730 677 καὶ
1755 608 2138 697 βαρβάρων,
2162 609 2287 676 οὐκ

273 719 454 781 ἔστιν
489 716 725 789 οἵτινες
759 708 1108 795 ἀπέχονται
1136 713 1526 794 συμποσίων
1560 710 1671 777 καὶ
1706 709 1950 797 ταύτης
1982 715 2099 796 τῆς
2134 733 2288 775 παι-

275 816 439 896 διᾶς,
480 803 565 879 οὔ
595 815 775 878 ἔστιν
809 807 1007 892 οἶνος,
1046 807 1237 876 ἄλλοι
1270 802 1318 893 ἢ
1347 814 1602 895 Κρῆτες
1632 813 1741 876 καὶ
1778 808 2288 896 Λακεδαιμόνιοι

276 911 595 996 δεύτεροι,
619 908 954 996 μαθόντες
976 905 1154 992 παρὰ
1176 914 1481 993 Κρητῶν.
1528 909 1602 974 ἐν
1620 906 1852 996 Κρήτῃ
1873 906 1945 976 δὲ
1968 902 2058 987 εἷς
2086 900 2288 986 οὗτός

275 1013 411 1077 ἐστι
443 1017 579 1076 τῶν
605 1008 828 1076 ἄλλων
852 1007 1102 1091 νόμων,
1128 1000 1246 1082 οὓς
1280 1010 1520 1083 Μίνως
1548 1010 1775 1091 ἔθηκε,
1808 1002 1897 1092 μή
1932 1013 2286 1092 συμπίνειν

275 1105 581 1192 ἀλλήλοις
627 1112 719 1184 είς
759 1108 997 1191 μέθην.
1053 1108 1270 1172 καίτοι
1313 1106 1520 1188 δῆλον
1564 1102 1689 1189 ὅτι,
1734 1099 1780 1169 ἃ
1817 1103 2070 1189 ἐνόμιζε
2113 1101 2285 1171 καλοὶ

276 1202 464 1290 εἶναι,
488 1210 697 1271 ταῦτα
716 1200 965 1287 νόμιμα
988 1205 1189 1286 ἔθηκε
1202 1203 1459 1278 καὶτοῖς
1479 1198 1704 1275 αὐτοῦ,
1713 1206 2021 1279 πολίταις.
2051 1197 2134 1268 οὐ
2155 1201 2286 1286 γάρ

275 1324 429 1386 που,
456 1297 677 1387 ῶσπερ
713 1324 788 1384 γε
821 1305 1078 1384 φαῦλος
1103 1296 1489 1385 ἅνθρωπος,
1526 1294 1561 1363 ὁ
1602 1303 1838 1376 Μίνως
1874 1296 2126 1384 ἐνόμιζε
2165 1298 2288 1382 μὲν
2318 1332 2357 1382 B

274 1400 487 1485 ἕτερα,
522 1400 727 1466 ἐποίει
763 1400 834 1464 δὲ
868 1395 1036 1465 ἄλλα
1070 1393 1233 1480 παρ’
1279 1392 1324 1462 δι’
1360 1396 1685 1480 ἐνόμιζεν·
1728 1393 1877 1464 ἄλλ’
1922 1389 2011 1481 ἦν
2044 1394 2209 1482 αὕτη
2243 1392 2285 1483 ἦ
2318 1409 2323 1414 ’
2393 1463 2397 1467 Α

275 1500 624 1578 συνουσία,
660 1494 881 1579 ῶσπερ
924 1490 1052 1579 ἐγώ
1099 1496 1289 1579 λέγω,
1336 1490 1444 1561 διὰ
1486 1494 1707 1580 λόγων
1746 1496 1848 1562 ἐπὶ
1892 1498 2155 1582 παιδείᾳ
2199 1502 2290 1574 είς

278 1590 541 1680 ἀρετήν.
588 1590 757 1660 ὅθεν
778 1589 857 1678 δὴ
883 1595 991 1659 καὶ
1015 1589 1172 1670 τούς
1193 1592 1444 1678 νόμους
1463 1594 1742 1672 τούτους
1761 1598 1966 1679 ἔθηκε
1998 1608 2135 1673 τοῖς
2162 1592 2290 1661 αὑ-

277 1699 401 1759 τοῦ
421 1697 738 1777 πολίταις,
762 1689 845 1758 δι’
877 1687 997 1770 οὓς
1016 1689 1063 1777 ἥ
1082 1717 1153 1760 τε
1173 1690 1406 1777 Κρήτη
1426 1688 1548 1759 τὸν
1569 1691 1784 1759 πάντα
1803 1692 2051 1777 χρόνον
2073 1689 2288 1774 εὐδαι-

214 1819 219 1823 ·
277 1801 474 1874 μονεϊ
499 1790 611 1857 καὶ
639 1794 1098 1875 Λακεδαίμων,
1143 1785 1267 1874 ἀφ’
1293 1781 1383 1857 οὖ
1410 1788 1651 1875 ἤρξατο
1684 1790 1943 1868 τούτοις
1978 1798 2287 1878 χρῆσθαι,

279 1883 394 1952 ἅτε
416 1891 626 1964 θείοις
647 1877 813 1953 οὖσι.

445 1989 571 2053 XV.
613 1980 1069 2071 Ῥαδάμανθυς
1102 1984 1173 2053 δὲ
1207 1982 1466 2070 ἀγαθὰς
1497 1985 1619 2071 μὲν
1649 1977 1737 2073 ἦν
1769 1983 1971 2071 ἀνήρ·
2019 1988 2291 2054 ἐπεπαί-

280 2089 472 2150 δευτο
496 2079 624 2169 γὰρ
659 2079 789 2150 ὑπὸ
819 2090 941 2150 τοῦ
964 2089 1166 2149 Μίνω
1186 2107 1200 2120 ·
1243 2084 1674 2150 ἐπεπαίδευτο
1711 2084 1938 2169 μέντοι
1972 2079 2094 2168 ούχ
2124 2080 2292 2168 ὅλην

278 2181 401 2266 τὴν
422 2179 778 2267 βασιλικὴν
798 2183 1055 2265 τέχνην,
1091 2178 1239 2247 ἀλλ’
1277 2178 1645 2267 ὑπηρεσίαν
1674 2189 1754 2268 τῇ
1775 2188 2103 2269 βασιλικῇ,
2129 2179 2293 2247 ὅσον
2327 2211 2366 2262 0

281 2284 644 2347 ἐπιστατεῖν
667 2283 738 2346 ἐν
761 2291 895 2357 τοῖς
916 2282 1387 2365 δικαστηρίοις·
1434 2276 1603 2346 ὅθεν
1636 2281 1746 2346 καὶ
1779 2276 2091 2366 δικαστὴς
2126 2276 2295 2365 ἄγα-

279 2380 406 2457 θός
427 2381 662 2463 ἐλέχθη
687 2375 871 2443 εἶναι.
918 2375 1341 2461 νομοφύλακι
1361 2373 1490 2463 γὰρ
1517 2373 1700 2467 αύτῷ
1719 2380 1948 2463 ἐχρῆτο
1985 2374 2020 2446 ὁ
2054 2382 2294 2456 Μίνως

281 2476 446 2544 κατὰ
468 2473 541 2543 τό
571 2474 759 2560 ἄστυ,
782 2472 863 2542 τὰ
888 2473 959 2542 δὲ
984 2472 1150 2542 κατὰ
1174 2474 1298 2562 την
1331 2473 1542 2561 ἄλλην
1564 2474 1839 2562 Κρήτην
1874 2483 1979 2564 τῷ·
1998 2475 2209 2563 Τάλςο.
2256 2472 2291 2542 ὅ

278 2573 408 2660 γὰρ
457 2573 684 2651 Τάλως
722 2573 861 2660 τρὶς
890 2571 1148 2661 περιῄει
1188 2580 1312 2639 τοῦ
1347 2575 1658 2640 ἐνιαυτοῦ
1693 2570 1862 2640 κατὰ
1895 2571 2012 2652 τὰς
2047 2573 2294 2659 κῶμας,

281 2672 640 2758 φυλάττων
652 2670 811 2750 τούς
825 2670 1075 2757 νόμους
1095 2674 1170 2739 ἐν
1191 2669 1440 2757 αὐταῖς,
1457 2675 1530 2739 ἐν
1550 2681 1813 2757 χαλκοῖς
1831 2678 2297 2758 γραμματείοις

282 2776 451 2857 ἔχων
473 2772 972 2858 γεγραμμένους
1000 2768 1160 2849 τούς
1190 2770 1464 2856 νόμους,
1499 2768 1666 2837 ὅθεν
1697 2774 1986 2856 χαλκοῦς
2019 2769 2293 2861 ἐκλήθη.

284 2879 500 2957 εἴρηκε
540 2871 611 2938 δὲ
654 2871 765 2936 καὶ
800 2870 1099 2949 Ἡσίοδος
1144 2867 1400 2955 ἀδελφὰ
1447 2867 1706 2937 τούτων
1747 2874 1840 2948 εἰς
1874 2865 1996 2936 τὸν
2030 2875 2293 2938 Μίνων.
2319 2888 2362 2936 D

282 2971 602 3054 μνησθεὶς
622 2967 752 3054 γὰρ
775 2964 985 3035 αὐτοῦ
1005 2975 1131 3035 τοῦ
1164 2964 1491 3053 ὀνόματος
1513 2973 1720 3055 φησίν

537 3063 610 3145 ὃς
632 3066 1101 3153 βασιλεύτατος
1121 3068 1350 3151 γένετο
1381 3074 1657 3153 θνητῶν
1681 3066 2041 3153 βασιλήων,

535 3164 648 3232 καὶ
669 3170 996 3232 πλείστων
1014 3162 1263 3250 ἤνασσε
1290 3163 1729 3248 περικτιόνων
1752 3162 2159 3251 ἀνθρώπων,

532 3260 749 3350 Ζηνὸς
778 3266 945 3348 ἔχων
977 3268 1345 3349 σκῆπτρον·
1386 3269 1476 3352 τῷ
1510 3265 1620 3331 καὶ
1643 3266 1901 3330 πολέων
1923 3266 2252 3348 βασίλευε.

282 3362 392 3429 καὶ
415 3350 612 3439 οὗτος
638 3363 813 3445 λέγει
844 3359 919 3427 τό
947 3367 1068 3427 τοῦ
1095 3358 1263 3439 Διὸς
1297 3369 1636 3447 σκῆπτρον
1671 3357 1870 3428 οὐδὲν
1901 3357 2064 3427 ἄλλο
2101 3355 2146 3446 ἦ
2175 3361 2298 3446 τὴν

281 3465 585 3530 παιδείαν
611 3458 734 3548 τὴν
755 3466 877 3528 τοῦ
900 3460 1085 3546 Διός,
1110 3453 1154 3549 ᾗ
1181 3461 1432 3543 εὔθυνε
1453 3458 1578 3547 τὴν
1598 3458 1889 3546 Κρήτην.
