2602 3928
364 191 488 257 130
1099 194 1669 252 ΠΛΑΤΩΝΟΣ

290 376 331 430 υ
363 356 483 423 ἕνα
527 355 829 436 ἕκαστον,
876 351 1039 421 ὅταν
1082 350 1292 421 αὐτοῦ
1341 352 1415 421 τὸ
1452 352 1804 439 θυμοειδὲς
1841 354 2126 441 διασῶζῃ
2162 353 2271 421 διά
2310 380 2380 423 τε

363 461 597 520 λυπῶν
619 454 726 519 καὶ
749 451 1018 537 ἡδονῶν
1037 448 1112 518 τὸ
1131 449 1262 518 ὑπὸ
1286 459 1410 518 τοῦ
1433 454 1641 537 λόγου
1662 452 2132 535 παραγγελθὲν
2156 450 2379 519 δεινόν

363 576 433 618 τε
455 551 564 618 καὶ
587 551 696 637 μή.
737 547 995 632 Ὀρθῶς
1017 546 1113 634 γ’,
1140 555 1287 635 ἔφη.
1339 549 1582 633 Σοφὸν
1618 551 1696 616 δέ
1726 573 1802 633 γε
1836 550 2066 637 ε’κείνφ
2099 555 2191 637 τῷ
2227 568 2375 633 σμι-

365 655 505 736 κρῷ
527 648 730 733 με’ρει,
752 655 847 736 τῷ
871 643 910 713 ὃ
928 640 1093 731 ἦρχέ
1109 644 1175 712 τ’
1202 648 1276 712 ἐν
1298 643 1482 734 αὐτῷ
1515 648 1624 713 καὶ
1660 654 1865 712 ταῦτα
1900 644 2376 732 παρήγγελλεν,

365 750 512 830 ἕχον
536 737 624 811 αὖ
645 741 912 812 κάκεῖνο
930 745 1290 829 ἐπιστήμην
1315 748 1385 809 ἐν
1408 741 1592 830 αὐτῷ
1613 741 1738 828 τὴν
1771 751 1893 810 τοῦ
1928 745 2378 829 ξυμφέροντος
2476 764 2482 768 ·

269 919 275 924 ,
364 842 615 931 ἑκάστω
636 866 706 907 τε
727 844 837 908 καὶ
873 839 1006 929 ὅλῳ
1041 849 1135 929 τῷ
1166 848 1374 929 κοινῷ
1406 837 1861 924 σφῶν“αύτῶν
1894 847 2100 925 τριῶν
2134 838 2372 908 ὄντων.

363 940 560 1008 Πάνυ
583 940 705 1025 μὲν
729 931 873 1005 οὖν.
911 946 992 1007 Τί
1008 943 1084 1006 δέ
1092 967 1110 1019 3
1137 939 1459 1025 σαόφρονα
1478 936 1561 1005 οὐ
1581 947 1664 1025 τῇ
1686 943 1873 1026 φιλίᾳ
1897 941 2005 1005 καὶ
2030 942 2377 1026 ξυμφωνίᾳ

288 1052 331 1103 D
367 1045 446 1126 τῇ
471 1036 696 1105 αὐτῶν
717 1036 998 1123 τούτων,
1024 1034 1186 1105 ὅταν
1208 1038 1284 1104 τό
1320 1064 1389 1104 τε
1412 1036 1618 1123 ὅὶρχον
1651 1037 1760 1103 κάὶ
1796 1034 1885 1103 τῶ
1925 1034 2268 1122 ἀρχομένω
2298 1034 2374 1101 τὸ

365 1133 743 1219 λογιστικὸν
782 1132 1154 1221 ὁμοδοξῶσι
1195 1140 1337 1201 δεῖν
1380 1134 1612 1222 άρχειν
1656 1135 1766 1202 καὶ
1809 1132 1896 1219 μὴ
1944 1132 2378 1213 στασιάζωσιν

366 1231 578 1322 abu-53
608 1232 1038 1319 Σωφροσύνη
1083 1238 1275 1317 γοῦν,
1320 1224 1370 1317 ἦ
1411 1230 1473 1299 δ’
1521 1231 1615 1315 ὅς,
1661 1231 1786 1298 οὐκ
1831 1230 1993 1298 άλλο
2028 1237 2095 1298 τί
2124 1224 2380 1296 ἐστιν”
2331 1257 2375 1315 η

364 1337 584 1411 τοῦτο,
608 1328 862 1408 πόλεῶς
882 1356 952 1397 τε
973 1332 1083 1397 καὶ
1107 1328 1396 1397 ἰδιώτου.
1449 1328 1652 1405 Ἀλλιὶ
1663 1329 1784 1415 μεν
1807 1328 1886 1415 δὴ
1926 1326 2176 1406 δίκαιός
2197 1353 2375 1414 γε,ω

365 1426 683 1505 πολλάκις
712 1432 1009 1514 λέγομεν,
1032 1427 1245 1516 τούτω
1262 1430 1374 1494 καὶ
1398 1426 1608 1506 οὕτως
1629 1433 1824 1495 ἔσται.
1851 1424 2075 1512 Πολλὴ
2099 1424 2377 1511 ἀνάγκη.

373 1531 455 1592 Τί
485 1550 643 1605 ουν;
691 1523 877 1592 εἶπον
910 1524 1069 1611 ἐγω·
1122 1524 1212 1610 μή
1248 1548 1341 1611 πῃ
1373 1523 1531 1611 ἡμῖν
1566 1523 2063 1611 ἀπαμβλύνεται
2106 1523 2265 1590 ἄλλο
2313 1549 2373 1588 τι

367 1623 757 1708 δικαιοσύνη
787 1628 1007 1691 δοκεῖν
1031 1621 1201 1690 εἶναι
1228 1618 1273 1709 ἢ
1293 1622 1459 1708 ὅπερ
1479 1626 1567 1690 “ε’ν
1597 1631 1679 1709 τῇ
1711 1620 1898 1690 πόλει
1933 1622 2182 1707 ε’φάνη;
2232 1616 2377 1687 Ούκ

302 1732 341 1780 E
371 1727 612 1807 ἔμοιγε,
637 1725 787 1806 ἔφη,
816 1725 1013 1788 δοκεῖ.
1060 1711 1216 1788 Ὧδε
1248 1720 1401 1805 γάρ,
1431 1712 1518 1804 ἦν
1553 1717 1616 1786 δ’
1654 1719 1802 1804 ἐγώ,
1839 1719 2257 1787 παντάπασιν
2291 1711 2380 1783 ἀν

365 1824 926 1907 βεβαιωσαίμεθα,
964 1827 1030 1885 εἴ
1041 1843 1103 1884 τι
1122 1816 1315 1904 ἡμῶν
1336 1822 1429 1884 ἔτι
1458 1820 1530 1883 ἐν
1551 1824 1631 1903 τῇ
1656 1825 1834 1905 ψυχῇ
1856 1816 2270 1903 ἀμφισβητεῖ,
2295 1811 2376 1880 τὰ

368 1913 649 2004 φορτικοὶ
676 1914 856 2004 αὐτῷ
880 1918 1387 2001 προσφέροντες.
1434 1922 1606 1983 Ποῖα
1630 1916 1714 2002 δή
1725 1944 1744 1997 3
1786 1910 1950 1983 Οἷον
1972 1919 2032 1983 εἰ
2051 1916 2188 1982 δέοι
2209 1910 2380 1999 ἡμᾶς

368 2012 923 2100 ἀνομολογεῖσθαι
947 2020 1101 2100 περί
1106 2038 1186 2106 ,τε
1207 2016 1457 2099 ἐκείνης
1478 2020 1592 2099 τῆς
1613 2013 1866 2092 πόλεως
1887 2016 1996 2081 καὶ
2018 2021 2141 2079 τοῦ
2163 2015 2380 2095 ἐκείνῃ

367 2108 608 2197 ὁμοίως
643 2110 1020 2194 πεφυκότος
1050 2136 1120 2177 τε
1153 2112 1260 2177 καὶ
1293 2109 2066 2197 τεθραμμένου-ίάνδρός,
2105 2116 2165 2178 εί
2196 2114 2380 2178 δοκεῖ

365 2202 453 2275 ἀν
482 2206 1057 2293 παρακαταθήκην
1079 2213 1358 2293 χρυσίου
1385 2202 1430 2293 ἦ
1453 2206 1778 2294 ἀργυρίου
1802 2207 2156 2294 δεξάμενος
2179 2204 2212 2273 ὁ
2235 2232 2376 2273 τοι-

366 2313 563 2382 οῦτος
596 2302 1061 2389 ἀποστερῆσαι,
1096 2300 1225 2392 τιν’
1271 2299 1356 2372 ἀν
1399 2315 1522 2373 οἴει
1566 2312 1884 2393 οἰηθῆναι
1923 2313 2117 2373 τοῦτο
2166 2301 2378 2370 αὐτόν

224 2414 330 2469 443
369 2405 608 2486 δρασαι
628 2409 886 2488 μᾶλλον
907 2396 952 2488 ἦ
973 2399 1118 2468 ὅσοι
1140 2399 1229 2488 μὴ
1254 2410 1578 2484 τοιοῦτοι;
1603 2401 1847 2471 Οὐδέν’
1877 2401 1983 2488 άν,
2010 2407 2154 2487 ἔφη.
2190 2393 2377 2469 Οὐκ-

364 2507 491 2565 οῦν
532 2500 641 2567 καὶ
685 2503 1079 2584 ἱεροσυλιῶν
1122 2500 1229 2567 καὶ
1271 2508 1542 2568 κλοπῶν
1577 2503 1689 2567 καὶ
1721 2506 2119 2621 προδοσιῶν,
2161 2526 2203 2585 η
2239 2504 2376 2588 ἰδία

362 2593 713 2681 ἑταίρων”
669 2623 710 2684 η
748 2601 1028 2685 δημοσίᾳ
1071 2598 1355 2681 πόλεων,
1398 2589 1659 2677 ἐκτὸς”
1615 2625 1701 2665 αν
1735 2590 1930 2676 ουτος
1965 2606 2097 2683 εἴης
2137 2592 2376 2675 Ἑκτός.

361 2695 493 2761 Καὶ
515 2692 651 2781 μὴν
675 2694 826 2762 οὐδ’
850 2691 1229 2762 ὁπωστιοῦν
1263 2694 1538 2784 άπιστος
1571 2723 1613 2782 η
1652 2695 1817 2764 κατὰ
1847 2721 2093 2783 ορκους
2128 2722 2169 2812 η
2207 2695 2375 2761 κατὰ

361 2789 479 2870 τὰς
514 2792 716 2873 αλλας
756 2790 1125 2880 ὁμολογίας.
1188 2800 1349 2870 Πῶς
1389 2792 1518 2880 γάρ
1564 2822 1684 2876 αν;
1739 2802 2049 2879 Μοιχεῖαι
2088 2792 2223 2879 μην
2265 2794 2379 2860 καὶ

359 2888 931 2982 γονέωνιάμέλειαι
951 2893 1060 2958 καὶ
1081 2898 1266 2959 θεῶν
1289 2888 1770 2978 ἀθεραπευσίαι
1796 2893 1990 2959 παντὶ
2005 2891 2181 2980 ἄλλῳ
2204 2899 2377 2977 μᾶλ-

366 2995 482 3054 λον
503 2985 547 3073 ἢ
566 2996 659 3054 τῶ
681 2987 959 3078 τοιούτω
982 2989 1451 3077 προσήκουσιν.
1496 2993 1709 3059 Παντὶ
1729 2994 1976 3077 μέντοι,
2000 2994 2144 3076 ἔφη.
2190 2987 2368 3056 Οὐκ-

290 3112 325 3163 Β
362 3093 489 3152 οῦν
509 3085 769 3155 τούτων
794 3086 1064 3155 πάντων
1086 3097 1319 3172 αἴτιον,
1354 3086 1457 3155 ὅτι
1482 3087 1693 3157 αὐτοῦ
1713 3096 1865 3162 ,τῶν
1897 3090 1970 3155 ἐν
2004 3085 2186 3153 αὐτῶ
2217 3113 2377 3153 εκα-

361 3202 521 3249 στον
543 3181 623 3249 τὰ
647 3181 856 3250 αὑτοῦ
880 3183 1151 3270 πράττει
1190 3185 1405 3272 ἀρχῆς
1425 3211 1524 3253 τε
1535 3189 1684 3273 πέρι
1716 3187 1826 3253 καὶ
1857 3192 1978 3252 τοῦ
2014 3184 2373 3272 άρχεσθαι·
2353 3234 2375 3265 ,

367 3287 578 3347 Τοῦτο
604 3283 725 3368 μὲν
748 3272 896 3367 οὖν,
920 3283 1032 3350 καὶ
1055 3280 1255 3352 οὐδὲν
1277 3283 1455 3356 ἄλλο
1486 3282 1625 3350 Ἕτι
1643 3291 1750 3369 [τι]
1764 3309 1895 3350 ουν
1917 3284 2144 3367 ἕτερον
2167 3286 2376 3367 ζητεῖς

360 3380 793 3468 δικαιοσύνην
816 3375 1058 3448 εἶναι’“
1011 3408 1055 3469 η
1089 3380 1340 3469 ταύτην
1372 3409 1492 3470 την
1531 3378 1900 3469 δύναμιν,
1871 3409 1913 3468 η
1949 3378 2107 3460 τούς
2145 3380 2378 3446 τοιού-
