2602 3928
326 199 414 264 80
1048 194 1612 255 ΠΛΑΤΩΝΟΣ

326 360 616 449 μιμητὴν
636 360 946 446 ἄκρατον.
1030 352 1220 424 Ἀλλά
1239 355 1405 442 μήν,
1430 379 1482 423 ω
1501 351 1906 439 Ἀδείμαντε,
1939 349 2106 439 ἡδύς
2128 377 2204 438 γε
2225 356 2335 419 καὶ

327 457 364 527 ὁ
388 460 817 576 κεκραμένος,
856 452 1028 523 πολὺ
1050 454 1120 522 δὲ
1142 450 1408 540 ἥδιστος
1430 456 1619 519 παισί
1644 475 1716 519 τε
1750 453 1860 518 καὶ
1893 453 2336 535 παιδαγωγοῖς

326 554 361 624 ὁ
388 560 682 634 ἐναντίος
719 544 803 621 οὗ
839 549 927 618 συ
961 553 1138 637 αἱρεῖ
1170 550 1281 615 καὶ
1311 555 1403 668 τῳ
1445 554 1723 638 πλείστῳ
1765 545 1957 639 όχλῳ.
2026 545 2335 624 1’Ίζ-Ιδιστος

323 654 476 740 γάρ.
514 650 683 721 Ἀλλ’
704 662 891 733 ἴσως,
914 641 1003 735 ἦν
1024 645 1084 715 δ’
1107 646 1270 731 ἐγώ,
1287 644 1412 715 οὐκ
1434 672 1522 714 αν
1539 643 1747 714 αὐτὸν
1767 644 2118 734 ἁρμόττειν
2135 652 2335 731 φαίης

250 775 287 824 Ε
327 760 409 840 τῇ
448 748 730 838 ἡμετέρα
773 752 1096 832 πολιτείᾳ,
1145 741 1248 810 ὅτι
1292 742 1418 811 οὐκ
1458 747 1595 811 ἔστι
1637 746 1913 822 διπλοῦς
1953 741 2126 830 ἀνὴρ
2171 739 2330 827 παρ’

326 846 485 934 ἡμῖν
507 844 665 915 οὐδε
686 849 1140 960 πολλαπλοῦς,
1177 837 1402 926 ἐπειδὴ
1438 841 1710 919 ἕκαστος
1746 843 1822 908 ἓν
1854 840 2139 923 πράττει.
2229 833 2335 906 Ού

326 945 455 1031 γὰρ
481 937 609 1012 οὖν
629 940 953 1029 ἁρμόττει.
1010 937 1287 1007 Οὐκοῦν
1308 935 1417 1029 διὰ
1436 945 1643 1005 ταῦτα
1665 940 1739 1006 ἐν
1770 935 1945 1024 μόνῃ
1964 944 2045 1023 τῆ
2065 936 2336 1023 τοιαύτῃ

329 1041 520 1111 πόλει
552 1039 670 1108 τόν
703 1064 773 1106 τε
796 1035 1208 1121 σκυτοτόμον
1233 1033 1643 1120 σκυτοτόμον
1684 1031 2055 1152 εὑρήσομεν
2096 1037 2208 1102 καὶ
2253 1030 2335 1100 οὐ

329 1137 749 1224 κυβερνήτην
771 1131 939 1219 πρὸς
957 1140 1037 1221 τῇ
1060 1139 1491 1225 σκυτοτομίᾳ,
1524 1130 1774 1201 καὶτὸν
1802 1131 2101 1220 γεωργὸν
2123 1157 2333 1216 γεωρ-

328 1233 455 1320 γὸν
478 1236 586 1302 καὶ
609 1231 692 1300 οὐ
713 1230 1027 1317 δικαστὴν
1048 1228 1214 1316 πρὸς
1234 1238 1315 1320 τῇ
1334 1237 1654 1319 γεωργία,
1688 1226 1942 1299 καὶτὸν
1969 1227 2334 1315 πολεμικὸν
2376 1239 2379 1242 ’

330 1329 691 1418 πολεμικὸν
702 1333 811 1398 καὶ
826 1327 909 1396 ού
922 1327 1366 1417 χρηματιστὴν
1379 1325 1545 1415 πρὸς
1564 1336 1645 1418 τῇ
1666 1335 1986 1415 πολεμικῇ
1998 1379 2018 1413 ,
2032 1328 2142 1395 καὶ
2160 1326 2335 1394 πάν-

330 1456 443 1508 τας
468 1426 677 1497 οὕτω·
660 1477 680 1510 ,
717 1426 995 1514 Ἀληθῆ,
1019 1432 1167 1513 ἔφη.
1196 1425 1447 1512 ’Ἄνδρα
1470 1425 1551 1513 δή
1565 1478 1586 1513 ,
1612 1453 1701 1505 ως
1724 1431 1931 1511 ἔοικε,
1957 1425 2361 1511 δυναμενονι

193 1554 297 1610 393
330 1524 460 1595 ὑπὸ
486 1532 723 1612 σοφίας
753 1523 1184 1594 παντοδαπὸν
1214 1532 1568 1610 γίγνεσθαι
1599 1526 1711 1592 καὶ
1742 1534 2086 1610 μιμεῖσθαι
2118 1522 2335 1591 πάντα

328 1626 658 1711 χρήματα,
704 1629 765 1692 εἰ
795 1619 952 1710 ἡμῖν
972 1620 1276 1709 ἀφίκοιτο
1312 1629 1402 1701 εἰς
1435 1621 1558 1709 τὴν
1591 1621 1789 1690 πόλιν
1812 1619 2011 1700 αὐτός
2031 1647 2102 1689 τε
2123 1625 2232 1690 καὶ
2251 1620 2332 1689 τοὶ

330 1723 658 1810 ποιήματα
679 1721 1088 1808 βουλόμενος
1099 1723 1580 1804 ἐπιδείξασθαι,
1603 1733 2094 1805 προσκυνοῖμεν
2109 1715 2197 1788 ἂν
2210 1717 2336 1787 αύ-

327 1819 447 1888 τόν
471 1815 561 1899 ὥς
582 1817 766 1905 ἱερὸν
786 1821 896 1887 καὶ
915 1819 1313 1904 θαυμαστὸν
1332 1821 1442 1886 καὶ
1463 1815 1665 1905 ἡδύν,
1710 1827 2005 1903 εἴποιμεν
2038 1815 2099 1884 δ’
2126 1813 2213 1886 ἄν
2234 1816 2337 1886 ὅτι

329 1915 454 1986 οὐκ
474 1923 611 1985 ἔστι
642 1924 942 1995 τοιοῦτος
963 1914 1134 2004 α’νὴρ
1170 1920 1241 1983 ἐν
1258 1924 1340 2004 τῇ
1362 1913 1550 1983 πόλει
1580 1913 1740 2002 παρ’
1765 1912 1925 2004 ἡμῖν
1958 1911 2114 1985 οὐδὲ
2145 1920 2334 2003 θέμις

329 2018 748 2100 ἐγγενέσθαι,
804 2012 1303 2100 ἀποπέμποιμέν
1356 2039 1429 2081 τε
1472 2018 1564 2093 εἰς
1613 2013 1824 2103 ἄλλην
1879 2014 2075 2083 πόλιν
2117 2019 2334 2102 μύρον

329 2112 496 2179 κατὰ
522 2121 636 2197 τῆς
657 2118 948 2198 κεφαλῆς
970 2115 1395 2197 καταχέαντες
1410 2115 1519 2181 καὶ
1539 2115 1695 2204 έρίῳ
1720 2118 2073 2195 στέψαντες
2086 2165 2105 2200 ,
2148 2111 2330 2180 αὐτοὶ

332 2207 395 2276 δ’
423 2205 510 2276 ὂίν
543 2217 635 2298 τῷ
669 2206 1129 2298 αὐστηροτέρῳ
1169 2212 1284 2277 καλ
1323 2207 1692 2301 ἀηδεστέρῳ
1737 2219 1974 2300 ποιητῇ
2019 2211 2330 2302 χρῴμεθα

255 2327 292 2378 Β
329 2312 437 2373 καὶ
469 2305 832 2396 μυθολόγῳ
871 2302 1249 2391 ωφελείας”
1210 2331 1435 2391 ενεκα,
1458 2304 1530 2386 ὃς
1549 2305 1708 2395 ἡμῖν
1726 2307 1851 2394 τὴν
1869 2315 1992 2377 τοῦ
2012 2311 2335 2388 ἐπιεικοῦς

248 3100 286 3151 G

325 2407 500 2483 λέξιν
557 2419 812 2491 μιμοιτο
868 2408 977 2472 καὶ
1025 2429 1107 2472 τα
1158 2405 1477 2491 λεγόμενα
1528 2408 1711 2491 λέγοι
1761 2408 1837 2474 ἐν
1878 2410 2150 2499 ἐκείνοις
2201 2421 2332 2485 τοῖς

326 2502 589 2586 τύποις,
616 2497 712 2579 οἷς
733 2497 880 2568 κατ’
907 2528 1108 2588 αρχας
1135 2502 1851 2590 ε’νομοθετησαμεθα,
1825 2502 1934 2573 ότε
1954 2503 2111 2583 τούς
2133 2525 2333 2593 στρα-

325 2626 559 2678 τιωτας
589 2602 1052 2687 ἐπεχειροῦμεν
1087 2601 1443 2672 παιδεύειν.
1532 2604 1664 2669 Καὶ
1697 2599 1881 2688 μάλ’,
1918 2609 2080 2689 ἔφη,
2125 2601 2335 2682 οὕτως

327 2723 414 2764 αν
436 2710 738 2784 ποιοῖμεν
751 2747 771 2782 ,
794 2702 853 2765 εἰ
870 2696 979 2784 ἐφ’
1000 2695 1158 2785 ἡμῖν
1180 2709 1299 2787 εἴη.
1336 2706 1495 2768 Νῦν
1518 2700 1603 2786 δή
1615 2749 1634 2784 ,
1677 2698 1866 2767 εἶπον
1881 2699 2009 2783 ἐγώ
2021 2748 2040 2783 ,
2085 2726 2137 2767 ω
2162 2707 2333 2785 φίλε,

325 2792 703 2862 κινδυνεύει
723 2792 883 2880 ἡμῖν
902 2802 1016 2882 τῆς
1039 2805 1361 2883 μουσικῆς
1382 2795 1457 2865 τὰ
1495 2798 1643 2885 περὶ
1677 2797 1920 2883 λόγους
1958 2822 2029 2865 τε
2062 2800 2174 2865 καὶ
2204 2797 2335 2884 μύ-

326 2901 500 2972 θους
523 2900 858 2972 παντελῶς
883 2896 1413 2979 διαπεπεράνθαι
1429 2922 1442 2936 ·
1487 2895 1533 2963 ἅ
1555 2922 1626 2963 τε
1646 2895 1774 2984 γὰρ
1796 2898 2064 2964 λεκτέον
2102 2898 2211 2966 καὶ
2248 2893 2337 2974 ὥς

325 2994 625 3075 λεκτέον,
662 2999 933 3077 εἴρηται.
1018 2996 1152 3061 Καὶ
1173 2990 1356 3084 αύτῳ
1373 3020 1486 3081 μοι
1508 2999 1719 3080 δοκεῖ,
1743 3000 1891 3083 ἔφη.

492 3093 564 3156 Χ.
657 3086 932 3157 Οὐκοῦν
952 3116 1112 3177 μετα
1146 3099 1377 3177 τοῦτο,
1419 3086 1509 3181 ἦν
1545 3090 1609 3161 δ’
1645 3093 1807 3181 ἐγώ,
1860 3091 1934 3161 τὰ
1983 3096 2135 3183 περὶ
2164 3092 2338 3184 ῳδῆς

323 3185 577 3272 τρόπον
600 3187 709 3255 καὶ
750 3195 974 3311 μελῳν
1003 3188 1278 3272 λοιπόν;
1344 3198 1536 3276 Δῆλα
1570 3190 1669 3278 δή.
1748 3183 1895 3278 'Ap'
1930 3184 2056 3260 οὖν
2091 3189 2177 3262 ού
2210 3200 2338 3271 πᾶς

321 3279 516 3370 ἤδη“
473 3310 558 3352 αν
582 3282 768 3372 εὕροι
782 3337 800 3370 ,
847 3284 890 3354 δι’
910 3284 1071 3374 ἡμῖν
1093 3290 1361 3355 λεκτέον
1382 3290 1533 3376 περὶ
1553 3286 1811 3378 αὐτων,
1867 3283 1975 3358 οἷα
2011 3294 2119 3358 δεῖ
2143 3290 2331 3375 εἶναι,

322 3389 504 3467 εἴπερ
547 3386 872 3469 μέλλομεν
904 3397 1038 3461 τοῖς
1069 3387 1570 3473 προειρημένοις
1604 3386 2116 3474 συμφωνησεινς
2160 3386 2326 3456 καὶ
2297 3415 2332 3457 ο
