2602 3928
329 242 462 309 200
1095 242 1658 303 ΠΛΑΤΩΝΟΣ

333 432 407 475 το
433 399 755 486 δοξαστὸν
778 399 949 488 πρὸς
970 400 1045 470 τὰ
1074 399 1404 488 γνωστόν,
1429 399 1607 467 οὕτω
1629 397 1705 467 τὸ
1730 394 2066 484 ὁμοιωθὲν
2088 397 2255 482 πρὸς
2272 396 2351 467 τὸ
2414 426 2419 431 ·

264 531 303 580 Β
343 494 397 595 ῶ
435 502 786 589 ὡμοιώθη,
821 498 1064 585 ’'any'
1069 550 1087 583 ‚
1129 505 1278 585 ἔφη,
1315 501 1424 565 καὶ
1457 498 1652 584 μάλα.
1711 495 1967 565 Σκόπει
2001 493 2081 583 δὴ
2117 488 2207 563 αὖ
2242 496 2355 564 καὶ

334 600 460 688 τὴν
479 608 604 669 τοῦ
623 606 870 685 νοητοῦ
892 596 1104 685 τομὴν
1137 588 1181 684 ᾗ
1215 598 1512 682 τμητέον.
1558 601 1697 693 Πῆ;
1728 585 1834 699 ῗῌι
1868 591 1941 661 τὸ
1974 593 2103 680 μὲν
2141 591 2415 684 αὑτοῦ

339 714 477 779 τοῖς
497 700 644 767 τότε
667 707 1016 784 τμηθεϊσιν
1043 693 1132 774 ὥς
1156 693 1365 762 εἰκόσι
1386 695 1687 779 χρωμενη
1714 693 1889 779 ψυχὴ
1912 690 2183 778 ζητεῑν’
2145 719 2352 776 αναγ-

335 798 597 878 κάζεται
624 800 689 876 ἐξ
736 792 1148 876 ὑποθέσεων,
1177 789 1307 860 οὐκ
1342 790 1445 859 ἐπ’
1486 789 1698 878 ἀρχὴν
1732 795 2165 878 πορευομένη,
2203 788 2349 858 ἀλλ’

336 897 441 963 ἐπὶ
464 892 802 978 τελευτήν,
824 887 993 958 τὰδ’
1018 882 1107 956 αὖ
1130 891 1360 974 ἕτερον
1386 887 1508 976 [τό]
1537 886 1641 956 ἐπ’
1675 887 1886 976 ἀρχὴν
1922 887 2350 957 ἀνυπόθετον

339 995 406 1072 ἐξ
427 989 816 1068 ὑποθέσεως
837 993 1033 1055 ἰοῦσα
1055 989 1167 1054 καὶ
1198 985 1368 1054 ἄνευ
1403 978 1625 1069 αἷυπερ
1659 990 1872 1054 έκεῖνο
1908 986 2192 1055 εἰκόνων
2226 980 2352 1053 αὗ·-

339 1104 477 1169 τοῖς
521 1093 723 1158 εἴδεσι
768 1085 859 1154 δι’
913 1084 1141 1153 αὐτῶν
1179 1084 1305 1172 τὴν
1347 1088 1645 1172 μέθοδον
1688 1091 2069 1173 ποιουμένη.
2121 1086 2353 1176 Ταῦτ’,

341 1193 492 1274 ἔφη,
517 1184 561 1253 ἃ
583 1190 807 1269 λέγεις,
832 1182 956 1270 οὐχ
977 1188 1221 1263 ὒκανῶς
1243 1189 1519 1268 ἔμαθον.
1557 1181 1734 1252 Ἀλλ’
1761 1178 1984 1270 αὖθις,
2004 1178 2092 1271 ἦν
2116 1182 2179 1253 δ’
2206 1183 2356 1271 έγῶ·

262 1309 303 1362 o
342 1287 515 1373 ῥᾷον
540 1282 672 1370 γὰρ
707 1283 964 1351 τούτων
997 1286 1495 1368 προειρημένων
1527 1283 1835 1369 μαθήσει,
1900 1281 2079 1370 οἶμαι
2114 1284 2244 1372 γάρ
2279 1294 2357 1352 σε

342 1387 607 1466 εἰδέναι,
631 1379 734 1448 ὅτι
757 1384 825 1448 οί
854 1382 1003 1465 περὶ
1038 1377 1156 1458 τὰς
1184 1385 1583 1466 γεωμετρίας
1610 1406 1680 1448 τε
1711 1382 1821 1449 καὶ
1855 1381 2214 1467 λογισμοὺς
2243 1379 2357 1449 καὶ

345 1478 425 1548 τὰ
451 1486 723 1546 τοιαῦτα
746 1476 1379 1564 πραγματευόμενοι,
1403 1476 1812 1565 ὑποθέμενοι
1834 1478 1912 1547 τό
1943 1504 2017 1547 τε
2044 1475 2356 1564 περιττὸν

343 1580 455 1647 καὶ
474 1575 548 1645 τὰ
577 1575 809 1660 ἄρτιον
829 1579 939 1644 καὶ
963 1573 1042 1644 τὰ
1068 1576 1365 1663 σχήματα
1389 1578 1499 1645 καὶ
1521 1583 1793 1663 γωνιῶν
1814 1574 2034 1665 τριττὰ
2072 1581 2212 1664 εἴδη
2247 1576 2352 1645 καὶ

255 1719 266 1730 ·
344 1674 512 1746 ἄλλα
533 1676 790 1751 τούτων
823 1673 1081 1760 ἀδελφὰ
1124 1672 1291 1742 καθ’
1327 1672 1610 1760 ἑκάστην
1643 1675 1960 1763 μέθοδον,
1991 1682 2200 1742 ταῦτα
2235 1676 2358 1760 μὲν

346 1772 433 1854 ῶς
475 1774 740 1860 εἰδότες,
783 1773 1217 1867 ποιησάμενοι
1250 1770 1610 1852 ὑποθέσεις
1644 1766 1834 1858 αὑτά,
1877 1769 2122 1841 ούδέυα
2155 1773 2360 1859 λόγον

345 1869 500 1942 οὔτε
534 1869 759 1950 αὑτοῖς
793 1868 949 1938 οὔτε
978 1869 1204 1949 ἄλλοις
1237 1876 1332 1937 ἔτι
1367 1867 1624 1950 ἀξιοῦσι
1656 1871 1807 1956 περὶ
1843 1868 2069 1939 αὐτῶν
2104 1870 2359 1939 διδόναι

260 1987 304 2039 D
349 1972 444 2051 ὥς
485 1975 682 2040 παντὶ
727 1978 1062 2055 φανερῶν,
1106 1971 1178 2036 ἐκ
1221 1968 1479 2037 τούτων
1531 1966 1596 2036 δ’
1639 1967 1997 2057 ἀρχόμενοι
2040 1969 2122 2038 τα
2164 1969 2358 2040 λοιπὰ

345 2070 474 2156 ἤδη
500 2068 849 2148 διεξιόντες
870 2073 1268 2135 τελευτῶσιν
1300 2064 1848 2155 ὁμολογουμένως
1880 2072 1985 2138 ε’πὶ
2018 2078 2238 2156 τοῦτο,
2276 2060 2360 2137 οὗ

346 2163 435 2235 ἂν
455 2168 560 2232 ἐπὶ
582 2167 817 2244 σκέψιν
838 2160 1236 2250 ὁρμήσωσιν.
1290 2163 1490 2232 Πάνυ
1525 2166 1647 2251 μὲν
1686 2159 1833 2253 οὖν,
1869 2171 2017 2253 ἔφη,
2053 2168 2252 2235 τοῦτό
2284 2193 2360 2252 γε

347 2263 511 2332 οἶδα.
568 2260 844 2331 Οὐκοῦν
865 2265 974 2330 καὶ
999 2261 1097 2330 ὅτι
1116 2275 1251 2341 τοῖς
1273 2259 1634 2348 ὁρωμένοις
1669 2269 1870 2333 εἴδεσι
1901 2273 2361 2350 προσχρῶνται

343 2363 456 2432 καὶ
487 2362 645 2441 τοὺς
682 2361 923 2445 λόγους
952 2362 1102 2448 περὶ
1133 2358 1358 2429 αὐτῶν
1393 2369 1759 2448 ποιοῦνται,
1803 2360 1886 2431 ού
1920 2364 2067 2444 περὶ
2104 2364 2361 2432 τούτων

347 2459 840 2545 διανοούμενοι,
877 2456 1023 2526 ἀλλ’
1076 2462 1352 2527 ἐκείνων
1393 2463 1562 2546 πέρι,
1609 2456 1708 2541 οἶς
1753 2471 1960 2528 ταῦτα
2003 2467 2194 2548 ἔοικε,
2238 2470 2363 2530 τοῦ

344 2558 768 2645 τετραγώνου
822 2554 1035 2625 αὑτοῦ
1080 2558 1274 2625 ἕνεκα
1324 2555 1481 2636 τούς
1526 2559 1769 2644 λόγους
1825 2560 2212 2647 ποιούμενοι
2254 2564 2363 2628 καὶ

272 2674 314 2727 Ε
352 2660 707 2743 διαμέτρου
729 2653 954 2742 αὐτῆς,
979 2652 1125 2723 ἀλλ’
1154 2655 1238 2722 οὐ
1269 2655 1512 2742 ταύτης
1531 2652 1619 2743 ἢν
1637 2659 1996 2743 γράφουσι,
2022 2661 2131 2726 καὶ
2155 2651 2363 2726 τᾶλλα

349 2753 582 2840 οὕτως,
623 2750 793 2820 αὐτοὶ
833 2752 954 2838 μὲν
984 2761 1212 2838 ταῦτα,
1251 2750 1294 2820 ἃ
1328 2754 1695 2823 πλάττουσί
1723 2782 1794 2824 τε
1827 2759 1935 2824 καὶ
1955 2757 2361 2842 γράφουσιν,

350 2843 446 2921 ῶν
479 2856 590 2921 καὶ
628 2852 805 2919 σκιαὶ
840 2853 949 2917 καὶ
982 2854 1059 2918 έν
1090 2851 1619 2933 ὕδασινείκόνες
1654 2860 1801 2938 εἰσί,
1839 2853 2095 2933 τούτοις
2127 2855 2252 2940 μὲν
2276 2849 2364 2932 ῶς

347 2950 600 3018 είκόσιν
635 2942 724 3015 αὖ
760 2949 1109 3035 χρώμενοι,
1147 2952 1494 3035 ζητοῦντές
1525 2976 1597 3018 τε
1630 2948 1800 3018 αὐτὰ
1834 2954 2055 3020 ἐκεῖνα
2096 2955 2283 3037 ἰδεῖν,
2319 2948 2363 3018 6?

207 3077 313 3132 511
346 3045 472 3116 ούκ
501 3044 586 3114 ἂν
609 3046 824 3125 ἄλλως
845 3052 976 3115 ἴδοι
995 3074 1094 3127 τις
1114 3044 1157 3134 ἢ
1176 3056 1259 3136 τῇ
1282 3053 1562 3136 διανοίᾳ.
1646 3047 1918 3136 Ἀληθῆ,
1955 3054 2103 3137 ἔφη,
2127 3052 2359 3135 λέγεις.

515 3150 673 3212 XXI.
725 3152 937 3213 Τοῦτο
959 3151 1191 3212 τοίνυν
1213 3143 1458 3231 νοητὸν
1480 3145 1602 3232 μὲν
1625 3144 1699 3214 τὸ
1726 3145 1896 3224 εἶδος
1917 3151 2169 3232 ἔλεγον,
2193 3142 2365 3211 ὑπο-

345 3245 577 3311 θέσεσι
599 3241 663 3312 δ’
687 3239 1226 3330 ἀναγκαζομένην
1259 3244 1481 3331 ψυχὴν
1505 3252 1795 3331 χρῆσθαι
1831 3245 1980 3329 περὶ
2012 3242 2135 3330 τὴν
2171 3243 2365 3329 ζήτη-

347 3360 457 3408 σιν
480 3339 709 3425 αὑτοῦ,
734 3339 859 3409 ούκ
895 3339 1003 3410 ἐπ’
1040 3338 1250 3427 α’ρχὴν
1281 3347 1539 3426 ἰοῦσαν,
1578 3337 1665 3420 ῶς
1696 3338 1781 3408 οὐ
1817 3342 2200 3427 δυναμένην
2226 3348 2367 3407 τῶν

345 3434 743 3508 ὑποθέσεων
764 3437 1073 3525 ἀνωτέρω
1112 3441 1464 3528 ἐκβαίνειν,
1509 3439 1716 3509 εἰκόσι
1752 3441 1823 3507 δὲ
1855 3441 2203 3527 χρωμένην
2239 3438 2368 3507 αύ-
