2602 3928
217 238 254 293 9
1028 233 1483 292 ΤΙΜΑΙΟΣ.
2106 232 2233 297 327

219 387 502 479 χρόνοις.
544 388 625 459 τά
646 398 820 477 γοῦν
841 398 973 458 νῦν
996 387 1076 475 δὴ
1099 396 1695 478 γενεαλογηθέντα,
1717 385 1774 461 οἷ
1793 396 2059 483 Σόλων,
2084 399 2233 481 περὶ

219 495 355 556 τῶν
376 485 539 576 παρ’
567 485 730 575 ὑμῖν
750 485 796 555 δι’
816 493 1108 609 διῆλθες,
1147 492 1407 556 παίδων
1427 491 1642 576 βραχύ
1676 516 1738 557 τι
1773 494 2066 578 διαφέρει
2098 495 2234 582 μύ-

217 594 450 672 θων,ο
414 593 482 654 οἳ
496 593 763 669 πρῶτον
782 585 969 674 μὲν”
930 591 1047 652 ενα
1069 592 1191 671 γῆς
1210 585 1681 673 κατακλυσμὸν
1702 590 2045 674 μέμνησθε
2068 599 2236 660 πολ-

216 690 356 750 λων
375 689 757 770 ἔμπροσθεν
788 681 1183 770 γεγονότων,
1209 687 1304 749 ἔτι
1337 682 1409 752 δὲ
1441 681 1515 753 τὰ
1551 685 1906 755 κάλλιστον
1938 690 2048 755 καὶ
2082 687 2236 794 ἄρι-

220 801 382 851 στον
406 784 599 868 γένος
620 779 723 850 ἐπ’
747 780 1158 868 ἀνθρώπους
1178 784 1254 850 ἐν
1274 789 1360 870 τῇ
1380 781 1565 871 χώρᾳ
1599 791 1681 871 τῇ
1712 782 1869 868 παρ’
1909 783 2070 872 ὑμῖν
2105 770 2236 855 οὐκ

215 889 356 948 ἴστε
388 881 686 966 γεγονός,
711 884 775 961 ἐξ
802 906 898 948 ων
929 881 1016 947 σύ
1046 905 1117 948 τε
1148 883 1259 947 καὶ
1293 888 1475 948 πᾶσα
1500 879 1542 968 ἡ
1582 882 1777 962 πόλις
1807 888 1944 951 ἔστι
1982 882 2062 951 τὰ
2099 891 2232 952 νῦν
2263 893 2301 945 G

212 975 426 1064 ὑμων,
450 981 995 1064 περιλειφθέντος
1014 976 1173 1046 ποτε
1197 981 1566 1063 σπέρματος
1580 983 1879 1068 βραχέος,
1895 978 2031 1049 ἀλλ’
2058 980 2233 1069 ὑμᾶς

212 1077 457 1162 λέληθε
493 1075 602 1144 διὰ
644 1075 720 1144 τό
769 1075 927 1155 τούς
950 1081 1514 1197 περιγενομένους
1558 1081 1662 1146 ἐπὶ
1699 1077 1950 1158 πολλὰς
1998 1079 2232 1164 γενεὰς

213 1174 554 1291 γράμμασι
582 1183 898 1264 τελευτᾷν
927 1170 1263 1260 ἀφώνους.
1310 1166 1397 1261 ἦν
1416 1174 1548 1261 γὰρ
1572 1176 1656 1262 δή
1677 1200 1858 1262 ποτε,
1884 1204 1936 1245 ω
1959 1177 2225 1265 Σόλων,

212 1267 383 1355 ὑπὲρ
404 1270 529 1358 τὴν
548 1279 865 1359 μεγίστην
878 1270 1156 1359 φθορὰν
1175 1269 1479 1341 ὕδασιν’
1439 1300 1484 1360 η
1508 1281 1639 1341 νῦν
1663 1272 2037 1361 Ἀθηναίων
2056 1268 2230 1344 οὖσα

211 1369 400 1448 πόλις
422 1366 665 1457 αρίστη-
677 1394 844 1457 προς
862 1395 934 1437 τε
954 1369 1078 1438 τὸν
1104 1367 1400 1456 πόλεμον
1433 1373 1546 1438 καὶ
1578 1368 1745 1439 κατὰ
1773 1372 1991 1440 πάντα
2028 1373 2230 1441 εὐνοι-

210 1467 473 1553 μωτάτη
497 1464 949 1555 διαφερόντως
965 1493 979 1506 ·
1028 1458 1076 1555 ᾖ
1102 1465 1419 1536 κάλλιστα
1444 1472 1605 1555 ἔργα
1633 1470 1744 1536 καὶ
1770 1477 2091 1539 πολιτεῖαι
2114 1497 2230 1556 γε-

211 1568 453 1632 νέσθαι
480 1567 784 1651 λέγονται
813 1565 1157 1634 κάλλισται
1189 1572 1446 1651 πασῶν,
1481 1563 1749 1635 ὁπόσων
1783 1574 1914 1635 νῦν
1939 1565 2073 1637 ὑπὸ
2106 1569 2228 1638 τόν

210 1660 511 1749 οὐρανὸν
562 1659 747 1750 ἡμεῖς
796 1660 1008 1749 ἀκοὴν
1049 1665 1573 1751 παρεδεξάμεθα.
1640 1662 1961 1745 Ἀκούσας
2019 1659 2148 1733 οὖν
2187 1665 2224 1736 ὁ
2256 1684 2300 1735 D

209 1761 453 1830 Σόλων
473 1764 600 1847 ἔφη
622 1761 967 1847 θαυμάσαι
1001 1764 1110 1829 καὶ
1145 1768 1370 1830 πᾶσαν
1391 1771 1779 1850 προθυμίαν
1801 1767 1971 1850 ἔχειν
1994 1763 2229 1850 δεόμε-

209 1885 327 1938 νος
345 1864 484 1926 τοῖν
505 1860 737 1941 ἱερέων
771 1858 990 1927 πάντα
1024 1857 1111 1927 δι’
1153 1858 1493 1949 ἀκριβείας
1526 1865 1598 1929 οἱ
1622 1859 1704 1929 τὰ
1737 1863 1890 1950 περὶ
1927 1888 2063 1930 των
2092 1862 2225 1930 πά-

210 1968 319 2028 λαι
340 1963 632 2027 πολιτων
657 1959 801 2045 ἑξῆς
830 1962 1142 2032 διελθεῖν.
1181 1956 1305 2028 τόν
1326 1987 1453 2029 ουν
1475 1962 1653 2048 ἱερέα
1674 1960 1912 2047 φάναι·
1947 1959 2224 2041 Φθόνος

207 2056 449 2144 οὐδείς,
474 2085 526 2125 ω
551 2058 817 2141 Σόλων,
841 2056 1009 2128 ἀλλά
1034 2065 1163 2127 σου
1193 2085 1265 2127 τε
1299 2061 1498 2127 ἕνεκα
1531 2062 1663 2145 ἐρω
1696 2068 1808 2127 καὶ
1831 2066 1949 2147 τῆς
1968 2059 2224 2138 πόλεως

207 2152 425 2241 ὑμῶν,
447 2155 727 2243 μάλιστα
750 2156 822 2226 δὲ
847 2165 965 2243 τῆς
983 2165 1158 2227 θεοῦ
1174 2160 1392 2245 χάριν,
1424 2156 1469 2245 ἢ
1489 2156 1614 2244 τήν
1649 2184 1720 2226 τε
1749 2154 2078 2244 ὑμετέραν
2110 2161 2223 2226 καὶ

208 2254 407 2339 τήνδε
429 2259 616 2340 ἔλαχε
646 2255 758 2323 καὶ
786 2258 1033 2340 ἔθρεψε
1057 2257 1168 2322 καὶ
1189 2257 1555 2340 ἐπαίδευσε,
1578 2256 1911 2341 προτέραν
1945 2256 2070 2342 μὲν
2101 2253 2225 2341 τήν

207 2350 365 2436 παρ’
394 2349 551 2438 ὑμῖν
564 2356 734 2420 ἔτεσι
748 2358 997 2438 χιλίοις,
1023 2356 1095 2421 ἐκ
1117 2359 1254 2440 Γῆς
1264 2380 1336 2421 τε
1359 2357 1470 2423 καὶ
1480 2352 1847 2440 Ἡφαίστου
1865 2352 1941 2423 τὰ
1967 2355 2226 2442 σπέρμα
2262 2373 2303 2421 Ε

207 2457 692 2538 παραλαβοῦσα
726 2448 940 2537 ὑμῶν,
984 2450 1183 2537 τήνδε
1215 2454 1288 2519 δὲ
1331 2448 1638 2537 ὑστέραν.
1702 2458 1822 2539 τῆς
1862 2452 1935 2520 δὲ
1975 2452 2226 2520 ἐνθάδε

210 2548 702 2635 διακοσμήσεως
725 2545 884 2636 παρ’
919 2546 1078 2636 ἡμῖν
1103 2552 1178 2617 ἐν
1208 2563 1346 2628 τοῖς
1379 2553 1579 2636 ἱεροῖς
1610 2551 1994 2638 γράμμασιν
2025 2547 2224 2617 ὀκτα-

207 2652 548 2731 κισχιλίων
566 2650 734 2714 ἐτοῖν
756 2642 1045 2732 ἀριθμὸς
1063 2649 1443 2732 γέγραπται.
1486 2650 1637 2735 περὶ
1672 2645 1753 2733 δὴ
1788 2653 1926 2716 τῶν
1966 2648 2225 2724 ἐνακις-

211 2748 385 2830 χίλια
418 2742 800 2828 γεγονότων
833 2748 944 2831 ἔτη
972 2751 1261 2813 πολιτῶν
1300 2764 1408 2813 σοι
1453 2744 1730 2831 δηλώσω
1774 2743 1884 2811 διὰ
1919 2746 2222 2832 βραχέων

210 2840 474 2926 νόμους,
498 2842 608 2910 καὶ
639 2846 778 2909 τών
804 2845 1020 2929 ἔργων
1053 2839 1276 2922 αὐτοῖς
1311 2838 1352 2909 ὃ
1381 2840 1736 2911 κάλλιστον
1768 2840 2069 2929 ἐπράχθη
2086 2868 2100 2883 ·
2147 2840 2221 2911 τὸ

207 2937 269 3006 δ’
320 2936 585 3026 ἀκριβὲς
627 2941 777 3023 περὶ
821 2933 1095 3008 πάντων
1135 2942 1369 3028 ἐφεξῆς
1412 2945 1716 3020 εἰσαῦθις
1765 2939 1934 3008 κατὰ
1978 2942 2225 3029 σχολὴν
2251 2962 2321 3015 24

205 3033 377 3103 αὐτοὶ
409 3036 490 3103 τὰ
527 3036 879 3124 γράμματα
914 3038 1231 3125 λαβόντες
1264 3042 1565 3125 διέξιμεν.
1627 3037 1786 3118 τούς
1806 3038 1928 3125 μὲν
1957 3030 2082 3108 οὖν
2100 3040 2224 3108 νό-

208 3158 378 3220 μους
409 3133 640 3201 σκόπει
666 3134 831 3219 πρὸς
869 3133 1028 3215 τοὺς
1066 3140 1243 3225 τῇδε.
1310 3136 1523 3206 πολλὰ
1560 3133 1692 3225 γὰρ
1726 3143 2223 3223 παραδείγματα

201 3237 342 3303 τών
361 3230 512 3299 τότε
533 3231 696 3317 παρ’
722 3230 885 3319 ὑμῖν
910 3232 1130 3303 ὄντων
1150 3234 1399 3303 ἐνθάδε
1426 3239 1559 3305 νῦν
1592 3231 2000 3322 ἀνευρήσεις,
2032 3241 2223 3319 πρῶ-

200 3354 323 3397 τον
344 3332 470 3417 μὲν
489 3328 565 3399 τὸ
589 3335 727 3399 τών
748 3336 980 3421 ἱερέων
1000 3336 1192 3417 γένος
1216 3329 1349 3401 ἀπὸ
1375 3338 1513 3400 τών
1547 3331 1771 3402 ἄλλων
1803 3334 1997 3419 χωρὶς
2029 3330 2223 3417 ἀφω-

203 3433 540 3516 ρισμένον,
577 3429 740 3516 μετὰ
777 3430 848 3497 δὲ
889 3435 1086 3499 τοῦτο
1119 3430 1194 3499 τὸ
1240 3435 1379 3498 τών
1423 3434 1872 3518 δημιουργῶν,
1909 3426 2012 3497 ὅτι
2053 3430 2216 3497 καθ’
