2602 3928
931 236 1509 295 ΠΟΛΙΤΕΙΑΣ
1543 228 1614 314 γ’.
2186 233 2268 298 79

425 400 522 462 ῙΧ.
616 391 892 464 Οὐκοῦν
930 394 1226 479 διηγήσει
1279 394 1592 480 χρήσεται
1646 399 1752 483 οἵᾳ
1800 394 1985 482 ἡμεῖς
2038 394 2264 482 ὀλίγον

259 491 587 578 πρότερον
609 492 973 578 διήλθομεν
995 493 1147 575 περὶ
1177 516 1260 558 τα
1281 498 1405 557 τοῦ
1421 488 1707 577 Ὁμήρου
1738 496 1892 579 ἔπη,
1937 496 2047 561 καὶ
2086 499 2265 562 ἔσται

259 585 470 657 αὐτοῦ
492 587 533 674 ἡ
557 590 722 669 λέξις
742 592 1098 675 μετέχουσα
1120 585 1304 673 μὲν’
1264 592 1692 673 αμφοτέρων,
1713 589 2041 676 μιμήσεώς
2062 616 2132 657 τε
2154 594 2268 659 καὶ

258 694 374 772 τῆς
395 686 598 772 ἄλλης
617 686 1008 772 διηγήσεως,
1031 682 1315 770 σμικρὰν
1338 689 1415 753 δέ
1430 713 1494 753 τι
1514 688 1711 772 μέρος
1734 689 1808 754 ἐν
1842 695 2068 776 πολλῶ
2087 688 2264 779 λόγω

261 792 377 870 τῆς
412 783 772 869 μιμήσεως·
819 778 863 868 ἢ
904 781 1106 852 οὐδὲν
1137 787 1343 867 λέγω,
1378 786 1509 852 Καὶ
1551 784 1757 870 μάλα,
1802 789 1961 870 ἔφη,
2008 779 2153 851 οἷόν
2189 811 2265 870 γε

263 879 524 966 ἀνάγκη
546 879 669 947 τὸν
690 881 905 993 τύπον
927 878 1094 948 εἶναι
1126 887 1248 947 τοῦ
1268 882 1580 949 τοιούτου
1601 881 1895 968 ῥήτορος.
1970 878 2264 964 Οὐκοῦν,

260 969 347 1064 ἦν
369 974 433 1044 δ’
449 976 575 1062 ἐγώ
589 1026 608 1059 ,
634 971 773 1061 ὁμὴ
800 984 1097 1055 τοιοῦτος
1118 968 1236 1060 αὖ,
1260 974 1399 1067 ὅσω
1425 1003 1511 1043 αν
1531 971 2005 1062 φαυλότερος
1959 1004 2024 1066 ῃ,
2050 978 2265 1046 πάντα
2298 1000 2403 1056 397

260 1102 331 1144 τε
353 1082 607 1162 μᾶλλον
641 1073 987 1161 μιμήσεται
1020 1077 1133 1143 καὶ
1171 1074 1373 1144 οὐδὲν
1409 1076 1650 1144 ἑαυτοῦ
1677 1075 1952 1157 ἀνάξιον
1982 1077 2268 1166 οἰήσεται

265 1171 463 1254 εἶναι,
511 1171 677 1239 ῶστε
711 1170 925 1239 πάντα
958 1174 1347 1260 ἐπιχειρήσει
1379 1183 1721 1259 μιμεῖσθαι
1748 1179 2009 1261 σπουδῇ
2046 1200 2118 1242 τε
2155 1178 2265 1242 καὶ

267 1273 564 1336 ἐναντίον
586 1273 886 1350 πολλῶν,
922 1270 1034 1336 καὶ
1058 1266 1102 1335 0‘2
1133 1277 1266 1336 νῦν
1287 1266 1368 1355 δὴ
1391 1273 1700 1356 ἐλέγομεν
1715 1321 1733 1353 ,
1758 1271 2044 1356 βροντάς
2062 1296 2132 1339 τε
2155 1272 2266 1338 καὶ

269 1367 530 1451 ψόφους
550 1362 816 1451 ἀνέμων
837 1390 906 1432 τε
928 1367 1039 1443 καὶ
1059 1372 1355 1451 χαλαζῶν
1375 1369 1485 1435 καὶ
1505 1366 1766 1447 ἀξόνων
1787 1370 1897 1437 καὶ
1918 1373 2266 1456 τροχιλίων

266 1467 377 1532 καὶ
396 1470 778 1548 σαλπίγγων
810 1464 922 1530 καὶ
954 1461 1180 1531 αὐλῶν
1212 1467 1322 1532 καὶ
1344 1472 1678 1551 συρίγγων
1700 1468 1812 1533 καὶ
1842 1465 2111 1533 πάντων
2147 1461 2267 1548 ὀρ-

265 1561 492 1647 γάνων
511 1561 770 1646 φωνάς,
817 1563 928 1630 καὶ
961 1566 1055 1629 ἔτι
1086 1568 1316 1628 κυνῶν
1348 1564 1458 1630 καὶ
1490 1561 1844 1648 προβάτων
1863 1564 1972 1631 καὶ
2009 1561 2265 1648 ὀρνέων

269 1660 640 1744 φθόγγους·
686 1662 794 1726 καὶ
818 1663 996 1726 ἔσται
1020 1658 1101 1745 δὴ
1126 1656 1166 1745 ἡ
1190 1659 1433 1726 τούτου
1465 1662 1631 1739 λέξις
1661 1659 1882 1726 ἅπασα
1923 1657 2031 1726 διὰ
2066 1659 2268 1745 μιμή-
2302 1673 2342 1723 Β

270 1779 434 1833 σεως
476 1770 728 1840 φωναῖς
772 1781 840 1823 τε
872 1758 983 1825 καὶ
1016 1756 1371 1842 σχήμασιν,
1411 1753 1457 1842 ἢ
1496 1756 1780 1842 σμικρόν
1810 1783 1874 1824 τι
1908 1758 2268 1843 διηγήσεως

271 1858 540 1938 ἔχουσα;
579 1851 857 1939 Ἀνάγκη
872 1904 889 1936 ,
916 1857 1041 1939 ἔφη
1056 1904 1074 1937 ,
1099 1854 1209 1922 καὶ
1232 1860 1449 1921 τοῦτο.
1544 1859 1768 1921 Ταῦτα
1789 1860 2052 1937 τοίνυν,
2092 1844 2179 1937 ήν
2202 1853 2264 1917 δ’

269 1948 432 2034 έγῶ,
462 1953 689 2033 ἔλεγον
706 1946 787 2016 τὰ
813 1949 937 2017 δύο
961 1953 1100 2036 εἴδη
1121 1956 1235 2036 τῆς
1259 1952 1507 2031 λέξεως.
1529 1947 1533 1951 ’
1583 1951 1716 2017 Καὶ
1736 1947 1864 2034 γὰρ
1888 1954 2095 2035 ἔστιν,
2120 1954 2266 2035 ἔφη.

271 2045 544 2117 Οὐκοῦν
565 2044 796 2116 αὐτοῖν
828 2045 901 2115 τὸ
939 2048 1063 2134 μὲν
1097 2047 1380 2135 σμικρὰς
1411 2049 1526 2127 τὰς
1558 2048 1925 2137 μεταβολὰς
1960 2054 2117 2135 ἔχει,
2162 2051 2271 2116 καὶ

269 2149 390 2216 ἐάν
411 2175 507 2225 τις
527 2146 824 2236 ἀποδιδῷ
836 2148 1221 2232 πρέπουσαν
1243 2147 1568 2234 ἁρμονίαν
1585 2152 1693 2215 καὶ
1708 2147 1976 2236 ῥυθμὸν
1988 2155 2066 2235 τῇ
2086 2149 2269 2230 λέξει,

272 2244 503 2330 ὀλίγου
527 2243 693 2329 πρὸς
713 2244 837 2330 τὴν
859 2242 1071 2329 αὐτὴν
1092 2252 1386 2331 γίγνεται
1408 2250 1623 2331 λέγειν
1656 2252 1747 2333 τῷ
1771 2241 1992 2331 ὀρθῶς
2015 2248 2271 2336 λέγοντι

269 2346 377 2411 καὶ
399 2345 472 2412 ἐν
493 2351 614 2430 μιᾷ
634 2340 920 2430 ἁρμονίᾳ
938 2380 1025 2395 -
1046 2348 1313 2430 σμικραὶ
1332 2343 1461 2430 γὰρ
1484 2348 1557 2411 αἱ
1576 2350 2036 2430 μεταβολαί-
2058 2346 2166 2411 καὶ
2188 2341 2268 2428 δὴ

271 2446 343 2507 ἐν
364 2443 608 2527 ῥυθμῷ
641 2436 955 2517 ὡσαύτως
987 2448 1417 2530 παραπλησίω
1453 2450 1612 2517 τινί·
1655 2446 1916 2527 Κομιδῆ
1958 2442 2078 2527 μὲν
2122 2434 2267 2521 οὖν,
2309 2462 2347 2514 c
2415 2485 2420 2491 -

272 2544 399 2623 ἔφη
413 2588 433 2622 ,
464 2535 677 2615 ούτως
695 2541 839 2622 ἔχει.
904 2542 989 2605 Τί
997 2532 1077 2605 δὲ
1102 2539 1174 2605 τὸ
1197 2546 1319 2605 τοῦ
1342 2541 1568 2625 ἑτέρου
1591 2538 1792 2619 εἷδος;
1817 2539 1899 2605 ού
1918 2545 2053 2605 τῶν
2076 2541 2272 2605 έναν-

270 2643 430 2706 τίων
453 2637 686 2718 δεῖται,
724 2641 959 2701 πασῶν
990 2633 1169 2720 μὲν”
1132 2643 1505 2721 αρμονιῶν,
1553 2660 1823 2702 παντων
1857 2636 1927 2704 δὲ
1964 2638 2270 2751 ῥυθμῶν,

274 2737 333 2799 εἰ
350 2734 569 2818 μέλλει
590 2724 678 2796 αὖ
701 2736 956 2809 οἰκείως
977 2735 1288 2817 λέγεσθαι
1301 2783 1321 2817 ,
1347 2732 1453 2800 διὰ
1473 2730 1547 2800 τὸ
1564 2732 1990 2810 παντοδαπὰς
2009 2731 2273 2818 μορφὰς
2375 2737 2378 2740 ’

271 2836 406 2895 τῶν
428 2834 812 2913 μεταβολῶν
846 2832 1046 2913 ἔχωνς
1089 2832 1220 2897 Καὶ
1254 2828 1517 2913 σφόδρα
1549 2856 1626 2915 γε
1659 2856 1872 2908 ουτως
1905 2835 2050 2915 ἔχει.
2127 2822 2269 2915 Ἆρ’

274 2952 402 2993 ουν
424 2923 663 3002 πάντες
696 2951 759 2992 οι
743 2928 1044 3012 ’ποιηταὶ
1077 2927 1185 2993 καὶ
1209 2931 1277 2993 οί
1291 2953 1354 2993 τι
1375 2923 1739 3012 λέγοντες’“
1697 2954 1734 3014 η
1759 2935 1852 3015 τῷ
1886 2928 2081 3016 ἑτέρῳ
2116 2928 2276 2994 τού-

252 3041 410 3090 ,κτων
451 3023 959 3109 ἑπιτυγχανουσι
998 3023 1184 3113 τύπω
1224 3026 1343 3111 τῆς
1382 3028 1611 3114 λέξεως
1657 3019 1703 3111 ἦ
1753 3030 1861 3092 τῶ
1894 3026 2089 3116 ἑτέρω
2121 3053 2163 3112 η
2210 3029 2274 3105 ἐξ

224 3129 229 3134 ’
275 3118 667 3206 οἶμφοτερων
686 3122 815 3189 τινὶ
837 3117 1431 3210 ξυγκεραννύντεςς
1465 3119 1784 3210 Ἆναγκη,
1811 3129 1956 3241 ἔφή.
2042 3130 2126 3192 Τί
2144 3116 2271 3191 οὖν
2305 3134 2350 3185 1)

275 3217 668 3303 ποιήσομεν;
690 3210 776 3302 ἦν
800 3215 863 3285 δ’
889 3219 1048 3303 ἐγώ·
1074 3219 1357 3305 πότερον
1382 3226 1471 3298 εἰς
1492 3219 1615 3307 τὴν
1633 3221 1828 3290 πόλιν
1843 3245 2094 3298 παντας
2116 3222 2277 3288 τού-

273 3342 430 3396 τους
471 3311 1064 3402 παραδεξόμεθα”
1018 3345 1061 3403 η
1108 3325 1243 3384 τῶν
1282 3315 1593 3404 ἀκράτων
1645 3317 1764 3386 τὸν
1805 3320 2030 3403 ἕτερον
2071 3315 2115 3405 ἢ
2157 3319 2277 3385 τὸν

274 3416 717 3500 κεκραμένους
754 3412 907 3482 Ἐὰν
938 3442 980 3501 η
1013 3417 1162 3502 ἐμή,
1208 3422 1369 3503 ἔφη,
1413 3443 1601 3506 νικα,
1646 3415 1763 3485 τὸν
1797 3425 1918 3484 τοῦ
1952 3419 2277 3493 ἐπιεικοῦς
