2602 3928
208 220 277 277 ιτ
388 233 399 242 ·
1012 213 1269 273 TIMA
1282 215 1472 276 102.
1546 190 1562 201 ”
2103 213 2229 279 375

208 383 396 443 λιστα
419 372 619 460 ἰδρύῃ
640 372 807 444 κατοὶ
835 373 1068 459 φύσιν,
1091 371 1224 460 ἡδὺ
1246 374 1359 442 καὶ
1387 372 1750 459 προσφιλὲς
1772 377 1969 444 παντὶ
1992 383 2128 443 πᾶν
2153 374 2226 444 τό

206 479 515 542 τοιοῦτον
536 480 697 558 ἴαμα,
720 479 853 538 τῶν
875 477 1112 557 βιαίων
1128 472 1545 557 παθημάτων
1566 471 1970 557 γιγνόμενον
1991 476 2231 559 κέκλη-

206 595 317 636 ται
351 566 588 652 γλυκύ.

377 670 587 732 ΧΧΙΧ.
630 666 763 732 Καὶ
785 664 864 733 τὰ
886 664 1010 751 μὲν
1034 665 1242 754 ταύτῃ
1264 674 1471 733 ταῦτα
1488 692 1503 706 ·
1552 668 1704 752 περὶ
1738 669 1811 734 δὲ
1832 665 1913 753 δὴ
1940 668 2066 753 τήν
2096 675 2231 735 τῶν
2267 673 2308 722 D

210 764 575 849 μυκτήρων
599 762 907 849 δύναμιν,
929 767 1069 849 εἴδη
1094 764 1217 849 μὲν
1238 761 1366 830 οὐκ
1402 768 1501 831 ἔνι
1519 789 1534 805 ·
1577 762 1651 831 τὸ
1676 762 1806 850 γὰρ
1834 770 1972 834 τῶν
2002 762 2236 853 ὀσμῶν

210 868 351 928 πᾶν
372 857 693 948 ἡμιγενές,
724 865 886 930 εἴδει
908 864 979 929 δὲ
1011 858 1240 932 οὐδενὶ
1270 865 1641 949 ξυμβέβηκε
1675 867 2033 950 ξυμμετρία
2067 863 2236 949 πρὸς

210 956 288 1025 τό
331 984 483 1028 τινα
518 964 690 1046 ἔχειν
732 954 979 1045 ὀσμήν·
1024 955 1172 1026 ἀλλ’
1210 955 1403 1045 ἡμῶν
1444 963 1519 1027 αἱ
1550 961 1700 1043 περὶ
1740 966 1951 1036 ταῦτα
1997 964 2237 1048 φλέβες

213 1053 384 1140 πρὸς
404 1059 527 1142 μὲν
547 1055 627 1123 τὰ
660 1064 783 1143 γῆς
816 1055 1062 1135 ὕδατός
1097 1082 1165 1124 τε
1201 1060 1361 1177 γένη
1396 1057 1773 1145 στενότεραι
1805 1062 2235 1145 ξυνέστησαν,

214 1151 381 1237 πρὸς
406 1153 477 1221 δε
498 1152 578 1222 τὰ
597 1153 809 1240 πυρὸς
843 1152 1035 1242 ἀέρος
1070 1180 1140 1223 τε
1171 1152 1545 1244 εὐρύτεραι,
1584 1153 1685 1223 διὸ
1724 1155 1984 1230 τούτων
2020 1153 2238 1238 οὐδεὶς

211 1247 493 1329 οὐδενὸς
513 1250 719 1338 ὀσμῆς
741 1251 1005 1324 πώποτε
1036 1250 1288 1340 ᾔσθετό
1320 1277 1519 1338 τινος,
1556 1248 1723 1322 ἀλλὰ
1751 1249 1795 1338 ἦ
1816 1259 2238 1376 βρεχομένων

215 1375 256 1434 η
230 1343 743 1435 ”σηπομένων“
698 1377 739 1435 η
777 1354 1163 1437 τηκομένων
1196 1344 1242 1436 ἢ
1275 1350 1727 1436 θυμιωμένων
1757 1351 2104 1435 γίγνονταί
2135 1377 2236 1419 τι-

214 1473 373 1518 νων.
420 1446 943 1534 μεταβάλλοντος
984 1446 1114 1534 γὰρ
1159 1446 1404 1526 ὕδατος
1446 1453 1538 1527 εἰς
1576 1444 1740 1530 α’έρα
1782 1445 1976 1533 ἀέρος
2017 1473 2089 1520 τε
2132 1453 2223 1528 εἰς
2263 1464 2305 1514 Ε

216 1542 403 1629 ὕδωρ
426 1547 502 1611 ἐν
522 1552 614 1633 τῷ
636 1545 881 1632 μεταξὺ
905 1548 1166 1616 τούτων
1183 1544 1567 1631 γεγόνασιν,
1594 1548 1717 1616 εἰσὶ
1754 1545 1825 1614 δὲ
1848 1542 2046 1632 ὀσμαὶ
2069 1545 2234 1631 ξύμ-

217 1659 426 1710 πασαι
457 1643 713 1723 καπνὸς
745 1641 789 1730 ἢ
827 1643 1091 1732 ὁμίχλη·
1132 1644 1395 1713 τούτων
1438 1645 1509 1713 δὲ
1539 1641 1614 1712 τὸ
1650 1642 1774 1730 μὲν
1804 1646 1869 1725 ἐξ
1913 1640 2108 1732 ἀέρος
2144 1650 2236 1723 εἰς

218 1737 404 1825 ὕδωρ
429 1736 533 1808 cdv
554 1739 810 1829 ὁμίχλη,
832 1741 906 1810 τὸ
943 1742 1017 1811 δὲ
1036 1746 1102 1826 ἐξ
1134 1741 1379 1821 ὕδατος
1412 1748 1503 1820 εἰς
1539 1739 1701 1831 ἀέρα
1736 1742 2017 1821 καπνός·
2068 1740 2237 1809 ὅθεν

214 1835 602 1925 λεπτότεραι
622 1843 748 1925 μὲν
768 1839 1033 1927 ὕδατος,
1059 1842 1423 1928 παχύτεραι
1447 1839 1518 1908 δὲ
1536 1836 1735 1928 ὀσμαὶ
1758 1840 2094 1925 ξύμπασαι
2120 1865 2235 1925 γε-

214 1936 499 2024 γόνασιν
521 1934 737 2025 ἀέρος,
762 1943 1123 2026 δηλοῦνται
1145 1943 1237 2027 δέ,
1261 1937 1520 2008 ὁπόταν
1541 1936 1718 2020 τινὰς
1741 1936 2234 2027 ἀντιφραχθέν-

216 2062 328 2114 τος
350 2037 502 2120 περὶ
526 2034 650 2122 τὴν
669 2034 1020 2126 ἀναπνοὴν
1044 2037 1174 2126 ἄγῃ
1194 2065 1292 2118 τις
1313 2043 1427 2127 βία
1454 2034 1528 2105 τὰ
1568 2044 1830 2124 πνεῦμα
1866 2043 1957 2119 εἰς
1990 2034 2202 2105 αὑτόν
2218 2062 2232 2075 ·
2297 2080 2301 2085 -

216 2134 366 2209 τότε
399 2131 528 2217 γὰρ
571 2132 740 2223 ὀσμὴ
777 2136 899 2222 μὲν
934 2134 1211 2223 οὐδεμία
1246 2140 1718 2222 ξυνδιηθεῖται,
1754 2133 1827 2205 τὸ
1867 2135 1939 2203 δὲ
1970 2140 2238 2220 πνεῦμα

216 2239 357 2300 τῶν
392 2229 622 2318 ὀσμῶν
652 2237 1000 2321 έρημωθὲν
1024 2233 1187 2303 αὐτὰ
1210 2235 1424 2322 μόνον
1445 2235 1687 2302 ἕπεται.
1744 2231 1832 2301 δι’
1868 2224 1995 2300 οὖν
2028 2237 2238 2300 ταῦτα

215 2326 543 2415 οἷνῶνυμα
565 2329 647 2399 τοὶ
669 2333 930 2402 τούτων
951 2338 1347 2419 ποικίλματα
1369 2335 1663 2416 γέγονεν,
1700 2327 1826 2398 οὐκ
1860 2334 1933 2399 ἐκ
1966 2336 2233 2406 πολλῶν
2266 2349 2336 2406 67

217 2426 369 2498 οὐδ’
392 2425 628 2498 ἁπλῶν
648 2437 848 2500 εἰδῶν
867 2430 1054 2516 ὅντα,
1079 2428 1251 2498 ἀλλὰ
1276 2434 1426 2516 διχῇ
1447 2429 1524 2497 τό
1543 2428 1622 2497 θ’
1646 2425 1778 2514 ἡδὺ
1801 2430 1912 2497 καὶ
1932 2425 2006 2497 τὰ
2032 2437 2236 2515 λυπη-

220 2524 348 2612 ρὸν
370 2525 614 2597 αὐτόθι
637 2529 824 2615 μόνω
847 2534 1143 2615 διαφανῆ
1170 2531 1519 2614 λέγεσθον,
1556 2526 1629 2595 τὸ
1654 2527 1777 2615 μὲν
1797 2526 2132 2615 τραχῦνόν
2166 2551 2237 2594 τε

218 2627 330 2695 καὶ
351 2627 744 2713 βιαζόμενον
764 2626 838 2697 τὸ
863 2628 1063 2707 κύτος
1097 2625 1296 2712 ἅπαν,
1335 2626 1500 2694 ὅσον
1533 2622 1724 2713 ημῶν
1754 2623 1996 2712 μεταξὺ
2030 2649 2241 2714 κορυ-

221 2730 354 2809 φῆς
394 2733 518 2792 τοῦ
556 2750 627 2792 τε
670 2724 985 2812 ὀμφαλοῦ
1025 2739 1251 2807 κεῖται,
1294 2724 1370 2791 τὸ
1418 2724 1491 2794 δὲ
1526 2720 1772 2793 ταύτὸν
1802 2730 2000 2791 τοῦτο
2036 2749 2243 2792 κατα-

218 2832 525 2906 πραϋνον
545 2825 657 2893 καὶ
676 2825 882 2895 πάλιν
913 2818 959 2912 ᾗ
991 2830 1290 2911 πέφυκεν
1325 2823 1676 2911 αγαπητῶς
1712 2822 2055 2895 ἀποδιδόν.
2099 2828 2243 2909 τρί-

218 2944 340 2987 τον
360 2919 432 2989 δὲ
455 2921 851 3009 αἰσθητικὸν
872 2919 1004 2990 ἐν’
967 2937 1126 3008 ημῖν
1151 2926 1350 3008 μέρος
1382 2924 1817 2991 ἐπισκοποῦσι
1845 2919 1920 2989 τὰ
1946 2923 2098 3006 περὶ
2119 2919 2243 3008 τὴν

213 3014 453 3104 ἀκοήν,
488 3017 579 3087 δι’
616 3017 695 3099 ἃς
725 3027 935 3100 αἰτίας
973 3019 1054 3088 τὰ
1088 3023 1238 3106 περὶ
1273 3018 1437 3088 αὐτὸ
1474 3024 1817 3107 ξυμβαίνει
1855 3027 2237 3106 παθήματα,
2276 3042 2316 3091 Β

220 3116 510 3184 λεκτέον.
555 3115 728 3197 ὅλως
748 3123 872 3205 μὲν
906 3112 1033 3188 οὖν
1067 3117 1307 3206 φωνὴν
1340 3126 1575 3205 θῶμεν
1612 3117 1736 3205 τὴν
1763 3114 1855 3191 δι’
1890 3118 2081 3188 ῶτων
2120 3114 2239 3184 ὑπ’

223 3211 418 3299 ἀέρος
445 3214 825 3301 ἐγκεφάλου
844 3242 916 3285 τε
939 3221 1050 3285 καὶ
1077 3222 1348 3303 αἵματος
1367 3218 1555 3303 μέχρι
1577 3224 1790 3303 ψυχῆς
1811 3215 2072 3303 πληγὴν
2095 3219 2243 3283 δια-

221 3316 599 3399 διδομένην,
626 3311 753 3400 τὴν
787 3315 859 3382 δὲ
895 3312 1012 3382 ὑπ’
1059 3313 1261 3401 αὐτῆς
1296 3322 1583 3402 κίνησιν,
1626 3312 1757 3383 ἀπὸ
1795 3321 1910 3399 τῆς
1952 3318 2245 3399 κεφαλῆς

217 3409 343 3496 μὲν
365 3408 759 3499 ἀρχομένην,
774 3421 1186 3483 τελευτῶσαν
1209 3412 1279 3482 δὲ
1305 3416 1453 3497 περὶ
1476 3410 1598 3499 τὴν
1612 3418 1732 3480 τοῦ
1757 3409 2004 3497 ἥπατος
2016 3411 2242 3496 ἕδραν,
