2602 3928
887 238 1470 297 ΠΟΛΙΤΕΙΑΣ
1502 233 1579 312 β’.
2166 237 2245 300 53

232 397 340 471 οἶα
363 401 443 488 δὴ
468 405 543 471 ἐν
563 398 791 486 ἀγροῖς
811 397 1130 485 ἑψήματα,
1155 396 1543 484 ἑψήσονται·
1569 399 1680 467 καὶ
1705 398 2086 486 τραγήματά
2111 424 2244 468 που

234 498 722 584 παραθήσομεν
755 493 980 574 αὐτοῖς
1011 503 1150 564 τῶν
1183 520 1254 563 τε
1288 495 1519 562 σύκων
1565 498 1676 564 καὶ
1718 501 2088 584 ἐρεβίνθων
2133 496 2244 567 καὶ

233 596 545 681 κυάμων,
577 598 686 663 καὶ
720 593 938 680 μύρτα
972 596 1084 660 καὶ
1119 592 1379 679 φηγούς
1412 597 1765 660 σποδιοῦσι
1797 594 1965 681 πρὸς
1985 592 2059 662 τό
2083 601 2241 679 πῦρ,
2284 607 2326 656 D

235 700 511 780 μετρίως
553 690 1022 771 ὑποπίνοντες·
1064 693 1175 761 καὶ
1221 689 1400 758 οὕτω
1445 689 1785 776 διάγοντες
1829 689 1949 759 τὸν
1986 699 2139 780 βίον
2172 696 2244 760 ἐν
2321 760 2331 781 χ

235 791 465 880 εἰρήνῃ
484 789 647 877 μετὰ
668 788 938 877 ὑγιείας,
965 787 1055 868 ὥς
1076 787 1272 877 εἰκός,
1295 791 1558 876 γηραιοὶ
1579 797 2010 869 τελευτῶντες
2038 789 2245 859 ἄλλον

233 897 544 959 τοιοῦτον
574 897 726 979 βίον
769 904 905 969 τοῖς
941 889 1245 975 ἐκγόνοις
1281 889 1819 974 παραδώσουσιν.
1867 890 1975 956 καὶ
2011 886 2116 973 ὅς,
2159 895 2248 957 Εἰ

235 989 309 1059 δὲ
340 987 486 1058 ὑῶν
516 989 747 1073 πόλιν,
797 981 852 1057 ὦ
883 989 1274 1076 Σώκρατες,
1319 993 1479 1075 ἔφη,
1518 989 2013 1073 κατεσκεύαζες,
2056 993 2126 1056 τί
2156 983 2246 1055 ἄν

235 1084 442 1165 αύτὰς
462 1084 625 1155 ἄλλο
646 1082 692 1174 ἦ
712 1092 919 1154 ταῦτα
940 1086 1306 1173 ἐχόρταζεςς
1345 1083 1539 1153 Ἀλλὰ
1557 1091 1699 1165 πῶς
1715 1085 1860 1170 χρή,
1884 1076 1974 1172 ἧν
1999 1081 2060 1152 δ’
2089 1083 2242 1177 ἐγώ,

234 1177 288 1254 αἶ
308 1185 674 1268 Γλαύκων;
698 1183 905 1272 “Auso
939 1190 1295 1271 νομίζεται,
1342 1190 1473 1270 ἔφη
1490 1208 1504 1223 ·
1552 1187 1663 1253 ἐπί
1676 1208 1747 1250 τε
1769 1189 2018 1252 κλινῶν
2038 1209 2243 1251 κατα-

236 1293 533 1368 κεῖσθαι,
577 1282 790 1369 οῇιαι,
826 1280 985 1362 τοὺς
1011 1287 1369 1369 μέλλοντας
1390 1283 1479 1369 μὴ
1501 1289 2097 1368 ταλαιπωρεῖσθαι,
2133 1282 2245 1348 καὶ

235 1377 365 1447 ἀπὸ
398 1385 739 1466 τραπεζῶν
773 1383 1067 1450 δειπνεῖν
1095 1382 1208 1449 καὶ
1229 1379 1366 1461 ὄψα
1400 1375 1571 1467 ἅπερ
1606 1380 1717 1448 καὶ
1750 1382 1818 1447 οἰ
1846 1385 1979 1446 νῦν
2011 1385 2235 1464 ἔχουσι
2271 1398 2312 1447 Ε

232 1478 344 1544 καὶ
363 1475 766 1564 τραγήματα.
821 1475 1013 1561 Εἶεν,
1036 1469 1126 1563 ἦν
1147 1474 1210 1544 δ’
1240 1476 1391 1563 ἐγώ,
1417 1477 1746 1563 μανθάνω
1764 1502 1778 1516 ·
1804 1474 1887 1545 οὐ
1907 1475 2125 1559 πόλιν,
2158 1471 2246 1554 ὥς

233 1579 426 1660 ἔοικε,
452 1582 835 1661 σκοποῦμεν
854 1575 1069 1661 μόνον
1089 1573 1270 1653 ὅπως
1303 1584 1595 1660 γίγνεται
1609 1625 1630 1662 ,
1650 1572 1818 1644 ἀλλὰ
1841 1577 1952 1643 καὶ
1971 1580 2246 1659 τρυφῶ-

234 1698 365 1742 σαν
383 1674 600 1743 πόλιν.
629 1683 787 1753 ἴσως
809 1667 935 1743 οὖν
958 1671 1116 1742 οὐδὲ
1132 1682 1357 1753 κακῶς
1380 1680 1506 1760 ἔχει
1520 1699 1535 1714 ·
1558 1681 1966 1752 σκοποῦντες
1981 1672 2110 1761 γάρ
2134 1675 2246 1741 καὶ

241 1773 558 1860 τοιαύτην
576 1771 721 1859 τάχ’
758 1768 847 1840 ἂν
865 1778 1244 1860 κατίδοιμεν
1265 1773 1391 1860 τήν
1412 1799 1483 1840 τε
1507 1772 1945 1859 δικαιοσύνην
1965 1774 2076 1840 καὶ
2099 1769 2245 1838 ἄδι-

238 1881 392 1939 κίαν
425 1867 558 1959 ὅπῃ
590 1871 750 1939 ποτε
783 1885 923 1950 ταῖς
957 1872 1230 1941 πόλεσιν
1261 1871 1651 1959 ἐμφύονται.
1697 1868 1887 1958 ἡμὲν
1921 1862 2047 1938 οὖν
2081 1867 2245 1956 άλη-

232 1968 394 2057 θινὴ
419 1969 607 2048 πόλις
629 1974 818 2038 δοκεῖ
829 1997 942 2057 μοι
962 1969 1131 2039 εἶναι
1149 1969 1239 2058 ἢν
1260 1972 1781 2059 διεληλύθαμεν,
1809 1969 2031 2054 ὥσπερ
2056 1968 2246 2056 ὑγιής

234 2095 331 2148 τις
348 2094 361 2107 ·
402 2074 464 2136 εί
498 2067 564 2136 δ’
597 2061 687 2135 αὖ
707 2069 1041 2157 βούλεσθε
1063 2072 1171 2139 καὶ
1190 2075 1740 2158 φλεγμαίνουσαν
1761 2070 1957 2138 πόλιν
1976 2068 2245 2155 θεωρή-

235 2187 489 2253 σωμεν,
526 2165 730 2235 οὐδὲν
752 2164 1145 2237 ἀποκωλύει.
1190 2176 1399 2236 ταῦτα
1418 2166 1549 2255 γὰρ
1574 2166 1655 2254 δή
1678 2189 1881 2253 τισιν,
1932 2164 2021 2246 ὥς
2043 2170 2242 2251 δοκεῖ,

240 2263 366 2333 οὐκ
390 2268 742 2353 ἐξαρκέσει,
766 2262 917 2334 οὐδ’
943 2265 1111 2354 αῦτη
1132 2264 1175 2354 ἡ
1200 2272 1444 2353 δίαιτα,
1485 2265 1653 2337 ἀλλὰ
1675 2273 1897 2335 κλῖναί
1913 2291 1983 2333 τε
2010 2271 2253 2353 προσέ-
2279 2280 2387 2339 373

238 2383 466 2432 σονται
497 2366 607 2432 καὶ
641 2365 954 2453 τράπεζαι
986 2367 1098 2434 καὶ
1141 2358 1349 2435 τᾶλλα
1391 2365 1596 2453 σκεύη
1612 2417 1630 2452 ,
1680 2368 1791 2434 καὶ
1835 2363 1971 2446 ὄψα
2014 2366 2096 2451 δὴ
2137 2372 2248 2437 καὶ

234 2462 417 2548 μύρα
456 2465 566 2530 καὶ
607 2462 1000 2549 θυμιάματα
1040 2464 1152 2532 καὶ
1194 2465 1443 2547 ἑταῖραι
1481 2467 1591 2532 καὶ
1626 2467 1959 2549 πέμματα,
2002 2463 2248 2532 ἕκαστα

238 2559 496 2627 τούτων
516 2561 906 2627 παντοδαπά
923 2587 938 2600 ·
958 2562 1072 2628 καὶ
1093 2558 1174 2646 δὴ
1188 2563 1298 2629 καὶ
1320 2557 1364 2629 ἃ
1383 2559 1459 2629 τὸ
1475 2563 2069 2646 πρῶτονέλέγομεν
2080 2559 2250 2629 οὐκ-

239 2661 333 2724 έτι
364 2654 446 2724 τὰ
482 2653 810 2741 ἀναγκαῖα
841 2663 1109 2744 θετέον,
1158 2663 1369 2736 οἰκίας
1388 2684 1458 2727 τε
1479 2661 1589 2726 καὶ
1611 2658 1837 2743 ἱμάτια
1859 2659 1970 2725 καὶ
1989 2655 2250 2744 ὑποδή-

237 2781 442 2842 ματα,
489 2753 657 2823 ἀλλὰ
688 2755 816 2842 τήν
845 2781 916 2823 τε
953 2762 1336 2844 ζωγραφίαν
1367 2760 1674 2843 κινητέον
1704 2758 1816 2825 καὶ
1846 2755 2104 2843 χρυσὸν
2136 2760 2247 2824 καὶ

234 2854 558 2940 ἐλέφαντα
581 2854 691 2922 καὶ
713 2851 927 2921 πάντα
949 2855 1029 2921 τὰ
1051 2860 1325 2923 τοιαῦτα
1351 2858 1640 2939 κτητέον.
1665 2845 1711 2938 ἦ
1732 2852 1898 2939 γάρ,
1880 2882 1896 2899 ·
1919 2859 2076 2934 Ναί,
2101 2859 2246 2940 ἔφη.
2287 2875 2328 2925 Β

243 2950 517 3020 Οὐκοῦν
543 2950 811 3037 μείζονά
845 2976 917 3019 τε
937 2943 1028 3018 αὖ
1049 2953 1172 3038 τὴν
1192 2951 1393 3020 πόλιν
1429 2954 1535 3019 δεῖ
1548 2963 1793 3029 ποιεῐνς
1817 2954 2033 3037 ἐκείνη
2054 2947 2186 3037 γὰρ
2208 2946 2249 3036 ἡ

239 3045 497 3134 ὑγιεινὴ
523 3046 746 3116 οὐκέτι
768 3048 987 3135 ἱκανή,
1012 3045 1149 3117 ἀλλ’
1174 3047 1352 3136 ᾔδη’
1325 3050 1534 3148 ὄγκου
1556 3050 1927 3133 ἐμπληστέα
1948 3050 2056 3114 καὶ
2081 3046 2250 3133 πλή-

237 3157 443 3233 θους,
489 3143 535 3214 ἃ
568 3145 790 3216 οὐκέτι
822 3155 944 3215 τοῦ
979 3145 1408 3235 άναγκαίου“
1368 3148 1565 3218 ενεκά
1593 3150 1772 3216 ἐστιν
1794 3150 1868 3216 ἐν
1890 3162 2031 3225 ταῖς
2052 3148 2252 3214 πόλε-

241 3266 370 3330 σιν,
396 3241 544 3313 οἷον
565 3249 634 3312 οι
647 3270 717 3311 τε
738 3250 1063 3332 θηρευταὶ
1086 3245 1350 3329 πάντες,
1374 3250 1444 3315 οι
1458 3272 1529 3314 τε
1549 3253 1851 3334 μιμηταί,
1875 3247 2106 3314 πολλοὶ
2130 3244 2253 3330 μὲν

239 3347 306 3411 οἰ
336 3344 487 3430 περὶ
521 3368 602 3409 τα
640 3342 935 3429 σχήματά
971 3371 1040 3413 τε
1082 3347 1192 3412 καὶ
1235 3345 1579 3432 χρώματα,
1624 3346 1859 3414 πολλοὶ
1894 3347 1967 3412 δὲ
1999 3346 2067 3411 oc
2103 3342 2253 3426 περὶ

237 3440 590 3528 μουσικήν,
610 3448 877 3528 ποιηταί
888 3467 957 3509 τε
978 3444 1088 3510 καὶ
1107 3442 1364 3511 τούτων
1381 3440 1721 3530 ὑπηρέται,
1741 3444 2059 3530 ῥαψῳδοί,
2081 3436 2253 3506 ὑπο-
