2602 3928
370 221 499 283 226
1107 222 1314 279 ΠΛΑ
1334 220 1681 279 ΤΩΝΟΣ

372 382 462 468 μὴ
487 382 873 450 παντάπασί
896 377 965 465 γ’
1002 372 1049 468 ᾖ
1084 377 1358 464 εὐφυής.
1406 379 1496 447 Τό
1529 386 1699 463 γοῦν
1733 384 1865 446 νῦν
1901 375 2276 467 ἁμάρτημα,
2298 372 2387 467 ἦν

375 477 439 546 δ’
468 477 620 564 ἐγώ,
647 477 820 565 καὶὴ
846 476 1065 563 ἀτιμία
1087 483 1453 565 φιλοσοφίᾳ
1479 475 1587 545 διὰ
1609 485 1817 544 ταῦτα
1848 481 2385 562 προσπέπτωκεν,

375 573 415 642 ὃ
434 579 544 643 καὶ
566 574 892 663 πρότερον
914 575 1122 660 εἶπον,
1143 572 1245 644 ὅτι
1268 572 1353 640 οὐ
1385 570 1534 642 κατ’
1576 572 1770 654 άξίαν
1802 573 2007 661 αὐτῆς
2036 572 2354 643 ἅπτονται
2368 600 2384 616 ·

377 670 460 739 οὐ
481 670 609 759 γὰρ
632 673 885 752 νόθους
907 676 1038 740 ἔδει
1062 672 1413 756 ἅπτεσθαι,
1441 667 1609 739 ἄλλα
1633 678 1965 757 γνησίους.
2009 680 2197 752 Πῶς;
2237 677 2384 757 ἔφη.

298 781 337 830 D
374 775 660 854 Πρῶτον
700 771 843 856 μέν,
883 768 1090 851 εἶπον,
1136 774 1496 855 φιλοπονίᾳ
1534 767 1617 836 οὐ
1655 768 1873 852 χωλὸν
1917 773 2023 837 δεῖ
2059 769 2225 838 εἶναι
2265 769 2388 837 τὸν

375 864 741 953 ἁψόμενον,
769 863 849 933 τὰ
884 867 1009 952 μὲν
1033 862 1269 952 ἡμίσεα
1306 864 1697 951 φιλόπονον,
1735 865 1813 933 τὰ
1849 863 1910 933 δ’
1947 862 2181 952 ἡμίσεα
2217 865 2389 934 ἄπο-

376 991 500 1032 νον
515 991 529 1006 ·
562 969 699 1033 ἔστι
722 968 794 1032 δὲ
815 973 1033 1050 τοῦτο,
1056 963 1218 1031 ὅταν
1245 989 1342 1041 τις
1362 960 1898 1049 φιλογυμναστὴς
1918 965 2041 1047 μὲν
2060 964 2169 1032 καὶ
2194 961 2378 1047 φιλό-

373 1071 587 1147 θηρος
614 1056 661 1149 ᾗ
681 1063 793 1131 καὶ
813 1062 1033 1129 πάντα
1055 1059 1135 1129 τὰ
1159 1059 1267 1129 διὰ
1301 1066 1427 1128 τοῦ
1461 1060 1764 1146 σώματος
1799 1066 2154 1146 φιλοπονῇ,
2192 1070 2380 1146 φιλο-

376 1156 600 1246 μαθὴς
621 1161 693 1225 δὲ
713 1160 825 1245 μή,
847 1162 1009 1245 μηδὲ
1034 1157 1352 1245 φιλήκοος
1372 1158 1537 1244 μηδὲ
1557 1156 1913 1245 ζητητικός,
1949 1154 2097 1224 ἀλλ’
2132 1160 2207 1225 έν
2227 1165 2395 1224 πᾶσι

376 1255 638 1334 τούτοις
658 1262 988 1344 μισοπονῇ
1002 1283 1018 1299 ·
1060 1254 1270 1342 χωλός
1293 1258 1495 1324 δὲκαὶ
1520 1256 1556 1322 ὁ
1582 1254 1899 1323 τάναντία
1924 1255 2168 1323 τούτου
2189 1281 2378 1342 μετα-

374 1350 713 1440 βεβληκώς
751 1351 876 1439 τὴν
934 1359 1352 1439 φιλοπονίαν.
1437 1351 1898 1441 Ἀληθέστατα,
1957 1358 2104 1439 ἔφη,
2161 1358 2388 1439 λέγεις.

382 1447 656 1518 Οὐκοῦν
673 1453 785 1518 καὶ
807 1448 972 1535 πρὸς
993 1448 1338 1537 ἀλήθειαν,
1361 1445 1452 1538 ἦν
1475 1450 1539 1519 δ’
1563 1451 1716 1538 ἐγώ,
1731 1448 1980 1518 ταύτόν
1998 1458 2196 1519 τοῦτο
2219 1448 2390 1517 ἀνά-

305 1566 344 1616 Ε
381 1574 597 1635 πηρον
616 1549 838 1635 ψυχὴν
859 1550 1181 1637 θήσομεν,
1205 1548 1252 1636 ἢ
1273 1544 1361 1617 ἄν
1381 1547 1455 1617 τὰ
1479 1548 1602 1635 μὲν
1626 1550 1934 1619 ἑκούσιον
1953 1553 2200 1629 ψεῦδος
2229 1556 2389 1636 μισῇ

380 1650 487 1715 καὶ
508 1654 807 1734 χαλεποῖς
829 1653 1000 1737 φέρῃ
1023 1646 1190 1735 αὐτή
1211 1675 1281 1716 τε
1305 1651 1416 1717 καὶ
1432 1649 1675 1732 ἑτέρων
1688 1650 2120 1734 ψευδομένων
2137 1644 2387 1735 ὑπερα-

381 1754 697 1834 γανακτῇ,
720 1744 793 1814 τὸ
833 1744 892 1813 δ’
931 1747 1254 1815 ἀκούσιον
1288 1744 1582 1824 εὐκόλως
1614 1749 2047 1832 προσδέχηται
2077 1749 2187 1813 καὶ
2216 1745 2386 1831 άμα-

380 1842 714 1911 θαίνουσά
754 1867 887 1911 που
934 1842 1330 1930 ἁλισκομένη
1371 1843 1459 1929 μὴ
1506 1841 1863 1930 άγανακτῇ,
1910 1840 2060 1911 ἀλλ’
2107 1842 2389 1929 εὐχερῶς

382 1938 605 2024 ὥσπερ
647 1945 892 2026 θηρίον
934 1939 1120 2009 ὕειον
1153 1942 1226 2009 ἐν
1259 1936 1516 2030 άμαθία
1549 1939 1949 2028 μολύνηται;
1993 1941 2388 2010 Παντάπασι

247 2045 347 2100 536
381 2038 503 2123 μὲν
524 2030 672 2121 οὖν,
697 2042 842 2122 ἔφη.
890 2038 1021 2104 Καὶ
1042 2038 1210 2123 πρὸς
1230 2037 1702 2124 σωφροσύνην,
1724 2030 1811 2124 ἦν
1833 2037 1900 2106 δ’
1937 2037 2089 2125 ἐγώ,
2123 2041 2232 2106 καὶ
2263 2037 2385 2105 ἀνω
2466 2059 2473 2066 ·

383 2138 610 2220 δρείαν
630 2135 740 2200 καὶ
762 2141 1327 2221 μεγαλοπρέπειαν
1347 2139 1456 2203 καὶ
1481 2135 1696 2203 πάντα
1718 2135 1800 2203 τὰ
1833 2144 1948 2221 τῆς
1969 2132 2206 2223 άρετῆς
2225 2139 2388 2223 μέρη

385 2229 506 2316 οὐχ
528 2230 761 2316 ἥκιστα
785 2236 889 2300 δεῖ
906 2232 1258 2316 φυλάττειν
1285 2233 1407 2301 τὸν
1442 2233 1661 2302 νόθον
1692 2258 1763 2300 τε
1793 2234 1903 2301 καὶ
1934 2230 2054 2301 τόν
2087 2234 2367 2320 γνήσιον

383 2325 547 2395 ὅταν
567 2326 695 2412 γάρ
717 2355 814 2408 τις
836 2329 924 2415 μὴ
947 2334 1281 2417 ἐπίστηται
1300 2329 1380 2399 τὰ
1404 2339 1674 2399 τοιαῦτα
1694 2345 1967 2399 σκοπεῖν
1988 2333 2097 2398 καὶ
2130 2329 2389 2414 ἰδιώτης

378 2426 487 2491 καὶ
522 2423 732 2509 πόλις,
767 2425 1185 2495 λανθάνουσι
1225 2437 1458 2514 χωλοῖς
1498 2454 1569 2496 τε
1610 2429 1721 2497 καὶ
1765 2426 1999 2506 νόθοις
2039 2428 2386 2514 χρώμενοι,

382 2519 548 2605 πρὸς
571 2519 611 2589 ὅ
630 2549 691 2589 τι
715 2517 803 2591 ἄν
823 2523 1067 2609 τύχωσι
1091 2525 1369 2610 τούτων,
1396 2530 1467 2594 oc
1480 2526 1605 2613 μὲν
1626 2531 1862 2612 φίλοις,
1889 2529 1958 2593 οἰ
1985 2526 2056 2594 δὲ
2091 2524 2385 2612 ἄρχουσι.

383 2622 512 2686 Καὶ
533 2620 731 2705 μάλα,
758 2628 907 2706 ἔφη,
936 2621 1149 2701 οὕτως
1169 2628 1316 2709 ἔχει.
1350 2621 1547 2711 Ἡμῖν
1570 2624 1673 2709 δή,
1697 2615 1785 2708 ἦν
1805 2620 1865 2690 δ’
1893 2621 2043 2707 ἐγώ,
2072 2621 2288 2689 πάντα
2308 2618 2388 2688 τᾶ

309 2731 347 2782 Β
383 2725 653 2785 τοιαῦτα
678 2723 1164 2806 διευλαβητέον,
1191 2719 1279 2799 ὥς
1301 2719 1421 2789 ἐὰν
1440 2725 1564 2808 μὲν
1583 2720 1945 2806 ἀρτιμελεῖς
1977 2746 2046 2787 τε
2077 2722 2186 2788 καὶ
2207 2716 2392 2804 άρτί-
2488 2782 2495 2790 ,

383 2841 637 2901 φρονας
658 2818 760 2884 ἐπὶ
781 2817 1112 2903 τοσαύτην
1134 2819 1436 2906 μάθησιν
1467 2822 1575 2886 καὶ
1609 2819 1943 2906 τοσαύτην
1971 2817 2252 2902 ἄσκησιν
2273 2841 2392 2882 κο·-

383 2920 686 2999 μίσαντες
709 2915 1148 3003 παιδεύωμεν,
1181 2915 1228 3002 ἤ
1258 2942 1329 2984 τε
1354 2921 1501 3003 δίκη
1536 2915 1694 3003 ἡμῖν
1729 2913 1814 2984 ού
1847 2919 2169 3002 μέμψεται
2201 2911 2389 2997 αύτή,

383 3011 506 3096 τήν
527 3036 597 3077 τε
619 3012 819 3080 πόλιν
852 3013 963 3080 καὶ
987 3020 1320 3082 πολιτείαν
1343 3013 1667 3101 σώσομεν,
1699 3012 2007 3092 ἀλλοίους
2028 3017 2100 3080 δὲ
2120 3010 2392 3098 ἄγοντες

391 3108 497 3175 ἐπὶ
519 3114 728 3174 ταῦτα
753 3104 1067 3177 τάναντία
1090 3111 1306 3177 πάντα
1344 3113 1452 3180 καὶ
1485 3110 1817 3197 πράξομεν
1849 3112 1961 3178 καὶ
1995 3114 2391 3196 φιλοσοφίας

386 3210 478 3272 ἔτι
498 3212 699 3273 πλείω
719 3209 970 3292 γέλωτα
989 3208 1541 3296 καταντλήσομεν.
1589 3206 1885 3295 Αίσχρόν
1917 3204 2103 3294 μέντ’
2141 3201 2226 3274 ἄν
2265 3215 2392 3291 εἴη,

386 3295 430 3389 ἦ
461 3300 525 3369 δ’
551 3301 643 3382 ὅς.
687 3304 887 3372 Πάνυ
906 3307 1026 3393 μὲν
1049 3300 1196 3392 οὖν,
1220 3307 1406 3376 εἷπον
1426 3334 1440 3348 ·
1473 3318 1735 3394 γελοῖον
1757 3307 1823 3376 δ’
1850 3312 2055 3392 ἔγωγε
2075 3307 2181 3374 καὶ
2207 3308 2280 3372 έν
2300 3309 2393 3422 ty*

386 3406 669 3484 παρόντι
697 3409 880 3473 ἔοικα
906 3416 1167 3474 παθεῖν.
1229 3406 1318 3474 Τὸ
1350 3420 1574 3490 ποῖον;
1619 3411 1764 3493 ἔφη.
1804 3403 2283 3492 Ἐπελαθόμην,
2307 3427 2395 3489 ην
