2602 3928
357 193 443 256 60
1090 198 1299 256 ΠΛΑ
1321 197 1658 256 ΤΩΝΟΣ

277 379 316 426 υ
353 379 489 424 ται·
533 352 691 423 οὐδὲ
723 354 851 440 γὰρ
876 352 1126 441 ἀληθῆ·
1175 364 1240 424 εἴ
1253 380 1331 440 γε
1356 359 1459 422 δεῖ
1480 351 1638 440 ἡμῖν
1670 351 1827 433 τούς
1861 358 2218 441 μέλλοντας
2240 357 2351 441 τὴι

356 452 555 521 πόλιν
599 452 919 537 φυλάξειν
956 462 1294 539 αἴσχιστον
1341 456 1628 538 νομίζειν
1667 450 1744 519 τὰ
1783 453 2027 541 ῥᾳδίως
2056 448 2363 538 ἀλλήλοις

354 546 861 634 ἀπεχθάνεσθαι
876 574 890 590 ·
936 553 1332 621 πολλοῦ-«δεῖ
1359 555 1863 637 γιγαντομαχίας
1883 573 1952 614 τε
1974 554 2363 633 μυθολογη-

354 649 510 716 τέον
532 644 755 726 αὐτοῖς
776 647 888 715 καὶ
916 645 1325 729 ποικιλτέον,
1349 647 1458 713 καὶ
1481 644 1682 723 ἄλλας
1714 649 1957 730 ἔχθρας
1977 642 2226 723 πολλὰς
2254 646 2363 712 καὶ

355 744 782 821 παντοδαπὰς
824 750 1011 813 θεῶν
1054 767 1124 810 τε
1162 745 1273 811 καὶ
1305 739 1547 828 ἡρώων
1577 739 1744 827 πρὸς
1777 755 2118 827 συγγενεῖς
2146 767 2218 809 τε
2252 744 2362 810 καὶ

354 846 637 921 οἰκείους
670 839 896 909 αὐτῶν
913 866 927 880 ·
973 837 1119 909 ἀλλ’
1145 850 1210 909 εί
1222 864 1361 918 πως
1383 843 1706 926 μέλλομεν
1727 847 2012 925 πείσειν,
2038 836 2124 919 ὥς
2145 838 2362 917 οὐδεὶς

351 937 614 1007 πώποτε
652 944 918 1024 πολίτης
949 940 1168 1024 ἕτερος
1204 939 1401 1027 ἑτέρῳ
1442 936 1777 1025 ἀπήχθετο
1821 935 1970 1007 οὐδ’
2008 943 2142 1008 ἔστι
2162 945 2357 1006 τοῦτο

281 1047 321 1096 D
361 1031 578 1116 ὅσιον,
616 1041 888 1109 τοιαῦτα
910 1042 1165 1120 μᾶλλον
1186 1034 1351 1119 πρὸς
1369 1033 1449 1103 τὰ
1471 1039 1697 1104 παιδία
1720 1032 1931 1116 εὐθυς
1959 1040 2068 1104 καὶ
2088 1039 2361 1123 γέρουσι

351 1136 461 1201 καὶ
485 1132 727 1217 γραυσὶ
749 1135 860 1200 καὶ
882 1137 1351 1221 πρεσβυτέροις
1371 1137 1817 1220 γιγνομένοις,
1854 1135 1965 1203 καὶ
1986 1160 2143 1213 τους
2165 1159 2358 1220 ποιη-

351 1231 468 1308 τὰς
490 1227 691 1316 ἐγγυς
717 1230 979 1299 τούτων
1001 1229 1455 1318 αναγκαστέον
1479 1242 1872 1319 λογοποιεῖν.
1921 1230 2131 1318 Ήρας
2152 1233 2224 1301 δὲ
2248 1235 2359 1300 δε·-

352 1347 563 1412 σμους
586 1321 716 1394 ὑπὸ
746 1330 923 1408 υίέος
960 1331 1070 1396 καὶ
1081 1324 1446 1415 Ἡφαίστου
1479 1332 1688 1416 ῥίψεις
1720 1326 1852 1397 ὑπὸ
1887 1330 2166 1416 πατρός,
2201 1333 2358 1416 μέλ-

352 1432 584 1502 λοντος
602 1431 686 1512 τῇ
718 1426 913 1511 μητρὶ
935 1423 1369 1514 τυπτομένῃ’
1331 1427 1643 1513 αμύνειν,
1686 1428 1798 1496 καὶ
1816 1434 2177 1547 θεομαχίας
2198 1424 2359 1505 οσας

335 1518 622 1643 Όμηρος
657 1530 1015 1611 πεποίηκεν
1050 1523 1134 1593 οὐ
1168 1526 1621 1612 παραδεκτέον
1662 1531 1753 1604 εἰς
1781 1523 1905 1611 τὴν
1937 1527 2165 1612 πόλιν,
2204 1520 2353 1593 οὔτ’

350 1621 424 1687 ἐν
459 1617 805 1702 ὑπονοίαις
837 1627 1277 1711 πεποιημένας
1321 1649 1475 1692 ουτε
1511 1621 1676 1691 ἄνευ
1723 1619 2081 1692 ὑπονοιῶν.
2154 1621 2189 1690 ὁ
2224 1647 2354 1707 γαρ

347 1720 496 1797 νέος
518 1716 640 1805 οὐχ
676 1712 816 1798 οἷός
835 1746 905 1788 τε
905 1718 1269 1840 Νκρίνειν
1225 1745 1263 1788 ο
1298 1726 1365 1790 τί
1381 1745 1452 1787 τε
1474 1716 1760 1788 ὑπόνοια
1791 1716 1962 1789 καὶ“
1923 1746 1959 1788 ο
1981 1720 2105 1807 μή,
2142 1715 2284 1786 αλλ’
2312 1713 2356 1784 α’

272 1827 312 1877 Ε
351 1841 438 1882 αν
459 1824 845 1902 τηλικοῦτος
879 1844 976 1884 ων
1009 1817 1182 1905 λάβῃ
1205 1821 1278 1884 ἐν
1299 1831 1440 1896 ταῖς
1463 1817 1704 1904 δόξαις,
1728 1816 2130 1886 δυσέκνιπτα
2154 1841 2224 1883 τε
2244 1816 2353 1883 καὶ

345 1911 755 2000 αμεταστατα
777 1922 961 2008 φιλεῖ
904 1922 1347 2016 γίγνεσθαι.
1385 1907 1482 1983 ὦν
1507 1914 1587 2003 δὴ
1611 1924 1771 1995 ἴσως
1794 1916 1989 1984 ἕνεκα
2010 1915 2161 2002 περὶ
2181 1936 2354 1982 παν-

344 2010 458 2090 τὰς
490 2014 832 2097 ποιητέον,
878 2039 919 2078 α
954 2020 1180 2098 πρῶτα
1209 2010 1695 2098 ἄκούουσιν,·ὃ’
1712 2038 1777 2080 τι
1803 2012 2119 2081 καλλιστα
2139 2036 2352 2097 μεμυ-

344 2109 769 2191 θολογημένα
787 2106 955 2192 πρὸς
976 2106 1220 2196 ἀρετὴν
1241 2106 1529 2178 ακούειν.

513 2207 723 2272 xv111.
753 2201 929 2291 Ἕχει
967 2205 1133 2293 γάρ,
1190 2211 1352 2294 ἔφη,
1396 2208 1621 2293 λόγον.
1695 2204 1837 2274 ἄλλ’
1888 2215 1955 2275 εἴ
1991 2232 2087 2285 τις
2125 2198 2211 2273 αὖ
2243 2206 2354 2273 καὶ

346 2307 556 2367 ταῦτα
580 2302 846 2390 ἐρωτςόη
868 2299 1039 2389 ἡμᾶς
1055 2353 1073 2387 ,
1105 2310 1313 2370 ταῦτα
1334 2300 1495 2373 ἅττα
1517 2305 1655 2372 ἐστὶ
1675 2306 1785 2372 καὶ
1819 2310 1995 2382 τίνες
2027 2306 2097 2371 οἱ
2116 2309 2351 2388 μῦθοι,

345 2403 526 2477 τίνας
561 2392 650 2466 ἂν
682 2412 957 2487 φαῖμεν;
998 2401 1111 2469 καὶ
1141 2401 1268 2487 ἐγώ
1293 2400 1483 2471 εἷπον
1496 2396 1579 2470 Ὦ,
1596 2399 1989 2487 Ἀδείμαντε,
2014 2398 2138 2468 οὐκ
2159 2403 2355 2485 ἐσμὲν

206 2510 311 2568 379
342 2499 602 2581 ποιηταὶ
637 2495 769 2584 ἐγώ
792 2521 863 2565 τε
884 2496 1104 2565 καὶσὺ
1129 2501 1201 2567 ἐν
1232 2508 1330 2589 τῷ
1364 2499 1679 2586 παρόντι,
1722 2496 1868 2567 ἀλλ’
1912 2500 2190 2567 οἰκισταὶ
2227 2495 2354 2565 πό-

343 2604 524 2674 λεως.
578 2600 893 2674 οἰκισταῖς
913 2598 985 2664 δὲ
1007 2597 1163 2678 τοὺς
1182 2600 1306 2685 μὲν
1327 2596 1579 2676 τύπους
1601 2597 1920 2685 προσήκει
1956 2598 2233 2682 εἰδέναι,
2280 2599 2353 2663 ἐν

343 2689 439 2772 οἷς
461 2698 566 2764 δεῖ
583 2702 991 2779 μυθολογεῖν
1012 2693 1172 2777 τοὺς
1209 2697 1516 2783 ποιητάς,
1561 2694 1724 2780 παρ’
1761 2693 1879 2776 οὓς
1912 2693 2033 2764 ἐὰν
2067 2701 2351 2763 ποιῶσιν

341 2790 466 2862 οὐκ
486 2795 925 2880 ἐπιτρεπτέον,
949 2792 1033 2864 οὐ
1053 2795 1187 2883 μὴν
1208 2795 1434 2876 αὐτοῖς
1453 2822 1529 2883 γε
1551 2800 1857 2883 ποιητέον
1880 2796 2163 2883 μύθους.
2202 2793 2352 2880 Ὀρ-

340 2898 516 2976 θοός,
560 2896 689 2978 ἔφη
706 2912 722 2927 “
768 2890 919 2961 ἀλλ’
948 2891 1111 2963 αὐτὸ
1137 2893 1218 2981 δὴ
1242 2901 1441 2962 τοῦτο
1457 2944 1477 2979 ,
1522 2898 1591 2963 οἱ
1606 2894 1806 2963 τύποι
1829 2895 1979 2981 περὶ
1997 2898 2349 2978 θεολογίας

337 2996 512 3069 τίνες
532 2987 618 3057 ἂν
642 2987 811 3073 elem
841 2997 1098 3061 Τοιοίδε
1120 2992 1254 3060 πού
1276 3017 1478 3077 τινες,
1501 2986 1589 3080 ἦν
1612 2992 1675 3061 δ’
1702 2991 1859 3079 ἐγώ·
1883 2986 2021 3072 οἶος
2040 2989 2350 3077 τυγχάνει

339 3086 374 3155 ὁ
400 3086 563 3168 θεὸς
590 3086 707 3175 ὤν,
733 3085 835 3157 ἀεὶ
855 3089 1073 3178 δήπου
1094 3087 1479 3178 ἀποδοτέον,
1503 3090 1623 3161 ἐάν
1636 3097 1709 3159 τέ
1722 3116 1821 3170 τις
1843 3085 2053 3157 αὐτὸν
2075 3090 2148 3156 ἐν
2167 3094 2352 3156 ἔπεσι

339 3194 497 3275 ποιῇ
520 3187 637 3253 ἐάν
658 3211 727 3253 τε
749 3190 821 3254 ἐν
840 3192 1194 3279 τραγῳδίᾳ.
1260 3197 1393 3256 Δεῖ
1404 3189 1555 3276 γάρ.
1620 3186 1897 3259 Οὐκοῦν
1932 3183 2192 3274 ἀγαθὸς
2214 3183 2255 3253 ὅ
2273 3211 2349 3270 γε

266 3298 306 3349 Β
342 3283 500 3362 θεὸς
521 3289 614 3372 τῷ
636 3281 781 3376 ὄντι
805 3310 873 3353 τε
908 3287 1021 3354 καὶ
1059 3290 1330 3356 λεκτέον
1366 3287 1609 3368 οὕτωςς
1658 3291 1755 3355 Τί
1779 3287 1947 3374 μήν;
1986 3283 2180 3354 Ἀλλά
2214 3285 2348 3370 μὴν

340 3378 541 3451 οὐδέν
573 3408 648 3469 γε
683 3391 817 3450 τῶν
852 3381 1136 3467 ἀγαθῶν
1156 3384 1509 3473 βλαβερόν.
1551 3376 1595 3471 ἦ
1634 3383 1800 3470 γάρς
1844 3383 1950 3453 Οὔ
1975 3409 2105 3469 μοι
2149 3386 2344 3449 δοκεῖ.
