2602 3928
897 248 1479 307 ΠΟΛΙΤΕΙΑΣ
1516 242 1597 307 θ’.
2114 251 2238 316 285

224 405 378 474 οὐδ’
398 396 501 475 ’ἄν
528 408 844 494 πάμπολυ
877 408 978 472 ἐπὶ
1011 405 1224 496 τούτῳ
1261 405 1646 493 λαμβάνειν,
1683 414 1743 476 εἰ
1774 409 1847 479 δὲ
1878 410 1951 479 τό
1996 415 2240 482 ἑαυτοῦ

117 596 122 602 0
224 505 577 573 θειότατον
599 502 731 573 ὑπὸ
767 512 862 594 τῷ
883 501 1243 594 ἀθεωτάτῳ
1270 529 1344 572 τε
1377 506 1488 572 καὶ
1520 508 1912 598 μιαρωτάτῳ
1949 514 2239 579 δουλοῦ-

223 628 332 669 ται
363 602 476 669 καὶ
505 604 714 688 μηδὲν
746 603 910 668 ἐλεεῖ
918 651 939 687 ,
987 597 1112 693 οὐκ
1149 601 1280 689 ἄρα
1318 599 1556 680 ἄθλιός
1588 606 1725 672 ἐστι
1764 608 1876 673 καὶ
1917 607 2088 675 πολὺ
2130 611 2236 677 ἐπὶ
2273 625 2375 680 590

224 701 576 788 δεινοτέρῳ
631 698 895 788 ὀλέθρῳ
938 698 1196 785 χρυσὸν
1249 703 1619 784 δωροδοκεῖ
1664 697 1708 786 ἦ
1764 699 2080 791 Ἐριφύλη
2138 709 2243 774 ἐπὶ

224 804 308 883 τῇ
331 803 455 862 τοῦ
477 794 724 881 ἀνδρὸς
754 804 934 883 ψυχῇ
963 795 1087 864 τὸν
1120 795 1334 883 ὅρμον
1369 799 1723 884 δεξαμένης
1767 801 1958 868 Πολῦ
1992 805 2237 888 μέντοι,

224 886 268 980 ἦ
307 891 368 961 δ’
409 891 482 972 ὂς
517 891 554 960 ὁ
593 893 951 961 Γλαύκων·
996 891 1125 979 ἐγὼ
1163 894 1291 979 γάρ
1327 912 1434 960 σοι
1465 892 1637 978 ὑπὲρ
1671 899 1929 963 ἐκείνου
1962 895 2242 984 ἀποκρι-

228 1021 491 1080 νουμαι.

391 1096 549 1159 xm.
597 1087 874 1159 Ούκοῦν
895 1094 1006 1158 καὶ
1038 1087 1113 1157 τὸ
1141 1087 1644 1158 ἀκολασταίνειν
1676 1099 1801 1158 οἴει
1837 1091 1943 1160 διὰ
1966 1102 2239 1164 τοιαῦτα

222 1187 430 1257 πάλαι
452 1192 796 1275 ψέγεσθαι,
821 1185 926 1257 ὅτι
946 1184 1197 1256 ἀνίεται
1236 1189 1311 1254 ἐν
1345 1195 1440 1276 τῷ
1467 1188 1746 1278 τοιούτῳ
1785 1187 1859 1256 τὰ
1902 1191 2129 1259 δεινὸν
2164 1191 2238 1261 τὰ

224 1287 391 1372 μέγα
408 1289 622 1354 ἐκεῖνο
645 1287 755 1354 καὶ
776 1284 1119 1364 πολυειδὲς
1140 1286 1408 1370 θρέμμα
1430 1286 1597 1369 πέρα
1619 1293 1746 1352 τοῦ
1767 1289 2068 1371 δέοντοςς
2088 1298 2240 1377 Δῆ-

227 1392 372 1469 λον,
396 1388 542 1471 ἔφη.
581 1382 671 1452 Ἡ
685 1380 751 1452 δ’
783 1382 1118 1452 αὐθάδεια
1140 1385 1251 1451 καὶ
1281 1385 1603 1450 δυσκολία
1625 1387 1890 1469 ψέγεται
1922 1380 2044 1472 ούχ
2077 1385 2242 1455 ὅταν

224 1480 300 1550 τὰ
342 1482 702 1560 λεοντῶδές
750 1508 823 1550 τε
862 1485 974 1550 καὶ
1018 1479 1311 1567 ὀφεῶδες
1351 1478 1623 1567 αὔξηται
1665 1483 1777 1549 καὶ
1818 1489 2232 1570 συντείνηται
2268 1506 2308 1555 Β

226 1577 694 1665 ἀναρμόστως;
738 1580 936 1648 Πάνυ
976 1581 1099 1666 μὲν
1143 1572 1288 1647 οὖν.
1351 1575 1592 1665 Τρυφὴ
1635 1581 1707 1645 δὲ
1749 1580 1860 1647 καὶ
1899 1588 2241 1665 μαλθακία

228 1675 357 1747 ούκ
389 1677 495 1744 ἐπὶ
522 1682 606 1764 τῇ
634 1673 845 1745 αὐτοῦ
876 1676 1123 1745 τούτου
1160 1675 1433 1761 χαλάσει
1464 1700 1536 1743 τε
1557 1677 1667 1742 καὶ
1699 1673 1920 1744 ἀνέσει
1952 1681 2237 1764 ψέγεται,
2284 1680 2288 1685 ’

229 1773 395 1842 ὅταν
416 1777 492 1842 ἐν
523 1771 708 1863 αὐτῷ
732 1779 980 1844 δειλίαν
1011 1777 1285 1861 ἐμποιῇ,
1332 1778 1420 1841 Τί
1443 1773 1612 1860 μήν;
1656 1779 1989 1843 Κολακεία
2025 1777 2098 1846 δὲ
2132 1779 2242 1844 καὶ

228 1872 666 1959 ἀνελευθερία
705 1872 827 1959 ούχ
860 1872 1025 1942 ὅταν
1056 1898 1158 1953 τις
1194 1871 1270 1941 τὰ
1311 1869 1472 1940 αὐτὸ
1497 1879 1717 1957 τοῦτο,
1755 1869 1830 1940 τὸ
1866 1878 2239 1959 θυμοειδές,

228 1970 360 2041 ὑπὸ
387 1980 484 2062 τῷ
502 1970 778 2058 ὀχλώδει
800 1979 1019 2062 θηρίῳ
1052 1979 1233 2060 ποιῇ,
1257 1973 1368 2040 καὶ
1388 1971 1584 2039 ἕνεκα
1604 1971 1959 2058 χρημάτων
1984 1974 2095 2040 καὶ
2126 1979 2243 2059 τῆς

229 2074 489 2140 ἐκείνου
507 2068 869 2157 ἀπληστίας
890 2068 1548 2156 προπηλακιζόμενον
1570 2071 1756 2157 ἐθίζῃ
1788 2071 1860 2138 ἐκ
1894 2073 2055 2138 νέου
2093 2066 2241 2137 ἀντὶ

232 2173 495 2247 λέοντος
533 2174 828 2253 πίθηκον
854 2173 1235 2253 γίγνεσθαις
1277 2170 1411 2235 Καὶ
1444 2167 1642 2253 μάλα,
1684 2173 1832 2253 ἔφη.
1890 2173 2234 2236 Βαναυσία
2278 2188 2316 2240 c

235 2265 304 2334 δὲ
321 2268 431 2333 καὶ
451 2272 849 2351 χειροτεχνία
873 2265 982 2333 διὰ
1006 2273 1091 2350 τί,
1127 2275 1271 2349 οἴει,
1310 2264 1568 2345 ὄνειδος
1604 2266 1825 2350 φέρει;
1868 2261 1913 2349 ἦ
1950 2263 2041 2332 δι’
2080 2263 2242 2333 ἄλλο

232 2390 290 2430 τι
313 2363 618 2450 φήσομεν
636 2358 682 2449 ἦ
704 2362 867 2431 ὅταν
888 2389 985 2441 τις
1000 2358 1281 2441 ἀσθενὲς
1305 2361 1506 2448 φύσει
1526 2368 1640 2449 ἔχῃ
1658 2360 1733 2429 τὸ
1757 2368 1880 2431 τοῦ
1900 2367 2243 2448 βελτίστου

231 2461 422 2548 εἶδος,
449 2460 618 2530 ὥστε
652 2461 743 2549 μὴ
778 2456 867 2529 ἀν
902 2462 1240 2530 δύνασθαι
1271 2460 1502 2548 ἄρχειν
1530 2468 1667 2529 τῶν
1701 2464 1777 2529 ἐν
1810 2458 1992 2549 αὑτῷ
2026 2470 2242 2547 θρεμ-

230 2559 479 2645 μάτων,
508 2556 676 2627 ἀλλὰ
709 2558 1115 2640 θεραπεύειν
1147 2560 1388 2643 ἐκεῖνα,
1421 2560 1532 2626 καὶ
1563 2555 1645 2625 τὰ
1671 2556 2081 2643 θωπεύματα
2117 2554 2242 2623 αύ-

231 2663 369 2723 τοῖν
412 2656 626 2742 μόνον
669 2656 946 2742 δύνηται
983 2654 1396 2743 μανθάνειν,
1428 2653 1712 2739 Ἔοικεν,
1752 2661 1899 2742 ἔφη.
1968 2651 2244 2723 Οὐκοῦν

229 2757 340 2821 ’ἶνα
373 2757 484 2821 καὶ
506 2751 543 2822 ὁ
574 2761 872 2833 τοιοῦτος
895 2752 1027 2821 ὑπὸ
1062 2751 1298 2840 ὁμοίου
1333 2753 1609 2841 ἄρχηται
1639 2757 1913 2840 οἵουπερ
1951 2750 1988 2821 ὁ
2026 2755 2246 2842 βέλτιὲ-

232 2868 404 2935 στος,
429 2855 678 2919 δοῦλον
708 2849 919 2920 αὐτόν
949 2878 1172 2938 φαμεν
1193 2856 1335 2920 δεῖν
1369 2850 1538 2920 εἶναι
1573 2853 1834 2920 ἐκείνου
1869 2859 1993 2918 τοῦ
2022 2858 2241 2940 βελτί-
2275 2876 2318 2925 D

234 2966 416 3034 στου,
441 2954 705 3035 ἔχοντος
725 2952 799 3018 ἐν
822 2949 1007 3039 αὐτῷ
1027 2947 1104 3018 τὰ
1136 2959 1330 3018 θεῖον
1362 2949 1593 3035 ἄρχον,
1628 2947 1754 3017 οὐκ
1788 2950 1894 3017 ἐπὶ
1925 2948 2143 3038 βλάβῃ
2165 2957 2248 3038 τῇ

234 3053 355 3113 τοῦ
378 3046 627 3114 δούλου
651 3047 943 3135 οἰόμενοι
967 3054 1107 3117 δεῖν
1129 3049 1452 3137 ἄρχεσθαι
1472 3041 1702 3134 αὐτόν,
1727 3047 1949 3134 ὥσπερ
1973 3050 2207 3135 Θρασύ

233 3168 437 3230 μαχος
469 3143 631 3233 ᾤετο
656 3143 814 3226 τοὺς
846 3144 1273 3235 ἀρχομένους,
1310 3145 1459 3217 ἀλλ’
1505 3144 1595 3225 ὥς
1625 3142 2020 3233 ἄμεινονόν
2049 3152 2246 3214 παντὶ

233 3238 366 3309 ὑπὸ
403 3247 600 3310 θείου
632 3245 745 3312 καὶ
779 3253 1116 3331 φρονίμου
1149 3243 1494 3330 ἄρχεσθαι,
1531 3244 1814 3330 μάλιστα
1845 3244 1968 3331 μὲν
2002 3249 2247 3312 οἰκεῖον

141 3369 147 3376 ·
235 3346 494 3427 ἔχοντος
516 3344 592 3409 ἐν
623 3338 824 3432 αὑτῷ,
850 3349 912 3411 εἰ
929 3345 1002 3411 δὲ
1018 3344 1132 3429 μή,
1169 3347 1421 3423 ἔξωθεν
1453 3345 1840 3428 ἐφεστῶτος,
1865 3345 1979 3410 ἵνα
2012 3347 2104 3420 είς
2125 3341 2249 3409 δύ-

238 3463 436 3524 ναμιν
469 3438 713 3520 πάντες
734 3438 954 3530 ὅμοιοι
990 3433 1169 3527 ὦμεν
1204 3444 1316 3509 καὶ
1343 3447 1524 3527 φίλοι
1557 3449 1654 3530 τῷ
1684 3438 1868 3530 αὐτῷ
1900 3438 2249 3526 κυβερνω-
