2602 3928
375 211 503 278 208
1118 214 1694 277 ΠΛΑΤΩΝΟΣ

378 379 642 465 ἐκείνην
685 373 806 462 τήν
848 373 1199 462 ἀνάβασιν,
1246 376 1356 441 καὶ
1414 371 1684 441 ἐπειδὰν
1736 369 2109 460 ἀναβάντες
2128 377 2395 453 ἱκανῶς

379 479 589 560 ἴδωσι,
611 470 702 563 μὴ
732 474 1103 559 ἐπιτρέπειν
1126 469 1352 549 αὐτοῖς
1377 467 1417 536 ὃ
1440 468 1570 537 νῦν
1592 472 2020 558 ἐπιτρέπεται.
2076 470 2166 539 Tc>
2203 485 2394 540 ποῖον

379 571 465 660 δή
478 599 496 652 ;
549 569 638 640 Τὸ
663 568 895 655 αὐτοῦ,
917 564 1003 657 ἤν
1027 566 1091 636 δ’
1119 569 1273 653 ἐγώ,
1296 572 1691 654 καταμένειν
1718 571 1833 637 καὶ
1868 574 1956 655 μή
1982 572 2241 638 ἐθέλειν
2266 569 2393 637 πά-

378 679 488 737 λιν
517 675 945 755 καταβαίνειν
979 665 1138 754 παρ’
1178 670 1473 745 ἐκείνους
1498 664 1655 744 τοὺς
1687 666 2026 753 δεσμώτας
2048 667 2212 754 μηδὲ
2242 693 2394 754 μετ-

379 773 550 855 έχειν
582 776 721 834 τοῖν
761 763 920 851 παρ’
960 768 1235 843 ἐκείνοις
1268 764 1499 831 πόνων
1535 791 1605 831 τε
1633 767 1744 832 καὶ
1774 771 2005 849 τιμῶν,
2042 776 2189 833 εἴτε·
2219 791 2396 850 φαυ-

377 864 644 951 λότεραι
665 873 794 932 εἴτε
816 862 1351 946 σπουδαιότεραι.
1382 861 1640 948 Ἕπειτ’,
1667 868 1816 949 ἔφη,
1843 861 2249 950 ἀδικήσομεν
2273 859 2397 930 αὐ-

375 961 553 1047 τούς,
614 964 725 1029 καὶ
781 960 1145 1047 ποιήσομεν
1201 975 1426 1048 χεῖρον
1482 966 1620 1047 ζῇν,
1685 960 1978 1029 δυνατὸν
2036 958 2260 1040 αὐτοῖς
2316 957 2395 1029 ὂν

381 1057 691 1145 ἅμεινονς

309 1191 352 1240 E
541 1163 612 1226 V.
652 1155 1048 1242 Ἐπελάθου,
1073 1150 1163 1242 ἦν
1182 1153 1247 1224 δ’
1274 1155 1426 1242 ἐγω,
1452 1156 1674 1242 πάλιν,
1708 1148 1762 1224 ὦ
1786 1162 1957 1242 φίλε,
1983 1155 2085 1224 ὅτι
2108 1156 2291 1244 νόμῳ
2316 1153 2396 1224 οὐ

378 1263 576 1324 τοῦτο
610 1259 809 1341 μέλει,
854 1254 1034 1333 ὅπως
1066 1256 1142 1322 ἓν
1170 1280 1232 1321 τι
1266 1255 1460 1339 γένος
1509 1256 1582 1320 ἐν
1615 1253 1806 1322 πόλει
1836 1253 2288 1341 διαφερόντως
2320 1243 2394 1321 εὖ
2431 1287 2434 1290 ’

378 1351 629 1438 πράξει,
645 1349 793 1419 ἀλλ’
820 1353 895 1420 ἐν
917 1349 1041 1440 ὅλῃ
1054 1359 1135 1439 τῇ
1157 1350 1348 1419 πόλει
1375 1359 1573 1418 τοῦτο
1596 1359 1966 1438 μηχανᾶται
1987 1354 2393 1438 ἐγγενέσθαι,

380 1450 849 1537 ξυναρμόττων
876 1448 1034 1530 τούς
1063 1456 1332 1530 πολίτας
1363 1460 1594 1518 πειθοῖ
1619 1477 1688 1517 τε
1721 1452 1837 1521 καὶ
1867 1448 2151 1538 ἀνάγκη,
2188 1457 2398 1517 ποιοῦν

378 1547 801 1634 μεταδιδόναι
848 1546 1156 1635 ἀλλήλοις
1196 1557 1311 1634 τῆς
1368 1546 1710 1633 ὠφελείας,
1760 1546 1845 1634 ἣν
1888 1544 1976 1615 ἂν
2020 1550 2284 1619 ἕκαστοι
2323 1547 2395 1616 τὸ

242 1665 347 1719 520
377 1643 612 1714 κοινὸν
639 1648 913 1715 δυνατοὶ
937 1640 1102 1715 ὦσιν
1137 1644 1447 1732 ω’φελεῖν,
1471 1648 1580 1714 καὶ
1615 1643 1816 1725 αὐτὸς
1849 1647 2143 1732 ἐμποιῶν
2174 1647 2399 1714 τοιού-

377 1769 532 1821 τους
553 1742 805 1829 ἄνδρας
827 1747 901 1813 ἐν
921 1753 1002 1830 τῇ
1023 1743 1232 1829 πόλει,
1248 1741 1371 1831 οὐχ
1391 1747 1502 1812 ἵνα
1520 1742 1687 1833 ἀφίῃ
1708 1746 2070 1828 τρέπεσθαι
2085 1742 2220 1832 ὅπῃ
2240 1746 2391 1817 ἕκα·

378 1864 529 1921 στος
559 1842 892 1929 βούλεται,
930 1839 1078 1909 ἀλλ’
1114 1846 1228 1910 ἵνα
1248 1849 1649 1929 καταχρῆται
1671 1840 1874 1922 αὐτὸς
1897 1843 2121 1921 αὐτοῖς
2144 1845 2247 1911 ἐπὶ
2278 1840 2398 1909 τὸν

378 1939 752 2026 ξύνδεσμον
789 1947 905 2026 τῆς
936 1940 1210 2019 πόλεως.
1256 1935 1530 2029 Ἀληθῆ,
1566 1946 1692 2028 ἔφη
1715 1967 1729 1981 ·
1784 1939 2212 2028 ἐπελαθόμην
2244 1939 2395 2027 γάρ.

378 2041 638 2119 Σκέψαι
659 2043 916 2122 τοίνυν,
952 2036 1162 2122 εἷπον,
1201 2031 1257 2105 ὦ
1287 2040 1638 2126 Γλαύκων,
1670 2036 1773 2107 ὅτι
1807 2037 1953 2108 οὐδ’
1996 2037 2401 2126 ἀδικήσομεν

380 2132 538 2213 τοὺς
580 2131 741 2218 παρ’
790 2131 950 2220 ἡμῖν
990 2135 1408 2222 φιλοσόφους
1447 2141 1905 2223 γιγνομένους,
1950 2133 2115 2205 άλλά
2175 2141 2396 2206 δίκαια

380 2231 549 2316 πρὸς
565 2229 817 2311 ,αὐτοὺς
838 2235 1143 2318 ἐροῦμεν,
1172 2234 1830 2319 προσαναγκάζοντες
1849 2242 1986 2302 τῶν
2008 2233 2233 2301 ἄλλων
2257 2236 2401 2302 ἐπι-

312 2345 353 2395 Β
377 2335 727 2415 μελεῖσθαί
755 2354 826 2400 τε
855 2332 968 2397 καὶ
1003 2330 1381 2414 φυλάττειν.
1427 2336 1713 2417 ἐροῦμεν
1744 2330 1894 2416 γάρ,
1936 2327 2039 2399 ὅτι
2072 2334 2142 2397 οἱ
2172 2330 2294 2416 μὲν
2329 2332 2401 2397 ἐν

376 2441 517 2505 ταῖς
539 2425 767 2507 ἄλλαις
788 2426 1017 2496 πόλεσι
1052 2436 1344 2502 τοιοῦτοι
1381 2429 1764 2515 γιγνόμενοι
1797 2428 2066 2508 εἰκότως
2098 2424 2183 2497 οὐ
2210 2430 2402 2515 μετέ-

375 2547 570 2612 χουσι
594 2533 731 2594 τῶν
764 2530 838 2594 ἐν
871 2521 1103 2605 αὐταῖς
1147 2525 1409 2594 πόνων·
1464 2527 1826 2613 αὐτόματοι
1865 2526 1995 2614 γὰρ
2033 2527 2404 2612 ἐμφύονται

377 2622 668 2709 ἀκούσης
690 2632 805 2709 τῆς
828 2627 900 2692 ἐν
923 2625 1163 2714 ἑκάστῃ
1186 2631 1536 2712 πολιτείας,
1575 2630 1769 2712 δίκην
1805 2623 1870 2692 δ’
1904 2629 2031 2711 ἔχει
2062 2623 2143 2693 τό
2171 2651 2247 2710 γε
2276 2620 2405 2696 αὐ-

375 2725 643 2810 τοφυές,
667 2724 903 2809 μηδενὶ
923 2721 1188 2810 τροφὴν
1205 2723 1501 2810 ὀφεῖλον,
1525 2723 1682 2811 μηδ’
1710 2728 1990 2796 ἐκτίνειν
2012 2732 2399 2814 τφιπροθυ-

376 2831 647 2907 μεῖσθαι
667 2818 748 2887 τὰ
779 2836 1087 2906 τροφεῖα·
1132 2821 1306 2908 ὑμᾶς
1339 2818 1403 2889 δ’
1439 2818 1623 2909 ἡμεῖς
1659 2820 1818 2907 ὑμῖν
1856 2846 1926 2889 τε
1959 2819 2183 2899 αὐτοῖς
2215 2828 2298 2908 τῇ
2331 2843 2404 2886 τε

377 2918 547 3006 ἄλλῃ
567 2919 756 2988 πόλει
779 2916 1002 3006 ὥσπερ
1020 2922 1095 2998 ἐν
1115 2921 1438 3007 σμήνεσιν
1471 2919 1804 3007 ἡγεμόνας
1837 2945 1923 2996 τε,
1948 2921 2073 3010 καὶΙ
2093 2922 2407 3010 βασιλέας

377 3015 848 3102 ἐγεννήσαμεν,
874 3015 1153 3103 ἄμεινόν
1175 3045 1246 3086 τε
1280 3021 1390 3087 καὶ
1423 3011 1821 3104 τελεώτερον
1854 3022 2129 3090 ἐκείνων
2159 3043 2406 3088 πεπαι-

306 3125 344 3175 G
377 3117 741 3199 δευμένους
781 3117 896 3183 καὶ
950 3124 1209 3202 μᾶλλον
1238 3114 1594 3195 δυνατοὺς
1634 3114 2032 3204 ἀμφοτέρων
2087 3120 2402 3203 μετέχειν.

375 3214 783 3298 καταβατέον
810 3206 936 3280 οὖν
958 3216 1032 3281 ἐν
1055 3215 1238 3300 μέρει
1259 3214 1514 3304 ἑκάστω
1539 3220 1630 3293 είς
1652 3214 1774 3301 τὴν
1806 3221 1942 3285 τῶν
1974 3213 2201 3283 ἄλλων
2235 3218 2406 3294 ξυν-

376 3316 637 3396 οίκησιν
658 3312 771 3379 καὶ
792 3316 1224 3392 ξυνεθιστέον
1244 3311 1326 3380 τοὶ
1350 3309 1655 3384 σκοτεινὰ
1675 3311 2062 3382 θεάσασθαι
2077 3318 2405 3393 ῃξυνεθτυ

376 3408 637 3496 ζόμενοι
654 3407 783 3497 γὰρ
811 3417 1029 3503 μυρίῳ
1054 3416 1316 3500 βέλτιον
1349 3412 1602 3497 ὄψεσθε
1631 3420 1767 3484 τῶν
1804 3415 1958 3499 ἐκεῖ,
1995 3413 2105 3480 καὶ
2142 3411 2406 3497 γνώσε-
