2602 3928
904 192 1480 250 ΠΟΛΙΤΕΙΑΣ
1510 186 1592 248 θ’.
2122 185 2248 250 279

231 351 324 422 ἔν
346 379 495 420 τινα
517 355 591 420 ἐκ
611 357 734 418 τοῦ
769 350 948 418 κάτω
971 349 1350 436 φερόμενον
1382 346 1547 436 πρὸς
1578 352 1783 434 μέσον
1816 348 1976 419 ἀλλο
2013 374 2075 416 τι
2111 358 2246 417 οἴε-

227 460 399 518 σθαι
439 448 482 536 ἦ
512 450 656 518 ἅνω
690 450 1050 535 φέρεσθαι,
1094 448 1205 516 καὶ
1246 449 1321 515 ἐν
1362 450 1537 537 μέσῳ
1573 445 1839 531 στάντα,
1887 444 2246 531 ἀφορῶντα

230 547 409 616 ὅθεν
443 546 809 633 ἐνήνεκται,
842 545 1092 613 ἄλλοθί
1130 568 1264 611 που
1296 538 1388 610 ἀν
1421 541 1732 630 ἡγεῖσθαι
1765 542 1933 611 εἶναι
1963 537 2009 629 ἦ
2039 545 2113 610 ἐν
2152 549 2248 632 τῷ

115 644 119 648 ’
228 644 401 730 ἅνω,
425 645 514 730 μὴ
539 641 875 731 ἑωρακότα
897 640 970 710 τὸ
1010 638 1282 728 ἀληθῶς
1312 640 1489 723 ἅνως
1509 641 1650 708 ’Μὰ
1683 639 1822 725 Δί’,
1861 637 1987 708 οὐκ
2020 645 2247 724 ἔγωγε,

122 828 129 831 -
230 747 386 829 ἔφη,
411 740 625 820 ἄλλως
648 739 827 826 οἶμαι
849 744 1164 826 οἰηθῆναι
1192 732 1281 804 ἀν
1316 735 1438 805 τὸν
1457 747 1779 806 τοιοῦτον.
1820 734 1990 811 Ἀλλ’
2024 742 2088 805 εἰ
2118 736 2247 804 πά-

230 847 344 908 λιν
386 837 479 925 γ’,
526 845 716 925 ἔφην,
764 840 1055 925 φέροιτο,
1091 835 1272 904 κάτω
1301 833 1359 903 τ’
1399 832 1488 903 ἀν
1525 844 1728 904 οἴοιτο
1768 840 2093 923 φέρεσθαι
2134 837 2244 903 καὶ
2272 854 2313 904 Ε

227 935 460 1023 ἀληθῆ
495 945 732 1015 οἶοιτος
771 943 930 1014 Πῶς
966 933 1094 1020 γὰρ
1140 934 1258 1016 οὕς
1295 931 1572 1003 Οὐκοῦν
1613 940 1822 1003 ταῦτα
1874 935 2115 1020 πάσχοι
2162 928 2250 999 ἀν

231 1034 455 1102 πάντα
476 1031 585 1101 διὰ
602 1030 678 1101 τὸ
703 1030 792 1120 μὴ
816 1037 1121 1120 ἔμπειρος
1142 1030 1312 1099 εἶναι
1342 1039 1466 1098 τοῦ
1498 1029 1838 1119 ἀληθινῶς
1873 1032 2012 1101 ἄνω
2032 1056 2103 1099 τε
2128 1029 2249 1097 ὅν-

233 1158 348 1211 τος
368 1134 484 1200 καὶ
505 1134 580 1199 ἐν
602 1133 781 1221 μέσῳ
803 1132 914 1199 καὶ
935 1131 1151 1211 κάτω;
1170 1135 1427 1217 ’Δῆλον
1449 1127 1549 1216 δή.
1596 1129 1970 1216 Θαυμάζοις
1988 1126 2078 1198 ἂν
2099 1121 2248 1213 οὖν,

231 1235 300 1297 εἰ
324 1234 394 1298 οί
424 1229 683 1315 ἄπειροι
715 1227 1031 1315 ἀληθείας
1063 1231 1215 1312 περὶ
1243 1234 1512 1296 πολλῶν
1543 1253 1615 1296 τε
1655 1229 1878 1297 ἄλλων
1910 1226 2000 1315 μὴ
2043 1225 2251 1314 ὑγιεῖς

236 1327 434 1406 δόξας
467 1331 710 1413 ἔχουσι,
748 1327 915 1411 πρός
946 1352 1018 1394 τε
1048 1323 1307 1417 ἡδονὴν
1333 1329 1446 1394 καὶ
1480 1326 1703 1413 λύπην
1745 1327 1857 1395 καὶ
1899 1322 1974 1393 τό
2008 1329 2248 1411 μεταξι

233 1425 496 1492 τούτων
520 1424 699 1493 οὕτω
721 1425 1107 1509 διάκεινται,
1131 1422 1322 1507 ῶστε,
1358 1421 1522 1491 ὅταν
1542 1424 1664 1510 μὲν
1701 1426 1806 1493 ἐπὶ
1838 1422 1914 1490 τὰ
1948 1421 2251 1510 λυπηρὸν

237 1525 596 1608 φέρωνται,
618 1519 842 1608 ἀληθῆ
861 1548 934 1590 τε
955 1531 1210 1591 οἴονται
1239 1525 1351 1588 καὶ
1371 1529 1468 1610 τῷ
1499 1520 1646 1590 ὄντι
1671 1529 2064 1606 λυποῦνται,
2087 1519 2253 1588 ὅταν
2283 1535 2389 1591 585

237 1619 314 1687 δὲ
329 1615 478 1687 ἀπὸ
515 1616 727 1705 λύπης
769 1620 874 1687 ἐπὶ
913 1617 989 1687 τὸ
1035 1619 1299 1705 μεταξύ,
1338 1619 1602 1704 σφόδρα
1636 1617 1758 1705 μὲν
1795 1627 2049 1686 οἴονται
2085 1615 2252 1704 πρὸς

238 1715 575 1802 πληρώσει
610 1741 683 1783 τε
727 1718 839 1784 καὶ
878 1712 1089 1803 ἡδονῇ
1132 1721 1507 1802 γίγνεσθαι,
1567 1713 1792 1801 ῶσπερ
1831 1712 1998 1802 πρὸς
2043 1716 2251 1800 μέλαν

236 1811 445 1898 φαιὰν
466 1810 1006 1892 ἀποσκοποῦντες
1026 1813 1290 1901 ἀπειρίᾳ
1315 1820 1584 1898 λευκοῦ,
1618 1815 1732 1881 καὶ
1770 1810 1937 1899 πρὸς
1971 1809 2046 1878 τὸ
2081 1808 2250 1878 ἀλυ-

232 1934 365 1980 πον
387 1909 564 1979 οὕτω
586 1911 811 1998 λύπην
845 1908 1231 1998 ἀφορῶντες
1261 1908 1528 2002 ἀπειρίᾳ
1559 1908 1804 1999 ἡδονῆς
1838 1907 2249 1990 ἀπατῶνταις

238 2007 360 2077 Mo}
383 2015 540 2093 Δία,
564 2001 609 2096 ἦ
631 2006 694 2077 δ’
725 2008 818 2093 ὅς,
844 2005 970 2077 οὐκ
991 2006 1544 2096 ἀν’θαυμάσαιμι,
1580 2007 1749 2079 ἀλλά
1773 2005 1948 2079 πολὺ
1968 2015 2248 2095 μᾶλλον,

242 2104 404 2193 εἰμὴ
432 2104 646 2186 οὕτως
679 2112 825 2193 ἔχει.
867 2097 1029 2175 Ὧδέ
1053 2103 1120 2191 γ’
1159 2100 1313 2192 οὖν,
1349 2106 1558 2193 εἷπον,
1594 2108 1810 2176 ἐννόει
1827 2133 1840 2147 ·
1885 2102 2031 2191 οὐχὶ
2059 2118 2253 2173 πεῖνα

236 2208 346 2272 καὶ
379 2208 539 2284 δίψα
574 2204 683 2271 καὶ
714 2203 794 2271 τά
827 2210 1099 2272 τοιαῦτα
1136 2204 1445 2284 κενώσεις
1475 2206 1652 2283 τινές
1688 2209 1812 2273 είσι
1844 2213 1960 2291 τῆς
1997 2205 2143 2287 περὶ
2174 2195 2249 2268 τὸ
2292 2216 2329 2267 Β

240 2309 429 2389 σῶμα
472 2304 695 2384 &get-133
746 2307 832 2371 Τί
867 2303 1035 2389 mim
1058 2299 1336 2387 ”Ayvowc
1371 2302 1443 2371 δὲ
1475 2306 1585 2370 καὶ
1620 2299 1975 2389 ἀφροσύνη
2008 2293 2123 2386 ἀρ’
2163 2294 2247 2365 ού

235 2401 511 2488 κενότης
532 2396 667 2469 ἐστὶ
686 2405 803 2487 τῆς
821 2402 973 2486 περὶ
1005 2398 1228 2485 ψυχὴν
1261 2393 1350 2467 αὖ
1387 2401 1611 2480 ἕξεωςς
1653 2399 1863 2467 Μάλα
1897 2424 1992 2483 γε.
2064 2395 2250 2466 Οὐκ-

236 2507 364 2568 οῦν
386 2497 692 2585 πληροῖτ’
721 2493 810 2566 ἀν
846 2495 887 2566 δ’
920 2523 991 2565 τε
1021 2506 1276 2585 τροφῆς
1308 2498 1835 2585 μεταλαμβάνων
1867 2497 1977 2565 καὶ
2009 2495 2046 2563 ὅ
2081 2502 2250 2563 νοῦν

238 2605 473 2682 ἴσχων,
512 2603 668 2675 Πῶς
701 2592 765 2663 δ’
808 2591 896 2663 οῦ
909 2625 929 2678 3
965 2595 1317 2682 Πλήρωσις
1352 2596 1424 2663 δὲ
1455 2592 1866 2682 ἀληθεστέρα
1894 2600 2019 2662 τοῦ
2050 2583 2252 2679 ἦττον

237 2690 281 2779 ἢ
301 2701 424 2761 τοῦ
450 2699 708 2780 μᾶλλον
727 2692 952 2773 ὅντος;
993 2700 1246 2779 Δῆλον,
1272 2692 1377 2760 ὅτι
1395 2700 1519 2760 τοῦ
1538 2700 1812 2779 μᾶλλον.
1837 2689 2099 2777 Πότερα
2122 2681 2251 2758 οὖν

237 2786 384 2876 ἡγεῖ
417 2789 499 2858 τὰ
542 2794 704 2877 γένη
746 2797 1006 2877 μᾶλλον
1038 2795 1347 2877 καθαροῖς
1379 2789 1609 2869 οὐσίας
1636 2794 1944 2877 μετέχειν,
1983 2787 2064 2856 τὰ
2108 2782 2252 2857 οἶον

241 2893 427 2954 σίτου
446 2913 518 2955 τε
539 2891 651 2956 καὶ
672 2894 883 2957 ποτοῦ
913 2889 1023 2956 καὶ
1056 2886 1234 2969 ὄψου
1268 2890 1379 2957 καὶ
1413 2888 1756 2975 ξυμπάσης
1789 2895 2061 2974 τροφῆς,
2095 2884 2140 2972 ἢ
2174 2883 2249 2953 τὸ

242 2985 435 3071 δόξης
453 3011 523 3054 τε
547 2982 849 3072 ἀληθοῦς
871 2985 1045 3067 εἶδος
1064 2989 1173 3056 καὶ
1196 2986 1552 3074 ἐπιστήμης
1572 2988 1683 3054 καὶ
1716 2992 1845 3053 νοῦ
1863 2987 1977 3054 καὶ
2008 2984 2251 3071 ξυλλή-
2294 2999 2331 3051 c

240 3087 409 3171 βδην
435 3074 524 3150 αὖ
544 3083 760 3172 πάσης
779 3080 1049 3171 ἀρετῆς;
1091 3077 1221 3152 ῶδε
1258 3085 1331 3153 δὲ
1361 3097 1576 3171 κρῖνε·
1618 3081 1692 3151 τὸ
1729 3090 1854 3152 τοῦ
1886 3080 1989 3152 ἀεὶ
2017 3080 2252 3169 ὁμοίου

239 3181 555 3267 ἐχόμενον
575 3183 687 3249 καὶ
709 3177 1063 3250 ἀθανάτου
1093 3183 1204 3250 καὶ
1238 3178 1577 3268 ἀληθείας,
1610 3182 1720 3249 καὶ
1757 3178 1921 3249 αύτό
1943 3186 2251 3247 τοιοῦτον

241 3274 322 3346 ὂν
340 3282 453 3347 καὶ
474 3281 548 3346 ἐν
568 3278 848 3368 τοιούτῳ
882 3278 1304 3365 γιγνόμενον,
1342 3286 1600 3366 μᾶλλον
1633 3277 1807 3347 εἷναί
1833 3296 1938 3345 σοι
1973 3280 2173 3361 δοκεῖ,
2206 3270 2251 3361 ἦ

241 3374 310 3444 τό
325 3378 650 3462 μηδέποτε
682 3373 920 3464 ὁμοίου
952 3377 1062 3445 καὶ
1086 3383 1369 3463 θνητοῦ,
1405 3376 1517 3444 καὶ
1550 3371 1713 3443 αὐτὰ
1751 3381 2012 3442 τοιοῦτο
2044 3375 2157 3442 καὶ
2178 3376 2251 3440 ἐν
