2602 3928
336 236 505 309 298,
1072 239 1646 300 ΠΛΑΤΩΝΟΣ

336 399 619 487 τασχοίν,
643 400 801 469 υἱὸν
820 396 1149 479 ἀπολέσας
1169 399 1212 485 ἥ
1233 425 1297 466 τι
1320 396 1481 467 ἀλλο
1509 390 1608 468 ὧν
1629 401 1780 485 περὶ
1811 384 2123 468 πλείστου
2143 414 2358 468 ποιεῖ-

327 524 460 584 -ται,
497 499 806 583 ἐλέγομέν
835 522 972 565 που
1003 498 1116 566 καὶ
1150 494 1299 565 τότε
1345 494 1449 567 ὅτι
1490 500 1700 588 ῥᾷστα
1732 506 1900 565 οἴσει
1932 504 2067 566 τῶν
2108 497 2355 567 ἄλλων.

333 594 532 663 Πάνυ
552 620 647 682 γε.
694 601 852 662 Νῦν
874 597 952 663 δέ
968 620 1044 680 γε
1064 595 1221 663 τόδε
1250 593 1763 681 ἐπισκεψώμεθα
1777 623 1791 636 ·
1842 595 2131 683 πότερον
2152 594 2358 663 οὐδὲν

333 691 704 779 ἀχθέσεται,
727 686 774 780 ἦ
793 698 992 760 τοῦτο
1013 693 1140 779 μὲν
1171 688 1531 778 ἀδύνατον,
1554 694 1887 779 μετριάσει
1921 693 1997 761 δέ
2025 715 2167 772 πως
2185 693 2356 780 πρὸς

195 805 306 862 604
333 790 593 876 λύπην,
640 787 839 858 Οὕτω
860 796 1140 876 μᾶλλον,
1165 794 1317 876 ἔφη,
1339 789 1419 857 τό
1437 815 1516 875 γε
1538 787 1802 876 ἀληθές.
1874 787 1965 859 T6
1990 793 2064 858 δὲ
2086 796 2221 857 νῦν
2239 815 2352 875 μοι

332 889 483 974 περὶ
503 884 719 956 αὐτοῦ
745 889 888 954 εἰπέ
899 914 913 928 ·
948 887 1238 973 πότερον
1259 895 1521 973 μᾶλλον
1541 882 1753 955 αὐτὸν
1772 897 1899 956 οἴει
1918 895 2001 976 τῇ
2022 887 2204 975 λύπῃ
2221 911 2355 974 μα·-

332 992 604 1072 χετσθαί
617 1010 688 1053 τε
709 986 821 1053 καὶ
845 983 1254 1070 ἀντιτείνειν,
1278 983 1445 1053 ὅταν
1467 983 1703 1071 ὁρᾶται
1733 983 1867 1052 ὑπὸ
1904 993 2042 1053 ταῖν
2076 981 2353 1071 ὁμοίων,

330 1083 377 1170 ἦ
398 1082 561 1152 ὅταν
581 1088 657 1152 έν
676 1087 913 1173 ἐρημίᾳ
933 1083 1140 1169 μόνος
1161 1080 1365 1162 αὐτὸς
1381 1080 1546 1152 καθ’
1573 1081 1783 1152 αὑτὸν
1800 1090 2137 1170 γίγνηται,
2159 1081 2355 1151 Πολύ

334 1206 489 1267 που,
526 1187 677 1269 ἔφη,
713 1185 965 1267 διοίσει,
1000 1178 1167 1251 ὅταν
1192 1182 1445 1268 ὁρᾶται.
1510 1185 1872 1261 Μονωθεὶς
1903 1186 1978 1249 δέ
2009 1208 2106 1268 γε,
2144 1179 2351 1267 οἶμαι,

332 1277 545 1348 πολλὰ
580 1281 703 1364 μὲν
745 1280 1060 1366 τολμήσει
1088 1283 1535 1368 φθέγξασθαι,
1575 1277 1619 1349 ἃ
1652 1290 1719 1349 εἰ
1740 1307 1840 1359 τις
1870 1278 2082 1348 αὐτοῦ
2115 1277 2356 1348 ἀκούοι

331 1374 698 1462 αἰσχύνοιτ’
743 1375 851 1463 ἄν,
887 1379 1098 1447 πολλὰ
1136 1383 1209 1446 δὲ
1242 1380 1523 1467 ποιήσει,
1562 1377 1605 1446 ἃ
1633 1376 1759 1447 οὐκ
1793 1373 1881 1446 ἀν
1914 1378 2171 1463 δέξαιτό
2201 1403 2354 1446 τινα

333 1479 499 1545 ἰδεῖν
521 1480 801 1562 δρωντα.
844 1474 1078 1557 Οὕτως
1097 1482 1248 1564 ἔχει,
1283 1482 1429 1564 ἔφη.
2329 1544 2333 1548 .

499 1579 598 1642 Vl.
649 1572 926 1643 Οὐκοῦν
936 1602 1010 1643 το
988 1574 1212 1662 μὲν’
1173 1571 1565 1644 ἀντιτείνειν
1577 1575 2136 1661 διακελευόμενον
2155 1574 2354 1660 λόγος

255 1690 295 1739 Β
331 1673 441 1740 καὶ
463 1672 667 1759 νόμος
692 1676 848 1761 ἐστί,
869 1671 946 1742 τὸ
970 1674 1043 1742 δὲ
1073 1676 1273 1742 ελκον
1294 1676 1431 1742 ἐπὶ’
1419 1671 1537 1754 τὰς
1556 1672 1769 1753 λύπας
1799 1669 1964 1741 αὐτὸ
1993 1670 2070 1741 τὸ
2096 1673 2352 1753 πάθος,

325 1769 594 1857 Ἀληθῆ.
633 1769 968 1851 Ἐναντίας
991 1768 1125 1840 δὲ’
1084 1781 1348 1858 αγωγῆς
1366 1776 1761 1859 γιγνομένης
1783 1776 1859 1841 ἐν
1890 1778 1983 1863 τῷ
2007 1768 2353 1860 ἀνθρωπω

331 1868 578 1956 περὶτὰ
604 1867 767 1938 αὐτὸ
790 1868 928 1957 ἅμα
948 1870 1074 1938 δύο
1092 1871 1316 1958 φαμὲν
1343 1869 1528 1960 αὐτῷ
1563 1868 1932 1956 ἀναγκαῖον
1963 1868 2150 1939 εἶναι.
2192 1875 2354 1948 Παῖς

333 1966 398 2036 δ’
423 1995 536 2047 ους
565 1966 838 2037 Οὐκοῦν
860 1966 936 2037 vd
962 1971 1084 2056 μὲν
1100 1973 1332 2055 ἕτερον
1354 1980 1451 2059 τῷ
1468 1969 1657 2062 νόμω
1683 1972 1948 2057 ἕτοιμον
1967 1977 2350 2053 πείθεσθαι,

331 2059 378 2155 ᾗ
406 2064 443 2135 6
465 2066 673 2152 νόμος
693 2072 1039 2155 ἐξηγεῖται,
1081 2077 1267 2151 Πως;
1311 2037 1507 2155 Λέγει
1539 2094 1672 2138 που
1709 2068 1745 2137 ὁ
1782 2067 2091 2157 νόμος,”
2048 2094 2154 2137 οτι
2185 2068 2352 2136 κάλ-

333 2163 621 2232 λιστον’“’
583 2192 619 2232 ο
643 2192 704 2231 τι
725 2165 1007 2250 μάλιστα
1027 2164 1311 2253 ἡσυχίαν
1330 2194 1523 2253 αγειν
1556 2170 1630 2234 ἐν
1664 2180 1805 2245 ταῖς
1839 2172 2208 2254 ξυμφοραῖς
2238 2168 2355 2235 καὶ

334 2261 423 2347 μὴ
448 2259 863 2349 ἀγανακτεῖν,
889 2262 978 2344 ὥς
1000 2261 1155 2332 οὔτε
1191 2264 1478 2351 δήλου”
1436 2291 1630 2344 οντος
1661 2274 1784 2334 τοῦ
1817 2262 2087 2351 ἀγαθοῦ
2125 2290 2198 2331 τε
2240 2267 2353 2332 καὶ

333 2367 549 2429 κακοῦ
571 2369 707 2430 ταῖν
724 2363 1066 2449 τοιούτων,
1088 2363 1241 2433 οὔτε
1263 2369 1359 2443 εἰς
1386 2363 1462 2431 τὸ
1500 2363 1805 2450 πρόσθεν
1837 2361 2041 2432 οὐδὲν
2070 2370 2354 2451 προβαῖ-

259 2470 296 2521 G
333 2484 459 2525 νον
478 2465 569 2547 τῷ
590 2467 887 2544 χαλεπῶς
910 2464 1205 2548 φέροντι,
1232 2461 1388 2529 οὔτε
1421 2487 1486 2529 τι
1518 2469 1655 2530 τῶν
1676 2458 2130 2547 ἀνθρωπίνων
2164 2460 2352 2543 ἄξιον

332 2583 416 2628 ον
437 2558 722 2645 μεγάλης
751 2557 1132 2647 σπουδῆς,“
1092 2587 1128 2627 ο
1150 2587 1222 2628 τε
1247 2565 1354 2629 δεῖ
1368 2563 1442 2629 ἐν
1462 2557 1687 2639 αὐτοῖς
1707 2586 1744 2628 ο
1770 2587 1834 2628 τι
1854 2561 2124 2647 τάχιστα
2142 2585 2348 2644 παρα-

329 2661 685 2742 γίγνεσθαι
702 2654 879 2743 ἡμῖν,
893 2658 1107 2748 τούτω
1123 2657 1432 2744 ἐμποδων
1453 2657 1852 2746 γυγνόμενον
1874 2660 1949 2727 τό
1973 2667 2349 2726 λυπεῖσθαι.

336 2759 503 2838 Τίνι,
531 2746 575 2839 ἦ
600 2752 660 2822 δ’
686 2752 783 2840 ὅς,
810 2759 1054 2841 λέγεις,
1105 2763 1215 2845 Τω
1235 2756 1708 2842 βουλεύεσθαι,
1732 2747 1820 2841 ἦν
1843 2753 1909 2823 δ’
1931 2754 2081 2840 ἐγώ,
2101 2753 2347 2839 περὶτὰ

329 2848 606 2937 γεγονὸς
624 2853 735 2919 καὶ
757 2849 979 2940 ωσπερ
1000 2855 1077 2922 έν
1097 2854 1346 2922 πταίσει
1376 2853 1610 2941 κύβων
1640 2856 1809 2939 πρός
1840 2879 1922 2921 τα
1955 2850 2347 2922 πεπτωκότα

328 2955 645 3017 τίθεσθαι
677 2948 755 3018 τὰ
783 2948 995 3019 αὑτοῦ
1017 2950 1392 3037 πράγματα,
1415 2949 1550 3039 ὅπῃ
1567 2947 1602 3018 6
1632 2953 1832 3036 λόγος
1870 2955 2046 3037 αἱρεῖ
2061 2947 2346 3036 βέλτιστ’

331 3043 419 3115 ἂν
448 3053 641 3134 ἔχειν,
667 3045 834 3116 ἀλλά
869 3046 957 3135 μὴ
983 3053 1558 3134 προσπταίσαντας
1591 3048 1904 3132 καθάπερ
1940 3051 2179 3126 παῖδας
2200 3048 2344 3133 έχο-

329 3147 573 3231 μένους
612 3152 735 3211 τοῦ
776 3149 1138 3232 πληγέντος
1173 3148 1247 3213 έν
1278 3152 1373 3237 τῷ
1404 3153 1576 3236 βοᾷυ
1618 3150 2001 3235 διατρίβειν,
2048 3141 2197 3212 ἀλλ’
2246 3141 2349 3212 ἀεὶ

254 3259 298 3310 D
336 3248 579 3325 ἐθίζειν
599 3242 724 3329 τὴν
741 3242 965 3331 ψυχὴν
986 3243 1027 3313 6'
1045 3270 1108 3311 τι
1126 3245 1396 3330 τάχιστα
1415 3251 1767 3331 γίγνεσθαι
1799 3242 1967 3328 πρὸς
2001 3241 2077 3310 τὰ
2115 3248 2351 3310 ἰᾶσθαί

331 3366 402 3407 τε
443 3341 555 3407 καὶ
596 3343 1029 3430 ἐπανορθοῦν
1070 3340 1147 3410 τὰ
1199 3342 1409 3412 πεσόν
1450 3368 1520 3411 τε
1561 3345 1671 3412 καὶ
1711 3348 2044 3430 νοσῆσαν,
2089 3347 2351 3428 ἰατρικῇ

329 3441 722 3526 θρηνῳδίαν
735 3438 1154 3527 ἀφανίζοντα.
1179 3437 1547 3530 Ὀρθότατα
1568 3449 1739 3531 γοῦν
1759 3439 1847 3510 ἀν
1863 3466 1981 3528 τις,
2007 3443 2158 3528 ἔφη,
2181 3436 2350 3525 πρὸς
